{"gold_per_floor":[114,39,49,49,69,104,104,137,137,137,153,153,168,187,187,263,263,276,288,300,17,17],"floor_reached":22,"playtime":1008,"items_purged":[],"score":366,"play_id":"104560ec-2e39-4082-a0f3-47475aab336d","local_time":"20190403150404","is_ascension_mode":true,"campfire_choices":[{"floor":7,"key":"REST"},{"floor":10,"key":"REST"},{"floor":15,"key":"REST"}],"neow_cost":"NONE","seed_source_timestamp":1199855709898203,"circlet_count":0,"master_deck":["AscendersBane","Strike_B","Strike_B","Strike_B","Defend_B","Defend_B","Defend_B","Zap","Dualcast","Defragment","Conserve Battery","Sweeping Beam","Static Discharge+1","Echo Form","Leap","Auto Shields","Defragment+1","Core Surge","BootSequence+1","Ball Lightning","Doom and Gloom"],"relics":["FrozenCore","Oddly Smooth Stone","Sundial","Kunai","Frozen Egg 2","Meat on the Bone"],"potions_floor_usage":[8,16,18,19],"damage_taken":[{"damage":4,"enemies":"2 Louse","floor":1,"turns":3},{"damage":6,"enemies":"Small Slimes","floor":3,"turns":4},{"damage":4,"enemies":"Jaw Worm","floor":5,"turns":3},{"damage":20,"enemies":"Lagavulin","floor":6,"turns":7},{"damage":22,"enemies":"Gremlin Nob","floor":8,"turns":4},{"damage":14,"enemies":"Exordium Wildlife","floor":11,"turns":4},{"damage":14,"enemies":"Large Slime","floor":13,"turns":4},{"damage":1,"enemies":"3 Louse","floor":14,"turns":5},{"damage":34,"enemies":"The Guardian","floor":16,"turns":11},{"damage":11,"enemies":"3 Byrds","floor":18,"turns":3},{"damage":15,"enemies":"Chosen","floor":19,"turns":8},{"damage":25,"enemies":"Snecko","floor":20,"turns":5},{"damage":5,"enemies":"Shelled Parasite and Fungi","floor":22,"turns":1}],"seed_played":"4537566456091829603","potions_obtained":[{"floor":5,"key":"GamblersBrew"},{"floor":6,"key":"FocusPotion"},{"floor":14,"key":"Ancient Potion"},{"floor":16,"key":"Explosive Potion"},{"floor":20,"key":"FearPotion"}],"is_trial":false,"path_per_floor":["M","?","M","?","M","E","R","E","T","R","M","?","M","M","R","B",null,"M","M","M","$","M"],"character_chosen":"DEFECT","items_purchased":["Meat on the Bone"],"campfire_rested":3,"item_purchase_floors":[21],"current_hp_per_floor":[60,60,54,47,43,23,44,22,22,43,29,29,15,14,35,1,54,43,28,3,3,0],"gold":17,"neow_bonus":"RANDOM_COMMON_RELIC","is_prod":false,"is_daily":false,"chose_seed":false,"campfire_upgraded":0,"win_rate":0,"timestamp":1554318244,"path_taken":["M","?","M","?","M","E","R","E","T","R","M","?","M","M","R","BOSS","M","M","M","$","M"],"build_version":"2019-01-23","purchased_purges":0,"victory":false,"max_hp_per_floor":[71,71,71,71,71,71,71,71,71,71,71,71,71,71,71,71,71,71,71,71,71,71],"card_choices":[{"not_picked":["Sweeping Beam","Rebound"],"picked":"Defragment","floor":1},{"not_picked":["Redo","Storm"],"picked":"Conserve Battery","floor":3},{"not_picked":["Double Energy","Go for the Eyes"],"picked":"Sweeping Beam","floor":5},{"not_picked":["Genetic Algorithm","Go for the Eyes"],"picked":"Static Discharge","floor":6},{"not_picked":["Cold Snap","Reprogram"],"picked":"Echo Form","floor":8},{"not_picked":["Compile Driver","Blizzard"],"picked":"Leap","floor":11},{"not_picked":["Melter","Storm+1"],"picked":"Auto Shields","floor":13},{"not_picked":["Fusion","Aggregate"],"picked":"Defragment+1","floor":14},{"not_picked":["Amplify","Echo Form+1"],"picked":"Core Surge","floor":16},{"not_picked":["Rip and Tear","Beam Cell"],"picked":"BootSequence+1","floor":18},{"not_picked":["Hello World+1","Barrage"],"picked":"Ball Lightning","floor":19},{"not_picked":["Barrage","Compile Driver"],"picked":"Doom and Gloom","floor":20}],"player_experience":501776,"relics_obtained":[{"floor":6,"key":"Sundial"},{"floor":8,"key":"Kunai"},{"floor":9,"key":"Frozen Egg 2"}],"event_choices":[{"cards_removed":["Strike_B"],"damage_healed":0,"gold_gain":0,"player_choice":"Card Removal","damage_taken":0,"max_hp_gain":0,"max_hp_loss":0,"event_name":"The Cleric","floor":2,"gold_loss":75},{"cards_removed":["Defend_B"],"damage_healed":0,"gold_gain":0,"player_choice":"Card Removal","damage_taken":7,"max_hp_gain":0,"max_hp_loss":0,"event_name":"Golden Wing","floor":4,"gold_loss":0},{"damage_healed":0,"gold_gain":0,"player_choice":"Grow","damage_taken":0,"max_hp_gain":0,"max_hp_loss":0,"event_name":"Living Wall","floor":12,"gold_loss":0,"cards_upgraded":["Static Discharge"]}],"is_beta":false,"boss_relics":[{"not_picked":["Black Star","Lizard Tail"],"picked":"FrozenCore"}],"items_purged_floors":[],"is_endless":false,"potions_floor_spawned":[5,6,14,16,20],"killed_by":"Shelled Parasite and Fungi","ascension_level":17}