{"gold_per_floor":[113,17,17,17,42,42,86,86,86,86,119,119,134,159,159,159],"floor_reached":16,"playtime":1748,"items_purged":[],"score":216,"play_id":"62bbda6b-e5cf-4281-ac2c-faa9e8499c02","local_time":"20190627201053","is_ascension_mode":true,"campfire_choices":[{"data":"Armaments","floor":6,"key":"SMITH"},{"floor":10,"key":"REST"},{"data":"Disarm","floor":12,"key":"SMITH"},{"floor":15,"key":"REST"}],"neow_cost":"NONE","seed_source_timestamp":520046522665949,"circlet_count":0,"master_deck":["AscendersBane","Strike_R","Strike_R","Strike_R","Strike_R","Strike_R","Defend_R","Defend_R","Defend_R","Defend_R","Bash","Perfected Strike","Rampage+1","Armaments+1","Iron Wave","Double Tap","Perfected Strike","Disarm+1"],"relics":["Burning Blood","Dream Catcher","Darkstone Periapt","Golden Idol","Bag of Preparation","Question Card","Letter Opener"],"potions_floor_usage":[7,11,16],"damage_taken":[{"damage":2,"enemies":"Cultist","floor":1,"turns":4},{"damage":7,"enemies":"Jaw Worm","floor":5,"turns":4},{"damage":28,"enemies":"3 Sentries","floor":7,"turns":10},{"damage":27,"enemies":"Lagavulin","floor":11,"turns":5},{"damage":2,"enemies":"Small Slimes","floor":13,"turns":3},{"damage":18,"enemies":"Exordium Thugs","floor":14,"turns":4},{"damage":59,"enemies":"The Guardian","floor":16,"turns":13}],"seed_played":"6347847107611979128","potions_obtained":[{"floor":1,"key":"Dexterity Potion"},{"floor":7,"key":"FearPotion"},{"floor":14,"key":"SpeedPotion"}],"is_trial":false,"path_per_floor":["M","$","T","?","M","R","E","?","T","R","E","R","M","M","R","B"],"character_chosen":"IRONCLAD","items_purchased":["Rampage","Armaments"],"campfire_rested":2,"item_purchase_floors":[2,2],"current_hp_per_floor":[72,72,72,46,45,45,23,23,23,45,24,24,28,16,38,0],"gold":159,"neow_bonus":"RANDOM_COMMON_RELIC","is_prod":false,"is_daily":false,"chose_seed":false,"campfire_upgraded":2,"win_rate":0,"timestamp":1561680653,"path_taken":["M","$","?","?","M","R","E","?","T","R","E","R","M","M","R","BOSS"],"build_version":"2019-01-23","purchased_purges":0,"victory":false,"max_hp_per_floor":[75,75,75,75,75,75,75,75,75,75,75,75,75,75,75,75],"card_choices":[{"not_picked":["Infernal Blade","Cleave"],"picked":"Perfected Strike","floor":1},{"not_picked":["Rampage","Wild Strike"],"picked":"Iron Wave","floor":5},{"not_picked":["Havoc","Ghostly Armor"],"picked":"Double Tap","floor":7},{"not_picked":["Iron Wave","Warcry","Flex"],"picked":"Perfected Strike","floor":10},{"not_picked":["Warcry","Feel No Pain","Power Through"],"picked":"Disarm","floor":11},{"not_picked":["Flex","Anger","Evolve","Wild Strike"],"picked":"SKIP","floor":13},{"not_picked":["Dropkick","Havoc","Wild Strike","Flex"],"picked":"SKIP","floor":14}],"player_experience":978832,"relics_obtained":[{"floor":3,"key":"Darkstone Periapt"},{"floor":7,"key":"Bag of Preparation"},{"floor":9,"key":"Question Card"},{"floor":11,"key":"Letter Opener"}],"event_choices":[{"damage_healed":0,"gold_gain":0,"player_choice":"Take Damage","damage_taken":26,"relics_obtained":["Golden Idol"],"max_hp_gain":0,"max_hp_loss":0,"event_name":"Golden Idol","floor":4,"gold_loss":0},{"damage_healed":0,"gold_gain":0,"player_choice":"Upgraded","damage_taken":0,"max_hp_gain":0,"max_hp_loss":0,"event_name":"Upgrade Shrine","floor":8,"gold_loss":0,"cards_upgraded":["Rampage"]}],"is_beta":false,"boss_relics":[],"items_purged_floors":[],"is_endless":false,"potions_floor_spawned":[1,7,14],"killed_by":"The Guardian","ascension_level":20}