{"gold_per_floor":[111,111,125,125,125,159,177,203,274,287,287,305,283,283,283,283],"floor_reached":16,"playtime":459,"items_purged":[],"score":260,"play_id":"533fba9d-772d-42c2-87a3-a91086d14f4c","local_time":"20190523080942","is_ascension_mode":true,"campfire_choices":[{"floor":11.0,"key":"REST"},{"data":"Flechettes","floor":15.0,"key":"SMITH"}],"neow_cost":"NONE","seed_source_timestamp":0,"circlet_count":0,"master_deck":["AscendersBane","Defend_G","Defend_G","Defend_G","Defend_G","Defend_G","Strike_G","Strike_G","Strike_G","Strike_G","Survivor","Neutralize","Cloak And Dagger","Deflect","Flechettes+1","Leg Sweep","Predator","Blur"],"special_seed":0,"relics":["Ring of the Snake","NeowsBlessing","Bird Faced Urn","Orichalcum","Omamori","Bottled Flame"],"potions_floor_usage":[],"damage_taken":[{"damage":0.0,"enemies":"Jaw Worm","floor":1.0,"turns":1.0},{"damage":0.0,"enemies":"2 Louse","floor":3.0,"turns":1.0},{"damage":0.0,"enemies":"Lagavulin","floor":6.0,"turns":1.0},{"damage":0.0,"enemies":"Small Slimes","floor":7.0,"turns":3.0},{"damage":23.0,"enemies":"3 Sentries","floor":8.0,"turns":18.0},{"damage":0.0,"enemies":"3 Louse","floor":10.0,"turns":3.0},{"damage":1.0,"enemies":"Red Slaver","floor":12.0,"turns":3.0},{"damage":9.0,"enemies":"Exordium Thugs","floor":13.0,"turns":4.0},{"damage":0,"enemies":"Hexaghost","floor":16,"turns":1}],"seed_played":"7396574011608853537","potions_obtained":[{"floor":6.0,"key":"GhostInAJar"},{"floor":8.0,"key":"Swift Potion"}],"is_trial":false,"path_per_floor":["M","?","M","?","?","E","M","E","T","M","R","M","M","?","R","B"],"character_chosen":"THE_SILENT","items_purchased":[],"campfire_rested":1,"item_purchase_floors":[],"current_hp_per_floor":[59,41,41,34,34,34,34,11,11,11,30,29,20,25,25,25],"gold":283,"neow_bonus":"THREE_ENEMY_KILL","is_prod":false,"is_daily":false,"chose_seed":false,"campfire_upgraded":1,"win_rate":0,"timestamp":1558613382,"path_taken":["M","?","M","?","?","E","?","E","T","M","R","M","M","?","R","BOSS"],"build_version":"2019-01-23","purchased_purges":0,"victory":false,"max_hp_per_floor":[66,66,66,66,66,66,66,66,66,66,66,66,66,71,71,71],"card_choices":[{"not_picked":["Setup","Prepared"],"picked":"Cloak And Dagger","floor":1.0},{"not_picked":["Underhanded Strike","Cloak And Dagger"],"picked":"Deflect","floor":3.0},{"not_picked":["Slice","Noxious Fumes"],"picked":"Flechettes","floor":6.0},{"not_picked":["Bouncing Flask","Sucker Punch"],"picked":"Leg Sweep","floor":7.0},{"not_picked":["Concentrate","Endless Agony"],"picked":"Predator","floor":8.0},{"not_picked":["Expertise","Masterful Stab"],"picked":"Blur","floor":10.0},{"not_picked":["PiercingWail","Endless Agony","Choke"],"picked":"SKIP","floor":12.0},{"not_picked":["Deflect","Reflex","Sucker Punch"],"picked":"SKIP","floor":13.0}],"player_experience":747706,"relics_obtained":[{"floor":6.0,"key":"Orichalcum"},{"floor":8.0,"key":"Omamori"},{"floor":9.0,"key":"Bottled Flame"}],"event_choices":[{"damage_healed":0.0,"max_hp_gain":0.0,"max_hp_loss":0.0,"gold_gain":0.0,"event_name":"Scrap Ooze","player_choice":"Success","floor":2.0,"gold_loss":0.0,"damage_taken":18.0,"relics_obtained":["Bird Faced Urn"]},{"cards_removed":["Strike_G"],"damage_healed":0.0,"max_hp_gain":0.0,"max_hp_loss":0.0,"gold_gain":0.0,"event_name":"Golden Wing","player_choice":"Card Removal","floor":4.0,"gold_loss":0.0,"damage_taken":7.0},{"damage_healed":0.0,"max_hp_gain":0.0,"max_hp_loss":0.0,"gold_gain":0.0,"event_name":"Liars Game","player_choice":"Ignored","floor":5.0,"gold_loss":0.0,"damage_taken":0.0},{"damage_healed":0.0,"max_hp_gain":5.0,"max_hp_loss":0.0,"gold_gain":0.0,"event_name":"Big Fish","player_choice":"Donut","floor":14.0,"gold_loss":0.0,"damage_taken":0.0}],"is_beta":false,"boss_relics":[],"items_purged_floors":[],"is_endless":false,"potions_floor_spawned":[6,8,13],"killed_by":"Hexaghost","ascension_level":18}