{"gold_per_floor":[214,233,233,233,120,120,145,220,220,232,232,261,271,282,282,386,386,405,405,71,88,107,107,141,141,141,87,119,119,119,133,133,133],"floor_reached":33,"playtime":2162,"items_purged":["Strike_R"],"score":410,"play_id":"52007f20-d90f-44db-af25-21cb852eb983","local_time":"20190218153941","is_ascension_mode":true,"campfire_choices":[{"data":"Metallicize","floor":6,"key":"SMITH"},{"data":"Heavy Blade","floor":11,"key":"SMITH"},{"floor":15,"key":"REST"},{"floor":23,"key":"REST"},{"floor":25,"key":"REST"},{"floor":29,"key":"REST"},{"floor":32,"key":"REST"}],"neow_cost":"NONE","seed_source_timestamp":244694515278360,"circlet_count":0,"master_deck":["Strike_R","Strike_R","Strike_R","Strike_R","Defend_R","Defend_R","Defend_R","Defend_R","Bash+1","Cleave+1","Thunderclap","Metallicize+1","Inflame","Heavy Blade+1","True Grit","Immolate","Whirlwind+1","J.A.X.","Rupture","Shrug It Off","Shrug It Off+1","Armaments","Uppercut+1","Inflame"],"relics":["Burning Blood","Ancient Tea Set","Ornamental Fan","Whetstone","Singing Bowl","Sozu","Bottled Tornado","Darkstone Periapt","WingedGreaves","Champion Belt"],"potions_floor_usage":[12,12,16,16],"damage_taken":[{"damage":7,"enemies":"2 Louse","floor":1,"turns":3},{"damage":7,"enemies":"Small Slimes","floor":2,"turns":3},{"damage":24,"enemies":"Gremlin Nob","floor":7,"turns":4},{"damage":9,"enemies":"Jaw Worm","floor":10,"turns":4},{"damage":10,"enemies":"3 Sentries","floor":12,"turns":5},{"damage":0,"enemies":"Large Slime","floor":13,"turns":4},{"damage":17,"enemies":"Blue Slaver","floor":14,"turns":3},{"damage":3,"enemies":"Slime Boss","floor":16,"turns":6},{"damage":2,"enemies":"Chosen","floor":18,"turns":4},{"damage":28,"enemies":"2 Thieves","floor":21,"turns":3},{"damage":23,"enemies":"Chosen and Byrds","floor":22,"turns":4},{"damage":47,"enemies":"Book of Stabbing","floor":24,"turns":5},{"damage":33,"enemies":"Gremlin Leader","floor":28,"turns":6},{"damage":35,"enemies":"Centurion and Healer","floor":31,"turns":5},{"damage":64,"enemies":"Automaton","floor":33,"turns":6}],"seed_played":"1401280351811379649","potions_obtained":[{"floor":7,"key":"SteroidPotion"},{"floor":10,"key":"Strength Potion"},{"floor":12,"key":"GamblersBrew"},{"floor":14,"key":"Strength Potion"}],"is_trial":false,"path_per_floor":["M","M","?","?","$","R","E","?","T","M","R","E","M","M","R","B",null,"M","?","$","M","M","R","E","R","T","$","E","R","?","M","R","B"],"character_chosen":"IRONCLAD","items_purchased":["Metallicize","Rupture","Bottled Tornado","Shrug It Off","Armaments"],"campfire_rested":5,"item_purchase_floors":[5,20,20,20,27],"current_hp_per_floor":[71,70,70,70,70,70,52,41,41,38,38,36,44,33,58,61,78,82,82,82,62,45,70,31,57,57,57,30,56,56,29,56,0],"gold":133,"neow_bonus":"HUNDRED_GOLD","is_prod":false,"is_daily":false,"chose_seed":false,"campfire_upgraded":2,"win_rate":0,"timestamp":1550522381,"path_taken":["M","M","?","?","$","R","E","?","T","M","R","E","?","M","R","BOSS","M","?","$","M","M","R","E","R","T","$","E","R","?","?","R","BOSS"],"build_version":"2019-01-23","purchased_purges":1,"victory":false,"max_hp_per_floor":[80,80,80,80,80,80,80,80,80,80,80,82,84,84,84,84,84,84,84,84,86,86,86,88,88,88,88,88,88,88,90,90,90],"card_choices":[{"not_picked":["Iron Wave","Clash"],"picked":"Cleave","floor":1},{"not_picked":["Dropkick","Warcry"],"picked":"Thunderclap","floor":2},{"not_picked":["Wild Strike","Limit Break"],"picked":"Inflame","floor":7},{"not_picked":["Flame Barrier","Shockwave"],"picked":"Heavy Blade","floor":10},{"not_picked":["Berserk","Blood for Blood","Infernal Blade"],"picked":"Singing Bowl","floor":12},{"not_picked":["Rupture","Headbutt","Sever Soul"],"picked":"Singing Bowl","floor":13},{"not_picked":["Bloodletting","Pummel"],"picked":"True Grit","floor":14},{"not_picked":["Barricade","Fiend Fire"],"picked":"Immolate","floor":16},{"not_picked":["Seeing Red","Pommel Strike+1"],"picked":"Whirlwind+1","floor":18},{"not_picked":["Perfected Strike","Flex","Infernal Blade"],"picked":"Singing Bowl","floor":21},{"not_picked":["Havoc","Warcry"],"picked":"Shrug It Off+1","floor":22},{"not_picked":["Flex","Fiend Fire","Cleave"],"picked":"Singing Bowl","floor":24},{"not_picked":["True Grit","Body Slam+1"],"picked":"Uppercut+1","floor":28},{"not_picked":["Burning Pact","Searing Blow","Cleave+1"],"picked":"Singing Bowl","floor":31}],"player_experience":274181,"relics_obtained":[{"floor":7,"key":"Ornamental Fan"},{"floor":9,"key":"Whetstone"},{"floor":12,"key":"Singing Bowl"},{"floor":24,"key":"Darkstone Periapt"},{"floor":26,"key":"WingedGreaves"},{"floor":28,"key":"Champion Belt"}],"event_choices":[{"damage_healed":0,"gold_gain":0,"player_choice":"Box","damage_taken":0,"relics_obtained":["Ancient Tea Set"],"max_hp_gain":0,"max_hp_loss":0,"event_name":"Big Fish","floor":3,"gold_loss":0,"cards_obtained":["Regret"]},{"cards_removed":["Regret"],"damage_healed":0,"gold_gain":0,"player_choice":"Forget","damage_taken":0,"max_hp_gain":0,"max_hp_loss":0,"event_name":"Living Wall","floor":4,"gold_loss":0},{"damage_healed":0,"gold_gain":75,"player_choice":"Gather Gold","damage_taken":11,"max_hp_gain":0,"max_hp_loss":0,"event_name":"World of Goop","floor":8,"gold_loss":0},{"damage_healed":0,"gold_gain":0,"player_choice":"Obtain J.A.X.","damage_taken":0,"max_hp_gain":0,"max_hp_loss":0,"event_name":"Drug Dealer","floor":19,"gold_loss":0,"cards_obtained":["J.A.X."]},{"damage_healed":0,"gold_gain":0,"player_choice":"1 cards matched","damage_taken":0,"max_hp_gain":0,"max_hp_loss":0,"event_name":"Match and Keep!","floor":30,"gold_loss":0,"cards_obtained":["Inflame"]}],"is_beta":false,"boss_relics":[{"not_picked":["Pandora\u0027s Box","Calling Bell"],"picked":"Sozu"}],"items_purged_floors":[5],"is_endless":false,"potions_floor_spawned":[7,10,12,14,18,21,31],"killed_by":"Automaton","ascension_level":8}