{"gold_per_floor":[115,135,135,135,145,145,178,178,178,178,178,259,293,306,306,402,402,402,402,402,402,402,402],"floor_reached":23,"playtime":828,"items_purged":[],"score":398,"play_id":"7dce7cc9-f3a9-44e2-a9fa-042d7e743cb0","local_time":"20190627194114","is_ascension_mode":true,"campfire_choices":[{"data":"Bash","floor":6,"key":"SMITH"},{"data":"True Grit","floor":8,"key":"SMITH"},{"data":"Armaments","floor":15,"key":"SMITH"}],"neow_cost":"NONE","seed_source_timestamp":519185567290718,"circlet_count":0,"master_deck":["AscendersBane","Strike_R+1","Strike_R+1","Defend_R","Defend_R","Defend_R","Defend_R","Bash+1","Perfected Strike+1","Perfected Strike+1","Pommel Strike","Iron Wave","True Grit+1","Armaments+1","Immolate","Thunderclap"],"relics":["Burning Blood","Matryoshka","Boot","Mercury Hourglass","Golden Idol","Tiny Chest","Bag of Marbles","Whetstone","Ectoplasm"],"potions_floor_usage":[13,13,22,23],"damage_taken":[{"damage":7,"enemies":"Cultist","floor":1,"turns":4},{"damage":3,"enemies":"Small Slimes","floor":2,"turns":3},{"damage":10,"enemies":"2 Louse","floor":5,"turns":2},{"damage":20,"enemies":"Lagavulin","floor":7,"turns":3},{"damage":20,"enemies":"3 Sentries","floor":13,"turns":6},{"damage":0,"enemies":"2 Fungi Beasts","floor":14,"turns":2},{"damage":38,"enemies":"Hexaghost","floor":16,"turns":9},{"damage":16,"enemies":"Shell Parasite","floor":18,"turns":3},{"damage":2,"enemies":"Spheric Guardian","floor":20,"turns":4},{"damage":7,"enemies":"Snake Plant","floor":22,"turns":2},{"damage":58,"enemies":"Book of Stabbing","floor":23,"turns":5}],"seed_played":"-7704781071287446887","potions_obtained":[{"floor":1,"key":"Regen Potion"},{"floor":2,"key":"Regen Potion"},{"floor":16,"key":"Fruit Juice"},{"floor":20,"key":"Block Potion"}],"is_trial":false,"path_per_floor":["M","M","$","?","M","R","E","R","T","?","?","T","E","M","R","B",null,"M","?","M","$","M","E"],"character_chosen":"IRONCLAD","items_purchased":[],"campfire_rested":0,"item_purchase_floors":[],"current_hp_per_floor":[67,70,70,47,43,43,29,29,29,22,22,22,48,54,54,22,57,47,47,51,51,50,0],"gold":402,"neow_bonus":"TRANSFORM_CARD","is_prod":false,"is_daily":false,"chose_seed":false,"campfire_upgraded":3,"win_rate":0,"timestamp":1561678874,"path_taken":["M","M","$","?","M","R","E","R","T","?","?","?","E","M","R","BOSS","M","?","M","$","M","E"],"build_version":"2019-01-23","purchased_purges":0,"victory":false,"max_hp_per_floor":[75,75,75,75,75,75,75,75,75,75,68,68,68,68,68,68,68,68,68,68,68,68,73],"card_choices":[{"not_picked":["Rupture","Iron Wave"],"picked":"Perfected Strike","floor":1},{"not_picked":["Heavy Blade","Anger"],"picked":"Pommel Strike","floor":2},{"not_picked":["Ghostly Armor","Pommel Strike"],"picked":"Iron Wave","floor":5},{"not_picked":["Seeing Red","Sword Boomerang"],"picked":"True Grit","floor":7},{"not_picked":["Combust","Second Wind","Body Slam"],"picked":"SKIP","floor":13},{"not_picked":["Perfected Strike","Entrench"],"picked":"Armaments","floor":14},{"not_picked":["Juggernaut","Berserk"],"picked":"Immolate","floor":16},{"not_picked":["Dropkick+1","Sword Boomerang","Body Slam"],"picked":"SKIP","floor":18},{"not_picked":["Clash","Dual Wield","Intimidate"],"picked":"SKIP","floor":20},{"not_picked":["Heavy Blade","Anger"],"picked":"Thunderclap","floor":22}],"player_experience":978004,"relics_obtained":[{"floor":7,"key":"Matryoshka"},{"floor":9,"key":"Boot"},{"floor":9,"key":"Mercury Hourglass"},{"floor":12,"key":"Tiny Chest"},{"floor":12,"key":"Bag of Marbles"},{"floor":13,"key":"Whetstone"}],"event_choices":[{"damage_healed":0,"gold_gain":0,"player_choice":"Entered Light","damage_taken":23,"max_hp_gain":0,"max_hp_loss":0,"event_name":"Shining Light","floor":4,"gold_loss":0,"cards_upgraded":["Perfected Strike","Perfected Strike"]},{"cards_removed":["Strike_R"],"damage_healed":0,"gold_gain":0,"player_choice":"Card Removal","damage_taken":7,"max_hp_gain":0,"max_hp_loss":0,"event_name":"Golden Wing","floor":10,"gold_loss":0},{"damage_healed":0,"gold_gain":0,"player_choice":"Lose Max HP","damage_taken":0,"relics_obtained":["Golden Idol"],"max_hp_gain":0,"max_hp_loss":7,"event_name":"Golden Idol","floor":11,"gold_loss":0},{"cards_removed":["Strike_R"],"damage_healed":0,"gold_gain":0,"player_choice":"Offered Basic","damage_taken":0,"max_hp_gain":0,"max_hp_loss":0,"event_name":"Bonfire Elementals","floor":19,"gold_loss":0}],"is_beta":false,"boss_relics":[{"not_picked":["Tiny House","Busted Crown"],"picked":"Ectoplasm"}],"items_purged_floors":[],"is_endless":false,"potions_floor_spawned":[1,2,16,20],"killed_by":"Book of Stabbing","ascension_level":20}