{"gold_per_floor":[116,116,39,50,50,88,106,106,157,12,52,52,67,110,110,110],"floor_reached":16,"playtime":401,"items_purged":[],"score":222,"play_id":"58b9e54d-3a2c-4290-abd5-346cce003212","local_time":"20190312221035","is_ascension_mode":true,"campfire_choices":[{"data":"Limit Break","floor":12,"key":"SMITH"},{"floor":15,"key":"REST"}],"neow_cost":"NONE","seed_source_timestamp":2167145431467397,"circlet_count":0,"master_deck":["AscendersBane","Strike_R","Strike_R","Strike_R","Strike_R","Strike_R","Defend_R","Defend_R","Defend_R","Defend_R","Bash","Thunderclap","Regret","Limit Break+1","Carnage","Armaments+1","Reaper","Bloodletting","Shrug It Off","Double Tap"],"relics":["Burning Blood","NeowsBlessing","Lantern","Golden Idol","Bag of Preparation","Blood Vial","Incense Burner","Molten Egg 2"],"potions_floor_usage":[14],"damage_taken":[{"damage":0,"enemies":"Jaw Worm","floor":1,"turns":1},{"damage":0,"enemies":"2 Louse","floor":4,"turns":2},{"damage":0,"enemies":"Gremlin Nob","floor":6,"turns":1},{"damage":0,"enemies":"Cultist","floor":7,"turns":2},{"damage":55,"enemies":"Lagavulin","floor":11,"turns":7},{"damage":8,"enemies":"Looter","floor":13,"turns":3},{"damage":12,"enemies":"Gremlin Nob","floor":14,"turns":3},{"damage":73,"enemies":"Slime Boss","floor":16,"turns":9}],"seed_played":"-2786915188560109654","potions_obtained":[{"floor":7,"key":"Swift Potion"},{"floor":13,"key":"Poison Potion"}],"is_trial":false,"path_per_floor":["M","?","$","M","?","E","M","?","T","$","E","R","M","E","R","B"],"character_chosen":"IRONCLAD","items_purchased":["Limit Break","Reaper"],"campfire_rested":1,"item_purchase_floors":[3,10],"current_hp_per_floor":[78,78,78,80,74,74,74,74,74,74,30,30,30,30,52,0],"gold":110,"neow_bonus":"THREE_ENEMY_KILL","is_prod":false,"is_daily":false,"chose_seed":false,"campfire_upgraded":1,"win_rate":0,"timestamp":1552443035,"path_taken":["M","?","?","M","?","E","?","?","T","$","E","R","M","E","R","BOSS"],"build_version":"2019-01-23","purchased_purges":0,"victory":false,"max_hp_per_floor":[80,80,80,80,74,74,74,74,74,74,74,74,74,74,74,74],"card_choices":[{"not_picked":["True Grit","Evolve"],"picked":"Thunderclap","floor":1},{"not_picked":["Thunderclap","Dropkick"],"picked":"Carnage","floor":4},{"not_picked":["Corruption","True Grit"],"picked":"Armaments","floor":6},{"not_picked":["Perfected Strike","Havoc","Anger"],"picked":"SKIP","floor":7},{"not_picked":["Entrench","Twin Strike","Bloodletting"],"picked":"SKIP","floor":11},{"not_picked":["Entrench","Twin Strike"],"picked":"Bloodletting","floor":11},{"not_picked":["Metallicize","Perfected Strike"],"picked":"Shrug It Off","floor":13},{"not_picked":["Shockwave","Seeing Red"],"picked":"Double Tap","floor":14}],"player_experience":368541,"relics_obtained":[{"floor":6,"key":"Bag of Preparation"},{"floor":9,"key":"Blood Vial"},{"floor":11,"key":"Incense Burner"},{"floor":14,"key":"Molten Egg 2"}],"event_choices":[{"damage_healed":0,"gold_gain":0,"player_choice":"Box","damage_taken":0,"relics_obtained":["Lantern"],"max_hp_gain":0,"max_hp_loss":0,"event_name":"Big Fish","floor":2,"gold_loss":0,"cards_obtained":["Regret"]},{"damage_healed":0,"gold_gain":0,"player_choice":"Lose Max HP","damage_taken":0,"relics_obtained":["Golden Idol"],"max_hp_gain":0,"max_hp_loss":6,"event_name":"Golden Idol","floor":5,"gold_loss":0},{"damage_healed":0,"gold_gain":0,"player_choice":"Upgraded","damage_taken":0,"max_hp_gain":0,"max_hp_loss":0,"event_name":"Upgrade Shrine","floor":8,"gold_loss":0,"cards_upgraded":["Armaments"]}],"is_beta":false,"boss_relics":[],"items_purged_floors":[],"is_endless":false,"potions_floor_spawned":[7,13],"killed_by":"Slime Boss","ascension_level":11}