{"gold_per_floor":[113,127,147,166,166,166,200,220,220,220,181,197,25,36,36,137,137,150,161,172,262,262],"floor_reached":22,"playtime":1249,"items_purged":["Defend_B"],"score":190,"play_id":"fc2cbce2-12e1-4b25-9fe4-9a15906ba5ea","local_time":"20190513151330","is_ascension_mode":false,"campfire_choices":[{"data":"Zap","floor":6,"key":"SMITH"},{"floor":10,"key":"REST"},{"floor":15,"key":"REST"}],"neow_cost":"NONE","seed_source_timestamp":8277683988575,"circlet_count":0,"master_deck":["Strike_B","Strike_B","Strike_B","Defend_B","Defend_B","Zap+1","Trip","Steam","Ball Lightning","Scrape","Turbo","Conserve Battery","Beam Cell","Finesse","Go for the Eyes","Creative AI","Coolheaded+1","Rip and Tear+1","Thunder Strike+1"],"relics":["Cracked Core","Dream Catcher","Symbiotic Virus","Cables","Astrolabe"],"potions_floor_usage":[14,16,19,22],"damage_taken":[{"damage":1,"enemies":"Jaw Worm","floor":1,"turns":2},{"damage":0,"enemies":"2 Louse","floor":2,"turns":2},{"damage":0,"enemies":"Small Slimes","floor":3,"turns":2},{"damage":8,"enemies":"Gremlin Gang","floor":4,"turns":4},{"damage":27,"enemies":"Gremlin Nob","floor":7,"turns":4},{"damage":3,"enemies":"2 Fungi Beasts","floor":8,"turns":3},{"damage":21,"enemies":"Large Slime","floor":12,"turns":4},{"damage":0,"enemies":"Lots of Slimes","floor":14,"turns":1},{"damage":21,"enemies":"Hexaghost","floor":16,"turns":6},{"damage":20,"enemies":"2 Thieves","floor":18,"turns":3},{"damage":12,"enemies":"Spheric Guardian","floor":19,"turns":4},{"damage":15,"enemies":"Shelled Parasite and Fungi","floor":20,"turns":4},{"damage":28,"enemies":"Snake Plant","floor":22,"turns":4}],"seed_played":"-9048759324569242808","potions_obtained":[{"floor":7,"key":"Explosive Potion"},{"floor":12,"key":"Dexterity Potion"},{"floor":14,"key":"SpeedPotion"},{"floor":18,"key":"Regen Potion"}],"is_trial":false,"path_per_floor":["M","M","M","M","?","R","E","M","T","R","?","M","$","M","R","B",null,"M","M","M","?","M"],"character_chosen":"DEFECT","items_purchased":["Finesse"],"campfire_rested":2,"item_purchase_floors":[13],"current_hp_per_floor":[74,74,74,66,59,59,32,29,29,51,51,30,30,30,52,31,75,55,55,40,26,0],"gold":262,"neow_bonus":"RANDOM_COLORLESS","is_prod":false,"is_daily":false,"chose_seed":false,"campfire_upgraded":1,"win_rate":0,"timestamp":1557785610,"path_taken":["M","M","M","M","?","R","E","M","T","R","?","M","$","?","R","BOSS","M","M","M","?","M"],"build_version":"2019-01-23","purchased_purges":1,"victory":false,"max_hp_per_floor":[75,75,75,75,75,75,75,75,75,75,75,75,75,75,75,75,75,75,75,75,75,75],"card_choices":[{"not_picked":["Cold Snap","Beam Cell"],"picked":"Steam","floor":1},{"not_picked":["Sunder","Undo"],"picked":"Ball Lightning","floor":2},{"not_picked":["Consume","Stack"],"picked":"Scrape","floor":3},{"not_picked":["Stack","Go for the Eyes"],"picked":"Turbo","floor":4},{"not_picked":["Doom and Gloom","Skim","Hologram"],"picked":"SKIP","floor":7},{"not_picked":["Glacier","Hologram"],"picked":"Conserve Battery","floor":8},{"not_picked":["Leap","Ball Lightning"],"picked":"Beam Cell","floor":12},{"not_picked":["Barrage","Hologram"],"picked":"Go for the Eyes","floor":14},{"not_picked":["Rainbow","Amplify"],"picked":"Creative AI","floor":16},{"not_picked":["Sweeping Beam","Rebound","Aggregate"],"picked":"SKIP","floor":18},{"not_picked":["Beam Cell","Coolheaded+1","White Noise"],"picked":"SKIP","floor":19},{"not_picked":["Hologram","Coolheaded","Recycle"],"picked":"SKIP","floor":20}],"player_experience":181341,"relics_obtained":[{"floor":7,"key":"Symbiotic Virus"},{"floor":9,"key":"Cables"}],"event_choices":[{"damage_healed":0,"gold_gain":0,"player_choice":"Success","damage_taken":7,"relics_obtained":["Dream Catcher"],"max_hp_gain":0,"max_hp_loss":0,"event_name":"Scrap Ooze","floor":5,"gold_loss":0},{"damage_healed":0,"gold_gain":0,"player_choice":"Left Gold","damage_taken":0,"max_hp_gain":0,"max_hp_loss":0,"event_name":"World of Goop","floor":11,"gold_loss":39},{"damage_healed":0,"gold_gain":90,"player_choice":"GOLD ","damage_taken":14,"max_hp_gain":0,"max_hp_loss":0,"event_name":"Knowing Skull","floor":21,"potions_obtained":[],"gold_loss":0,"cards_obtained":[]}],"is_beta":false,"boss_relics":[{"not_picked":["FrozenCore","White Beast Statue"],"picked":"Astrolabe"}],"items_purged_floors":[13],"is_endless":false,"potions_floor_spawned":[7,12,14,18],"killed_by":"Snake Plant","ascension_level":0}