{"gold_per_floor":[116,116,116,137,150,150,184,203,203,31,49,49,116,36,36,126,126,151,151,176,197,44,44,44,44,44,65,81,97,97],"floor_reached":30,"playtime":1285,"items_purged":["Strike_R"],"score":441,"play_id":"c83addf0-0fad-4e23-921c-ee85a4098767","local_time":"20190613214825","is_ascension_mode":true,"campfire_choices":[{"data":"True Grit","floor":6,"key":"SMITH"},{"floor":15,"key":"REST"},{"data":"Juggernaut","floor":23,"key":"SMITH"},{"data":"Metallicize","floor":25,"key":"SMITH"}],"neow_cost":"TEN_PERCENT_HP_LOSS","seed_source_timestamp":81755696042906,"circlet_count":0,"master_deck":["AscendersBane","Strike_R","Strike_R","Strike_R","Strike_R","Defend_R","Defend_R","Defend_R","Defend_R","Bash","Immolate","Warcry","True Grit+1","Disarm","Shrug It Off","Headbutt","Metallicize+1","Juggernaut+1","Hemokinesis","Flame Barrier","Flame Barrier","Iron Wave"],"relics":["Burning Blood","Golden Idol","Incense Burner","Shovel","Orichalcum","Velvet Choker","Frozen Egg 2"],"potions_floor_usage":[4,21,21,30,30],"damage_taken":[{"damage":2,"enemies":"Jaw Worm","floor":1,"turns":3},{"damage":0,"enemies":"2 Louse","floor":4,"turns":1},{"damage":2,"enemies":"Small Slimes","floor":5,"turns":2},{"damage":56,"enemies":"Gremlin Nob","floor":7,"turns":5},{"damage":3,"enemies":"Blue Slaver","floor":8,"turns":7},{"damage":6,"enemies":"3 Louse","floor":11,"turns":3},{"damage":5,"enemies":"The Guardian","floor":16,"turns":25},{"damage":6,"enemies":"Shell Parasite","floor":18,"turns":6},{"damage":10,"enemies":"Chosen","floor":20,"turns":6},{"damage":15,"enemies":"Shelled Parasite and Fungi","floor":21,"turns":6},{"damage":30,"enemies":"Snecko","floor":27,"turns":7},{"damage":3,"enemies":"Snake Plant","floor":28,"turns":6},{"damage":23,"enemies":"Shelled Parasite and Fungi","floor":29,"turns":6},{"damage":17,"enemies":"Book of Stabbing","floor":30,"turns":3}],"seed_played":"-979934233237064047","potions_obtained":[{"floor":4,"key":"Fruit Juice"},{"floor":7,"key":"SteroidPotion"},{"floor":8,"key":"Explosive Potion"},{"floor":16,"key":"Strength Potion"},{"floor":18,"key":"Block Potion"},{"floor":27,"key":"FearPotion"},{"floor":29,"key":"Swift Potion"}],"is_trial":false,"path_per_floor":["M","?","$","M","M","R","E","M","T","$","M","?","?","$","R","B",null,"M","?","M","M","$","R","?","R","T","M","M","M","E"],"character_chosen":"IRONCLAD","items_purchased":["Orichalcum","Metallicize","Flame Barrier"],"campfire_rested":1,"item_purchase_floors":[10,14,22],"current_hp_per_floor":[68,45,45,56,60,60,10,13,13,13,13,13,13,13,34,35,64,64,64,60,51,51,51,51,51,51,27,30,13,0],"gold":97,"neow_bonus":"THREE_RARE_CARDS","is_prod":false,"is_daily":false,"chose_seed":false,"campfire_upgraded":3,"win_rate":0,"timestamp":1560487705,"path_taken":["M","?","$","M","M","R","E","M","T","$","M","?","?","?","R","BOSS","M","?","M","M","$","R","?","R","T","M","M","M","E"],"build_version":"2019-01-23","purchased_purges":1,"victory":false,"max_hp_per_floor":[68,68,68,73,73,73,73,73,73,73,73,73,73,73,73,73,73,73,73,73,73,73,73,73,73,73,73,73,73,73],"card_choices":[{"not_picked":["Demon Form","Limit Break"],"picked":"Immolate","floor":0},{"not_picked":["Clash","Sword Boomerang"],"picked":"Warcry","floor":1},{"not_picked":["Wild Strike","Cleave"],"picked":"True Grit","floor":4},{"not_picked":["Warcry","Brutality"],"picked":"Disarm","floor":5},{"not_picked":["Reckless Charge","Disarm"],"picked":"Shrug It Off","floor":7},{"not_picked":["Thunderclap","Clothesline","Dropkick"],"picked":"SKIP","floor":8},{"not_picked":["Flex","Perfected Strike"],"picked":"Headbutt","floor":11},{"not_picked":["Brutality","Fiend Fire"],"picked":"Juggernaut","floor":16},{"not_picked":["Flex","Anger+1"],"picked":"Hemokinesis","floor":18},{"not_picked":["Cleave","Twin Strike","Headbutt"],"picked":"SKIP","floor":20},{"not_picked":["Demon Form","Inflame","Sword Boomerang+1"],"picked":"SKIP","floor":21},{"not_picked":["Anger","Pommel Strike","Flex"],"picked":"SKIP","floor":27},{"not_picked":["Pummel+1","Flex"],"picked":"Iron Wave","floor":28},{"not_picked":["Pommel Strike","Shockwave","Armaments"],"picked":"SKIP","floor":29}],"player_experience":1003676,"relics_obtained":[{"floor":7,"key":"Incense Burner"},{"floor":9,"key":"Shovel"},{"floor":26,"key":"Frozen Egg 2"}],"event_choices":[{"damage_healed":0,"gold_gain":0,"player_choice":"Take Damage","damage_taken":23,"relics_obtained":["Golden Idol"],"max_hp_gain":0,"max_hp_loss":0,"event_name":"Golden Idol","floor":2,"gold_loss":0},{"damage_healed":0,"gold_gain":0,"player_choice":"Fled","damage_taken":0,"max_hp_gain":0,"max_hp_loss":0,"event_name":"Scrap Ooze","floor":12,"gold_loss":0},{"damage_healed":0,"gold_gain":67,"player_choice":"Gained Gold","damage_taken":0,"max_hp_gain":0,"max_hp_loss":0,"event_name":"Golden Wing","floor":13,"gold_loss":0},{"damage_healed":0,"gold_gain":0,"player_choice":"Read","damage_taken":0,"max_hp_gain":0,"max_hp_loss":0,"event_name":"The Library","floor":19,"gold_loss":0,"cards_obtained":["Flame Barrier"]},{"damage_healed":0,"gold_gain":0,"player_choice":"Ignored","damage_taken":0,"max_hp_gain":0,"max_hp_loss":0,"event_name":"Vampires","floor":24,"gold_loss":0}],"is_beta":false,"boss_relics":[{"not_picked":["White Beast Statue","Ectoplasm"],"picked":"Velvet Choker"}],"items_purged_floors":[22],"is_endless":false,"potions_floor_spawned":[4,7,8,16,18,27,29],"killed_by":"Book of Stabbing","ascension_level":18}