{"gold_per_floor":[118,268,268,284,301,328,385,385,385,412,429,429,429,77,77,156,156,168,93,112,112,132,132,132,152,152,152],"floor_reached":27,"playtime":1163,"items_purged":["Doubt"],"score":409,"play_id":"5f719661-0413-405b-b324-319fdaa6e833","local_time":"20190522091200","is_ascension_mode":true,"campfire_choices":[{"data":"Poisoned Stab","floor":8,"key":"SMITH"},{"data":"Bane","floor":12,"key":"SMITH"},{"floor":15,"key":"REST"},{"data":"Die Die Die","floor":23,"key":"SMITH"}],"neow_cost":"NONE","seed_source_timestamp":402535920247489,"circlet_count":0,"master_deck":["AscendersBane","Defend_G","Defend_G","Defend_G","Defend_G","Defend_G","Strike_G","Strike_G","Strike_G","Survivor","Neutralize","Poisoned Stab+1","Dagger Throw","Dodge and Roll","Terror","Backflip","Bane+1","Die Die Die+1","Catalyst+1","Dodge and Roll+1","Predator+1"],"relics":["Ring of the Snake","NeowsBlessing","Meat on the Bone","Pantograph","Gremlin Horn","Snake Skull","Blue Candle","Philosopher\u0027s Stone","Matryoshka"],"potions_floor_usage":[7,10,20,22,25],"damage_taken":[{"damage":0,"enemies":"2 Louse","floor":1,"turns":1},{"damage":0,"enemies":"Cultist","floor":4,"turns":1},{"damage":0,"enemies":"Small Slimes","floor":5,"turns":1},{"damage":23,"enemies":"Lagavulin","floor":6,"turns":7},{"damage":20,"enemies":"3 Sentries","floor":7,"turns":13},{"damage":26,"enemies":"3 Sentries","floor":10,"turns":13},{"damage":1,"enemies":"2 Fungi Beasts","floor":11,"turns":4},{"damage":28,"enemies":"Hexaghost","floor":16,"turns":11},{"damage":14,"enemies":"Shell Parasite","floor":18,"turns":5},{"damage":0,"enemies":"Chosen","floor":20,"turns":3},{"damage":5,"enemies":"Centurion and Healer","floor":22,"turns":8},{"damage":36,"enemies":"Shelled Parasite and Fungi","floor":25,"turns":5},{"damage":30,"enemies":"Chosen and Byrds","floor":27,"turns":3}],"seed_played":"-7752669350230542947","potions_obtained":[{"floor":4,"key":"Dexterity Potion"},{"floor":7,"key":"SpeedPotion"},{"floor":11,"key":"Swift Potion"},{"floor":18,"key":"SteroidPotion"},{"floor":20,"key":"Dexterity Potion"}],"is_trial":false,"path_per_floor":["M","?","?","M","M","E","?","R","T","E","M","R","?","$","R","B",null,"M","?","M","?","M","R","$","M","T","M"],"character_chosen":"THE_SILENT","items_purchased":["Blue Candle"],"campfire_rested":1,"item_purchase_floors":[14],"current_hp_per_floor":[59,59,59,59,59,36,28,28,28,14,25,25,7,7,26,35,58,44,44,44,44,39,39,39,15,15,0],"gold":152,"neow_bonus":"THREE_ENEMY_KILL","is_prod":false,"is_daily":false,"chose_seed":false,"campfire_upgraded":3,"win_rate":0,"timestamp":1558530720,"path_taken":["M","?","?","?","M","E","?","R","T","E","M","R","?","$","R","BOSS","M","?","M","?","?","R","$","M","T","M"],"build_version":"2019-01-23","purchased_purges":1,"victory":false,"max_hp_per_floor":[66,66,66,66,66,66,66,66,66,66,66,66,66,66,66,66,66,66,66,66,66,66,66,66,66,66,66],"card_choices":[{"not_picked":["Quick Slash","Flying Knee"],"picked":"Poisoned Stab","floor":1},{"not_picked":["Quick Slash","Storm of Steel"],"picked":"Dodge and Roll","floor":4},{"not_picked":["Prepared","Poisoned Stab"],"picked":"Terror","floor":5},{"not_picked":["Poisoned Stab","Quick Slash"],"picked":"Backflip","floor":6},{"not_picked":["Quick Slash","Finisher"],"picked":"Bane","floor":10},{"not_picked":["Concentrate","Expertise","Flechettes"],"picked":"SKIP","floor":11},{"not_picked":["Unload","Night Terror"],"picked":"Die Die Die","floor":16},{"not_picked":["PiercingWail","Reflex"],"picked":"Catalyst","floor":18},{"not_picked":["Underhanded Strike","Dagger Spray"],"picked":"Dodge and Roll+1","floor":20},{"not_picked":["Flying Knee","Sucker Punch","Backflip"],"picked":"SKIP","floor":22},{"not_picked":["Dagger Throw","Tactician"],"picked":"Predator+1","floor":25}],"player_experience":739695,"relics_obtained":[{"floor":6,"key":"Meat on the Bone"},{"floor":7,"key":"Pantograph"},{"floor":9,"key":"Gremlin Horn"},{"floor":10,"key":"Snake Skull"},{"floor":26,"key":"Matryoshka"}],"event_choices":[{"damage_healed":0,"gold_gain":150,"player_choice":"AGREE","damage_taken":0,"max_hp_gain":0,"max_hp_loss":0,"event_name":"Liars Game","floor":2,"gold_loss":0,"cards_obtained":["Doubt"]},{"damage_healed":0,"gold_gain":0,"cards_transformed":["Strike_G"],"player_choice":"Transformed","damage_taken":0,"max_hp_gain":0,"max_hp_loss":0,"event_name":"Transmorgrifier","floor":3,"gold_loss":0,"cards_obtained":["Dagger Throw"]},{"damage_healed":0,"gold_gain":0,"player_choice":"Searched \u00271\u0027 times","damage_taken":0,"max_hp_gain":0,"max_hp_loss":0,"event_name":"Dead Adventurer","floor":7,"gold_loss":0},{"damage_healed":0,"gold_gain":0,"player_choice":"Fled","damage_taken":18,"max_hp_gain":0,"max_hp_loss":0,"event_name":"Scrap Ooze","floor":13,"gold_loss":0},{"cards_removed":["Strike_G"],"damage_healed":0,"gold_gain":0,"player_choice":"Gave Gold","damage_taken":0,"max_hp_gain":0,"max_hp_loss":0,"event_name":"Beggar","floor":19,"gold_loss":75},{"damage_healed":0,"gold_gain":0,"player_choice":"Upgraded","damage_taken":0,"max_hp_gain":0,"max_hp_loss":0,"event_name":"Upgrade Shrine","floor":21,"gold_loss":0,"cards_upgraded":["Catalyst"]}],"is_beta":false,"boss_relics":[{"not_picked":["Snecko Eye","White Beast Statue"],"picked":"Philosopher\u0027s Stone"}],"items_purged_floors":[14],"is_endless":false,"potions_floor_spawned":[4,7,11,18,20],"killed_by":"Chosen and Byrds","ascension_level":17}