{"gold_per_floor":[113,125,139,150,112,112,138,154,199,199,199,199,209,228,228,228],"floor_reached":16,"playtime":694,"items_purged":[],"score":125,"play_id":"1454d26d-dc5c-41cf-8b9c-85730d466505","local_time":"20190630001125","is_ascension_mode":true,"campfire_choices":[{"data":"Bash","floor":6,"key":"SMITH"},{"data":"Body Slam","floor":12,"key":"SMITH"},{"data":"Burning Pact","floor":15,"key":"SMITH"}],"neow_cost":"NONE","seed_source_timestamp":601774860524918,"circlet_count":0,"master_deck":["Strike_R","Strike_R","Strike_R","Strike_R","Strike_R","Defend_R","Defend_R","Defend_R","Defend_R","Bash+1","Iron Wave","Body Slam+1","Battle Trance","Wild Strike","Evolve+1","Burning Pact+1"],"relics":["Burning Blood","Frozen Egg 2","Strawberry","Pantograph"],"potions_floor_usage":[2,4,4,7,7,13],"damage_taken":[{"damage":4,"enemies":"Jaw Worm","floor":1,"turns":4},{"damage":1,"enemies":"2 Louse","floor":2,"turns":2},{"damage":6,"enemies":"Cultist","floor":3,"turns":4},{"damage":4,"enemies":"Red Slaver","floor":4,"turns":4},{"damage":32,"enemies":"Gremlin Nob","floor":7,"turns":4},{"damage":7,"enemies":"3 Louse","floor":8,"turns":3},{"damage":0,"enemies":"2 Fungi Beasts","floor":13,"turns":2},{"damage":9,"enemies":"Lots of Slimes","floor":14,"turns":4},{"damage":104,"enemies":"Slime Boss","floor":16,"turns":10}],"seed_played":"-1713278212551388049","potions_obtained":[{"floor":0,"key":"Regen Potion"},{"floor":0,"key":"PowerPotion"},{"floor":0,"key":"SteroidPotion"},{"floor":1,"key":"Block Potion"},{"floor":3,"key":"EssenceOfSteel"},{"floor":4,"key":"PowerPotion"},{"floor":7,"key":"PowerPotion"},{"floor":8,"key":"Energy Potion"}],"is_trial":false,"path_per_floor":["M","M","M","M","?","R","E","M","T","?","?","R","M","M","R","B"],"character_chosen":"IRONCLAD","items_purchased":[],"campfire_rested":0,"item_purchase_floors":[],"current_hp_per_floor":[80,80,80,80,80,80,59,58,65,62,62,62,68,65,65,0],"gold":228,"neow_bonus":"THREE_SMALL_POTIONS","is_prod":false,"is_daily":false,"chose_seed":false,"campfire_upgraded":3,"win_rate":0,"timestamp":1561878685,"path_taken":["M","M","M","M","?","R","E","M","T","?","?","R","M","?","R","BOSS"],"build_version":"2019-01-23","purchased_purges":0,"victory":false,"max_hp_per_floor":[80,80,80,80,80,80,80,80,87,87,87,87,87,87,87,87],"card_choices":[{"not_picked":["Intimidate","Thunderclap"],"picked":"Iron Wave","floor":1},{"not_picked":["Flame Barrier","Infernal Blade","Power Through"],"picked":"SKIP","floor":2},{"not_picked":["Havoc","Shockwave","Dual Wield"],"picked":"SKIP","floor":3},{"not_picked":["Sword Boomerang","Disarm"],"picked":"Body Slam","floor":4},{"not_picked":["Perfected Strike","True Grit"],"picked":"Battle Trance","floor":7},{"not_picked":["Clothesline","Heavy Blade"],"picked":"Wild Strike","floor":8},{"not_picked":["Second Wind","Searing Blow"],"picked":"Evolve+1","floor":13},{"not_picked":["Evolve+1","Dual Wield"],"picked":"Burning Pact","floor":14}],"player_experience":543655,"relics_obtained":[{"floor":7,"key":"Frozen Egg 2"},{"floor":9,"key":"Strawberry"}],"event_choices":[{"damage_healed":0,"gold_gain":0,"player_choice":"Left Gold","damage_taken":0,"max_hp_gain":0,"max_hp_loss":0,"event_name":"World of Goop","floor":5,"gold_loss":38},{"damage_healed":0,"gold_gain":0,"player_choice":"Fled","damage_taken":3,"max_hp_gain":0,"max_hp_loss":0,"event_name":"Scrap Ooze","floor":10,"gold_loss":0},{"damage_healed":0,"gold_gain":0,"player_choice":"Gave Potion","damage_taken":0,"relics_obtained":["Pantograph"],"max_hp_gain":0,"max_hp_loss":0,"event_name":"WeMeetAgain","floor":11,"gold_loss":0}],"is_beta":false,"boss_relics":[],"items_purged_floors":[],"is_endless":false,"potions_floor_spawned":[1,3,4,7,8],"killed_by":"Slime Boss","ascension_level":4}