{"gold_per_floor":[119,129,139,152,168,195,195,205,259,11,37,37,48,67,67,164,164,181,197,213,138,157,157,157,185,210,210,222,240,267,267,267,367,367,385,385,66,80,92,92,118,137,160,202,214,238,268,280,292,304],"floor_reached":50,"playtime":5394,"items_purged":["Well Laid Plans","Strike_G"],"score":650,"play_id":"b3a8fcf3-cd5a-4a81-b110-5a904dbab26c","local_time":"20190128222748","is_ascension_mode":false,"campfire_choices":[{"floor":7,"key":"REST"},{"data":"Apotheosis","floor":12,"key":"SMITH"},{"floor":15,"key":"REST"},{"data":"Infinite Blades","floor":23,"key":"SMITH"},{"data":"PiercingWail","floor":27,"key":"SMITH"},{"floor":32,"key":"REST"},{"floor":40,"key":"REST"},{"data":"Mind Blast","floor":45,"key":"SMITH"},{"floor":49,"key":"REST"}],"neow_cost":"NONE","seed_source_timestamp":901565735646510,"circlet_count":0,"master_deck":["Defend_G","Defend_G","Defend_G","Defend_G","Defend_G","Strike_G","Strike_G","Strike_G","Strike_G","Survivor","Neutralize","Infinite Blades+1","Deflect","Noxious Fumes","Cloak And Dagger","Slice","Apotheosis+1","Finisher","Flying Knee","Dagger Throw","PiercingWail","PiercingWail+1","Prepared+1","Endless Agony+1","Prepared","Flying Knee+1","Dash","Phantasmal Killer","PiercingWail+1","Mind Blast+1","Finisher","Blade Dance","PiercingWail","Deflect+1","Prepared+1","Madness","Madness"],"relics":["Ring of the Snake","Regal Pillow","Lantern","Happy Flower","Orichalcum","Runic Pyramid","Vajra","Ancient Tea Set","Dodecahedron","Philosopher\u0027s Stone","Bag of Preparation","MawBank","Gremlin Horn"],"potions_floor_usage":[6,16,33,33,50,50],"damage_taken":[{"damage":1,"enemies":"Cultist","floor":1,"turns":4},{"damage":0,"enemies":"Jaw Worm","floor":2,"turns":3},{"damage":0,"enemies":"Small Slimes","floor":3,"turns":4},{"damage":0,"enemies":"Blue Slaver","floor":4,"turns":5},{"damage":5,"enemies":"3 Louse","floor":5,"turns":5},{"damage":49,"enemies":"Gremlin Nob","floor":6,"turns":6},{"damage":5,"enemies":"Lots of Slimes","floor":8,"turns":5},{"damage":0,"enemies":"2 Fungi Beasts","floor":13,"turns":3},{"damage":0,"enemies":"Exordium Thugs","floor":14,"turns":5},{"damage":10,"enemies":"Slime Boss","floor":16,"turns":8},{"damage":2,"enemies":"Chosen","floor":18,"turns":7},{"damage":0,"enemies":"Spheric Guardian","floor":19,"turns":4},{"damage":0,"enemies":"Cultist and Chosen","floor":20,"turns":8},{"damage":0,"enemies":"Centurion and Healer","floor":22,"turns":5},{"damage":0,"enemies":"Book of Stabbing","floor":25,"turns":6},{"damage":15,"enemies":"Snake Plant","floor":28,"turns":5},{"damage":0,"enemies":"Cultist and Chosen","floor":29,"turns":7},{"damage":19,"enemies":"Slavers","floor":30,"turns":6},{"damage":15,"enemies":"Automaton","floor":33,"turns":11},{"damage":16,"enemies":"3 Darklings","floor":35,"turns":5},{"damage":8,"enemies":"3 Shapes","floor":38,"turns":3},{"damage":7,"enemies":"Jaw Worm Horde","floor":39,"turns":3},{"damage":5,"enemies":"Giant Head","floor":41,"turns":6},{"damage":2,"enemies":"Sphere and 2 Shapes","floor":42,"turns":4},{"damage":0,"enemies":"Nemesis","floor":44,"turns":3},{"damage":1,"enemies":"Spire Growth","floor":46,"turns":4},{"damage":1,"enemies":"Jaw Worm Horde","floor":47,"turns":4},{"damage":83,"enemies":"Donu and Deca","floor":50,"turns":7}],"seed_played":"105986667795196772","potions_obtained":[{"floor":1,"key":"Poison Potion"},{"floor":2,"key":"Strength Potion"},{"floor":3,"key":"AttackPotion"},{"floor":6,"key":"Weak Potion"},{"floor":18,"key":"Block Potion"},{"floor":33,"key":"Strength Potion"},{"floor":42,"key":"Weak Potion"},{"floor":47,"key":"Energy Potion"}],"is_trial":false,"path_per_floor":["M","M","M","M","M","E","R","M","T","$","T","R","M","M","R","B",null,"M","M","M","$","M","R","?","E","T","R","M","M","E","?","R","B",null,"M","?","$","M","M","R","E","M","T","E","R","M","M","?","R","B"],"character_chosen":"THE_SILENT","items_purchased":["Apotheosis","Finisher","Mind Blast","Finisher","Blade Dance"],"campfire_rested":5,"item_purchase_floors":[10,10,37,37,37],"current_hp_per_floor":[69,69,69,69,64,15,51,46,46,46,46,46,46,46,70,60,70,68,68,68,68,68,68,55,55,55,55,40,40,21,12,49,34,75,59,59,59,51,44,75,70,68,68,68,68,67,66,57,75,0],"gold":304,"neow_bonus":"RANDOM_COMMON_RELIC","is_prod":false,"is_daily":false,"chose_seed":false,"campfire_upgraded":4,"win_rate":0.0,"timestamp":1548732468,"path_taken":["M","M","M","M","M","E","R","M","T","?","?","R","M","M","R","BOSS","M","M","?","$","M","R","?","E","T","R","M","M","E","?","R","BOSS","M","?","$","M","M","R","E","M","T","E","R","M","M","?","R","BOSS"],"build_version":"2019-01-23","purchased_purges":2,"victory":false,"max_hp_per_floor":[70,70,70,70,70,70,70,70,70,70,70,70,70,70,70,70,70,70,70,70,70,70,70,75,75,75,75,75,75,75,75,75,75,75,75,75,75,75,75,75,75,75,75,75,75,75,75,75,75,75],"card_choices":[{"not_picked":["Masterful Stab","Predator"],"picked":"Infinite Blades","floor":1},{"not_picked":["Riddle With Holes","Footwork"],"picked":"Deflect","floor":2},{"not_picked":["All Out Attack","Outmaneuver"],"picked":"Noxious Fumes","floor":3},{"not_picked":["Infinite Blades","Distraction"],"picked":"Well Laid Plans","floor":4},{"not_picked":["Outmaneuver","Storm of Steel"],"picked":"Cloak And Dagger","floor":5},{"not_picked":["Infinite Blades","Phantasmal Killer"],"picked":"Slice","floor":6},{"not_picked":["Bane","Outmaneuver","Reflex"],"picked":"SKIP","floor":8},{"not_picked":["Bane","Poisoned Stab"],"picked":"Flying Knee","floor":13},{"not_picked":["Dodge and Roll","Flechettes","Unload"],"picked":"SKIP","floor":14},{"not_picked":["Storm of Steel","Bullet Time"],"picked":"Wraith Form v2","floor":16},{"not_picked":["Masterful Stab","Backflip"],"picked":"Dagger Throw","floor":18},{"not_picked":["Eviscerate","Flechettes+1"],"picked":"PiercingWail","floor":19},{"not_picked":["Flying Knee","Quick Slash"],"picked":"PiercingWail","floor":20},{"not_picked":["Reflex","Deadly Poison+1"],"picked":"Prepared+1","floor":22},{"not_picked":["Flying Knee","Poisoned Stab"],"picked":"Endless Agony+1","floor":25},{"not_picked":["Outmaneuver+1","Endless Agony"],"picked":"Prepared","floor":28},{"not_picked":["Distraction","Dagger Throw"],"picked":"Flying Knee+1","floor":29},{"not_picked":["Acrobatics","Venomology"],"picked":"Dash","floor":30},{"not_picked":["Adrenaline","A Thousand Cuts"],"picked":"Phantasmal Killer","floor":33},{"not_picked":["Expertise","Sucker Punch+1"],"picked":"PiercingWail+1","floor":35},{"not_picked":["Expertise+1","Dagger Spray","Sucker Punch"],"picked":"SKIP","floor":38},{"not_picked":["Slice","Escape Plan"],"picked":"PiercingWail","floor":39},{"not_picked":["Bane","Eviscerate+1"],"picked":"Deflect+1","floor":41},{"not_picked":["All Out Attack","Underhanded Strike","Bane+1"],"picked":"SKIP","floor":42},{"not_picked":["Acrobatics","Flying Knee","Masterful Stab"],"picked":"SKIP","floor":44},{"not_picked":["Leg Sweep","Slice+1"],"picked":"Prepared+1","floor":46},{"not_picked":["Catalyst","Flying Knee","Escape Plan"],"picked":"SKIP","floor":47}],"player_experience":53365,"relics_obtained":[{"floor":6,"key":"Lantern"},{"floor":9,"key":"Happy Flower"},{"floor":11,"key":"Orichalcum"},{"floor":25,"key":"Vajra"},{"floor":26,"key":"Ancient Tea Set"},{"floor":30,"key":"Dodecahedron"},{"floor":41,"key":"Bag of Preparation"},{"floor":43,"key":"MawBank"},{"floor":44,"key":"Gremlin Horn"}],"event_choices":[{"damage_healed":0,"gold_gain":0,"player_choice":"Shed Blood","damage_taken":18,"max_hp_gain":5,"max_hp_loss":0,"event_name":"Forgotten Altar","floor":24,"gold_loss":0},{"damage_healed":0,"gold_gain":0,"player_choice":"Stopped","damage_taken":9,"max_hp_gain":0,"max_hp_loss":0,"event_name":"Cursed Tome","floor":31,"gold_loss":0},{"cards_removed":["Wraith Form v2"],"damage_healed":0,"gold_gain":0,"player_choice":"Removed Power","damage_taken":0,"max_hp_gain":0,"max_hp_loss":0,"event_name":"Falling","floor":36,"gold_loss":0},{"damage_healed":0,"gold_gain":0,"player_choice":"Embrace Madness","damage_taken":9,"max_hp_gain":0,"max_hp_loss":0,"event_name":"Winding Halls","floor":48,"gold_loss":0,"cards_obtained":["Madness","Madness"]}],"is_beta":false,"boss_relics":[{"not_picked":["Runic Dome","Ring of the Serpent"],"picked":"Runic Pyramid"},{"not_picked":["Coffee Dripper","Velvet Choker"],"picked":"Philosopher\u0027s Stone"}],"items_purged_floors":[21,37],"is_endless":false,"potions_floor_spawned":[1,2,3,6,14,18,22,28,29,30,33,41,42,46,47],"killed_by":"Donu and Deca","ascension_level":0}