{"gold_per_floor":[110,110,110,125,39,68,68,81,155,189,165,199,58,74,74,148,148,168,188,188,188,113,113,145,145,145,145,157,189,89,99,99,176,176,192,192,212,231,243,243,26,42,94,94,94,94,94,104,104,104],"floor_reached":51,"playtime":1567,"items_purged":["Strike_R","Strike_R"],"score":1411,"play_id":"4f9fc790-fa4c-45be-9f9c-c1d7f902d958","local_time":"20190401212342","is_ascension_mode":true,"campfire_choices":[{"data":"Bludgeon","floor":7,"key":"SMITH"},{"data":"True Grit","floor":15,"key":"SMITH"},{"data":"Immolate","floor":23,"key":"SMITH"},{"floor":25,"key":"REST"},{"data":"True Grit","floor":27,"key":"SMITH"},{"floor":32,"key":"REST"},{"data":"Good Instincts","floor":40,"key":"SMITH"},{"floor":44,"key":"REST"},{"data":"Shrug It Off","floor":46,"key":"SMITH"},{"floor":49,"key":"REST"}],"neow_cost":"NONE","seed_source_timestamp":1049265880097666,"circlet_count":0,"master_deck":["AscendersBane","Strike_R","Strike_R+1","Defend_R","Defend_R","Defend_R","Defend_R","Bash+1","Iron Wave+1","Bludgeon+1","Cleave","Immolate+1","True Grit+1","True Grit+1","Shrug It Off+1","Good Instincts+1","Double Tap+1","Cleave","Decay","Immolate+1","Shrug It Off","Uppercut+1","Heavy Blade+1","Parasite","Sword Boomerang+1"],"relics":["Burning Blood","NeowsBlessing","Centennial Puzzle","Paper Frog","Meat on the Bone","Blue Candle","Busted Crown","Red Skull","Pear","Molten Egg 2","Cursed Key","Brimstone","Omamori"],"potions_floor_usage":[14,14,29,33,50,50],"damage_taken":[{"damage":0,"enemies":"2 Louse","floor":1,"turns":1},{"damage":0,"enemies":"Cultist","floor":4,"turns":1},{"damage":0,"enemies":"Lagavulin","floor":6,"turns":1},{"damage":7,"enemies":"Jaw Worm","floor":8,"turns":3},{"damage":0,"enemies":"Gremlin Nob","floor":10,"turns":2},{"damage":21,"enemies":"Lagavulin","floor":12,"turns":4},{"damage":10,"enemies":"Gremlin Gang","floor":14,"turns":3},{"damage":38,"enemies":"Hexaghost","floor":16,"turns":9},{"damage":5,"enemies":"3 Byrds","floor":18,"turns":5},{"damage":4,"enemies":"Spheric Guardian","floor":19,"turns":3},{"damage":58,"enemies":"Gremlin Leader","floor":24,"turns":5},{"damage":2,"enemies":"Chosen and Byrds","floor":28,"turns":3},{"damage":16,"enemies":"Book of Stabbing","floor":29,"turns":4},{"damage":15,"enemies":"Centurion and Healer","floor":31,"turns":5},{"damage":78,"enemies":"Automaton","floor":33,"turns":10},{"damage":18,"enemies":"3 Darklings","floor":35,"turns":2},{"damage":1,"enemies":"Orb Walker","floor":37,"turns":2},{"damage":16,"enemies":"4 Shapes","floor":38,"turns":5},{"damage":0,"enemies":"Sphere and 2 Shapes","floor":39,"turns":2},{"damage":24,"enemies":"Writhing Mass","floor":42,"turns":5},{"damage":14,"enemies":"Spire Growth","floor":48,"turns":3},{"damage":71,"enemies":"Donu and Deca","floor":50,"turns":7}],"seed_played":"-3089989922239549328","potions_obtained":[{"floor":1,"key":"Explosive Potion"},{"floor":8,"key":"Fire Potion"},{"floor":18,"key":"Dexterity Potion"},{"floor":31,"key":"LiquidBronze"},{"floor":33,"key":"Dexterity Potion"},{"floor":38,"key":"Dexterity Potion"}],"is_trial":false,"path_per_floor":["M","?","?","M","$","E","R","M","T","E","$","E","$","M","R","B",null,"M","M","?","?","$","R","E","R","T","R","M","E","$","M","R","B",null,"M","?","M","M","M","R","$","M","T","R","?","R","?","M","R","B",null],"character_chosen":"IRONCLAD","items_purchased":["Bludgeon","True Grit","Shrug It Off","Good Instincts","Brimstone"],"campfire_rested":4,"item_purchase_floors":[5,11,13,13,41],"current_hp_per_floor":[74,51,51,57,57,63,63,62,62,68,68,53,53,49,49,29,64,65,67,67,67,67,67,27,49,59,59,63,53,53,56,81,21,69,57,57,62,52,58,58,58,52,52,77,77,77,77,69,81,28],"gold":104,"neow_bonus":"THREE_ENEMY_KILL","is_prod":false,"is_daily":false,"chose_seed":false,"campfire_upgraded":6,"win_rate":0,"timestamp":1554168222,"path_taken":["M","?","?","?","$","E","R","M","T","E","?","E","$","M","R","BOSS","M","?","?","?","$","R","E","R","T","R","?","E","?","?","R","BOSS","M","?","?","M","?","R","$","M","T","R","?","R","?","M","R","BOSS"],"build_version":"2019-01-23","purchased_purges":2,"victory":true,"max_hp_per_floor":[75,75,75,75,75,75,75,75,75,75,75,75,75,75,75,75,75,75,75,75,75,75,75,75,75,85,85,85,85,85,85,85,85,85,85,85,85,85,85,85,85,85,85,85,81,81,81,81,81,81],"card_choices":[{"not_picked":["Entrench","Thunderclap"],"picked":"Iron Wave","floor":1},{"not_picked":["Havoc","Battle Trance","Headbutt"],"picked":"SKIP","floor":4},{"not_picked":["Clash","Ghostly Armor"],"picked":"Cleave","floor":6},{"not_picked":["Intimidate","Shockwave","Corruption"],"picked":"SKIP","floor":8},{"not_picked":["Anger","Intimidate"],"picked":"Immolate","floor":10},{"not_picked":["Whirlwind","Pommel Strike"],"picked":"True Grit","floor":12},{"not_picked":["Bloodletting","Power Through","Wild Strike"],"picked":"SKIP","floor":14},{"not_picked":["Offering","Limit Break"],"picked":"Double Tap","floor":16},{"not_picked":["Rage"],"picked":"SKIP","floor":18},{"not_picked":["Cleave"],"picked":"SKIP","floor":19},{"not_picked":[],"picked":"Cleave","floor":19},{"not_picked":["Spot Weakness"],"picked":"SKIP","floor":24},{"not_picked":["Perfected Strike"],"picked":"SKIP","floor":28},{"not_picked":["Dropkick"],"picked":"SKIP","floor":29},{"not_picked":["Anger+1"],"picked":"SKIP","floor":31},{"not_picked":[],"picked":"Immolate+1","floor":33},{"not_picked":[],"picked":"Shrug It Off","floor":35},{"not_picked":[],"picked":"Uppercut+1","floor":37},{"not_picked":["Warcry"],"picked":"SKIP","floor":38},{"not_picked":["Warcry"],"picked":"SKIP","floor":39},{"not_picked":[],"picked":"Heavy Blade+1","floor":42},{"not_picked":[],"picked":"Sword Boomerang+1","floor":48}],"player_experience":489970,"relics_obtained":[{"floor":6,"key":"Centennial Puzzle"},{"floor":9,"key":"Paper Frog"},{"floor":10,"key":"Meat on the Bone"},{"floor":12,"key":"Blue Candle"},{"floor":24,"key":"Red Skull"},{"floor":26,"key":"Pear"},{"floor":29,"key":"Molten Egg 2"},{"floor":43,"key":"Omamori"}],"event_choices":[{"damage_healed":0,"gold_gain":0,"player_choice":"Entered Light","damage_taken":23,"max_hp_gain":0,"max_hp_loss":0,"event_name":"Shining Light","floor":2,"gold_loss":0,"cards_upgraded":["Strike_R","Iron Wave"]},{"damage_healed":0,"gold_gain":0,"player_choice":"Upgraded","damage_taken":0,"max_hp_gain":0,"max_hp_loss":0,"event_name":"Upgrade Shrine","floor":3,"gold_loss":0,"cards_upgraded":["Bash"]},{"damage_healed":0,"gold_gain":0,"player_choice":"Smashed Altar","damage_taken":0,"max_hp_gain":0,"max_hp_loss":0,"event_name":"Forgotten Altar","floor":20,"gold_loss":0,"cards_obtained":["Decay"]},{"damage_healed":0,"gold_gain":0,"player_choice":"Upgraded","damage_taken":0,"max_hp_gain":0,"max_hp_loss":0,"event_name":"Upgrade Shrine","floor":21,"gold_loss":0,"cards_upgraded":["Double Tap"]},{"cards_removed":["Strike_R"],"damage_healed":0,"gold_gain":0,"player_choice":"Card Removal","damage_taken":0,"max_hp_gain":0,"max_hp_loss":0,"event_name":"Wheel of Change","floor":36,"gold_loss":0},{"damage_healed":0,"gold_gain":0,"player_choice":"Max HP","damage_taken":0,"max_hp_gain":0,"max_hp_loss":4,"event_name":"Winding Halls","floor":45,"gold_loss":0},{"damage_healed":0,"gold_gain":0,"player_choice":"Ignored","damage_taken":0,"max_hp_gain":0,"max_hp_loss":0,"event_name":"Mysterious Sphere","floor":47,"gold_loss":0}],"is_beta":false,"boss_relics":[{"not_picked":["Astrolabe","Snecko Eye"],"picked":"Busted Crown"},{"not_picked":["Runic Cube","Runic Dome"],"picked":"Cursed Key"}],"items_purged_floors":[22,30],"is_endless":false,"potions_floor_spawned":[1,8,10,18,31,33,38,39,42],"ascension_level":18}