{"gold_per_floor":[12,112,127,138,105,139,139,139,139,15,15,31,31,51,51,148,148,163,163,163,123,139,199,210,210,237,237,41,70,85,97,97,202,202,214,214,25,37,49,49,61,72,72,31,57,34,34,64,64,64],"floor_reached":51,"playtime":2892,"items_purged":["Normality"],"score":1245,"play_id":"128314aa-e63d-48f1-9bdf-6f8e3022d50d","local_time":"20190320183025","is_ascension_mode":true,"campfire_choices":[{"floor":8,"key":"REST"},{"floor":11,"key":"REST"},{"data":"Bouncing Flask","floor":15,"key":"SMITH"},{"data":"After Image","floor":25,"key":"SMITH"},{"data":"Terror","floor":27,"key":"SMITH"},{"data":"Infinite Blades","floor":32,"key":"SMITH"},{"data":"Well Laid Plans","floor":40,"key":"SMITH"},{"data":"Finisher","floor":47,"key":"SMITH"},{"floor":49,"key":"REST"}],"neow_cost":"NO_GOLD","seed_source_timestamp":726140578582,"circlet_count":0,"master_deck":["AscendersBane","Defend_G","Defend_G","Defend_G","Defend_G","Strike_G","Strike_G","Strike_G","Survivor","Neutralize","Escape Plan","Terror+1","Bouncing Flask+1","Dagger Spray","Crippling Poison","Well Laid Plans+1","Backflip+1","Cloak And Dagger+1","Dodge and Roll+1","Storm of Steel+1","Prepared+1","Catalyst+1","Blade Dance+1","After Image+1","Choke+1","Deadly Poison+1","Infinite Blades+1","Deflect+1","Blade Dance+1","Die Die Die","Riddle With Holes+1","Underhanded Strike+1","Slice+1","Cloak And Dagger+1","Well Laid Plans+1","Predator","Deflect+1","Pain","Finisher+1","Dodge and Roll+1","Deadly Poison+1","Choke"],"relics":["Ring of the Snake","Bird Faced Urn","Dead Branch","Toxic Egg 2","Darkstone Periapt","Pen Nib","Cursed Key","Tiny Chest","Bag of Marbles","Ninja Scroll","Astrolabe","Snake Skull","Bottled Tornado","Boot","Blood Vial"],"potions_floor_usage":[6,14,22,23,33,35,41,42,45,50,50],"damage_taken":[{"damage":2,"enemies":"Jaw Worm","floor":1,"turns":5},{"damage":0,"enemies":"Cultist","floor":3,"turns":5},{"damage":0,"enemies":"2 Louse","floor":4,"turns":3},{"damage":23,"enemies":"Exordium Thugs","floor":5,"turns":5},{"damage":36,"enemies":"Gremlin Nob","floor":6,"turns":4},{"damage":10,"enemies":"Large Slime","floor":12,"turns":3},{"damage":4,"enemies":"Exordium Wildlife","floor":14,"turns":4},{"damage":8,"enemies":"The Guardian","floor":16,"turns":9},{"damage":0,"enemies":"Shell Parasite","floor":18,"turns":4},{"damage":3,"enemies":"2 Thieves","floor":22,"turns":3},{"damage":13,"enemies":"Slavers","floor":23,"turns":2},{"damage":3,"enemies":"Centurion and Healer","floor":24,"turns":4},{"damage":11,"enemies":"Book of Stabbing","floor":29,"turns":5},{"damage":0,"enemies":"3 Cultists","floor":30,"turns":3},{"damage":0,"enemies":"Sentry and Sphere","floor":31,"turns":3},{"damage":27,"enemies":"Automaton","floor":33,"turns":7},{"damage":0,"enemies":"3 Darklings","floor":35,"turns":2},{"damage":0,"enemies":"Orb Walker","floor":38,"turns":3},{"damage":0,"enemies":"Transient","floor":39,"turns":5},{"damage":0,"enemies":"Spire Growth","floor":41,"turns":2},{"damage":8,"enemies":"Maw","floor":42,"turns":5},{"damage":0,"enemies":"Giant Head","floor":45,"turns":5},{"damage":33,"enemies":"Nemesis","floor":48,"turns":3},{"damage":53,"enemies":"Donu and Deca","floor":50,"turns":6}],"seed_played":"-235630488842860040","potions_obtained":[{"floor":4,"key":"GamblersBrew"},{"floor":5,"key":"SteroidPotion"},{"floor":6,"key":"Swift Potion"},{"floor":16,"key":"Swift Potion"},{"floor":22,"key":"SteroidPotion"},{"floor":29,"key":"SkillPotion"},{"floor":33,"key":"Explosive Potion"},{"floor":36,"key":"Ancient Potion"},{"floor":36,"key":"Energy Potion"},{"floor":41,"key":"SkillPotion"},{"floor":42,"key":"AttackPotion"},{"floor":48,"key":"PowerPotion"}],"is_trial":false,"path_per_floor":["M","?","M","M","M","E","?","R","T","$","R","M","?","M","R","B",null,"M","?","?","?","M","E","M","R","T","R","$","E","M","M","R","B",null,"M","?","$","M","M","R","M","M","T","$","E","$","R","E","R","B",null],"character_chosen":"THE_SILENT","items_purchased":["Well Laid Plans","Backflip+1","Deadly Poison+1","Infinite Blades","Snake Skull","Well Laid Plans","Finisher","Deadly Poison+1"],"campfire_rested":3,"item_purchase_floors":[10,10,28,28,37,37,44,46],"current_hp_per_floor":[61,61,61,61,38,2,2,23,23,23,44,36,29,27,27,21,58,60,60,60,60,61,52,53,53,59,59,59,54,60,68,68,47,69,76,76,76,76,76,76,76,70,76,76,82,82,82,52,76,35],"gold":64,"neow_bonus":"ONE_RARE_RELIC","is_prod":false,"is_daily":false,"chose_seed":false,"campfire_upgraded":6,"win_rate":0,"timestamp":1553121025,"path_taken":["M","?","M","?","M","E","?","R","T","?","R","M","?","M","R","BOSS","M","?","?","?","?","E","M","R","T","R","$","E","M","M","R","BOSS","M","?","$","?","M","R","?","M","T","$","E","$","R","E","R","BOSS"],"build_version":"2019-01-23","purchased_purges":1,"victory":true,"max_hp_per_floor":[70,70,70,70,70,70,70,70,70,70,70,70,70,70,70,70,70,70,70,70,70,70,70,70,70,76,76,76,76,76,76,76,76,76,76,76,76,76,76,76,76,76,82,82,82,82,82,82,82,82],"card_choices":[{"not_picked":["Deadly Poison","Poisoned Stab"],"picked":"Escape Plan","floor":1},{"not_picked":["Blade Dance","Riddle With Holes"],"picked":"Terror","floor":3},{"not_picked":["Prepared","Setup"],"picked":"Bouncing Flask","floor":4},{"not_picked":["Slice","Prepared"],"picked":"Dagger Spray","floor":5},{"not_picked":["Underhanded Strike","Prepared"],"picked":"Crippling Poison","floor":6},{"not_picked":["Adrenaline+1","Underhanded Strike"],"picked":"Cloak And Dagger+1","floor":12},{"not_picked":["Tactician+1","Finisher"],"picked":"Dodge and Roll+1","floor":14},{"not_picked":["Grand Finale","Phantasmal Killer+1"],"picked":"Storm of Steel+1","floor":16},{"not_picked":["Slice","Masterful Stab"],"picked":"Prepared+1","floor":18},{"not_picked":["Skewer","Dash"],"picked":"Blade Dance+1","floor":22},{"not_picked":["Backflip+1","Choke"],"picked":"After Image","floor":23},{"not_picked":["Quick Slash","Prepared+1"],"picked":"Choke+1","floor":24},{"not_picked":["Poisoned Stab+1","Dagger Throw"],"picked":"Deflect+1","floor":29},{"not_picked":["Bane","Deflect+1"],"picked":"Blade Dance+1","floor":30},{"not_picked":["Sucker Punch","Dagger Spray+1","Bane"],"picked":"SKIP","floor":31},{"not_picked":["Venomology+1","Unload"],"picked":"Die Die Die","floor":33},{"not_picked":["Quick Slash","Bane"],"picked":"Cloak And Dagger+1","floor":35},{"not_picked":["Flechettes","Sucker Punch","Prepared+1"],"picked":"SKIP","floor":38},{"not_picked":["Slice","Outmaneuver+1","Deadly Poison+1"],"picked":"SKIP","floor":39},{"not_picked":["Dodge and Roll+1","Underhanded Strike"],"picked":"Predator","floor":41},{"not_picked":["Poisoned Stab+1","Sucker Punch"],"picked":"Deflect+1","floor":42},{"not_picked":["Flechettes","Poisoned Stab"],"picked":"Dodge and Roll+1","floor":45},{"not_picked":["All Out Attack","Setup+1"],"picked":"Choke","floor":48}],"player_experience":425776,"relics_obtained":[{"floor":6,"key":"Dead Branch"},{"floor":9,"key":"Darkstone Periapt"},{"floor":23,"key":"Tiny Chest"},{"floor":26,"key":"Bag of Marbles"},{"floor":29,"key":"Ninja Scroll"},{"floor":43,"key":"Bottled Tornado"},{"floor":45,"key":"Boot"},{"floor":48,"key":"Blood Vial"}],"event_choices":[{"damage_healed":0,"gold_gain":100,"player_choice":"Pray","damage_taken":0,"max_hp_gain":0,"max_hp_loss":0,"event_name":"Golden Shrine","floor":2,"gold_loss":0},{"damage_healed":0,"gold_gain":0,"player_choice":"Gave Potion","damage_taken":0,"relics_obtained":["Toxic Egg 2"],"max_hp_gain":0,"max_hp_loss":0,"event_name":"WeMeetAgain","floor":7,"gold_loss":0},{"damage_healed":0,"gold_gain":0,"player_choice":"Success","damage_taken":7,"relics_obtained":["Pen Nib"],"max_hp_gain":0,"max_hp_loss":0,"event_name":"Scrap Ooze","floor":13,"gold_loss":0},{"damage_healed":0,"gold_gain":0,"player_choice":"Read","damage_taken":0,"max_hp_gain":0,"max_hp_loss":0,"event_name":"The Library","floor":19,"gold_loss":0,"cards_obtained":["Catalyst"]},{"damage_healed":0,"gold_gain":0,"player_choice":"Ignored","damage_taken":0,"max_hp_gain":0,"max_hp_loss":0,"event_name":"Vampires","floor":20,"gold_loss":0},{"damage_healed":0,"gold_gain":0,"player_choice":"Upgrade","damage_taken":0,"max_hp_gain":0,"max_hp_loss":0,"event_name":"Designer","floor":21,"gold_loss":40,"cards_upgraded":["Well Laid Plans"]},{"damage_healed":0,"gold_gain":0,"player_choice":"Got Potions","damage_taken":0,"max_hp_gain":0,"max_hp_loss":0,"event_name":"Lab","floor":36,"gold_loss":0}],"is_beta":false,"boss_relics":[{"not_picked":["Velvet Choker","WristBlade"],"picked":"Cursed Key"},{"not_picked":["Orrery","Eternal Feather"],"picked":"Astrolabe"}],"items_purged_floors":[28],"is_endless":false,"potions_floor_spawned":[4,5,6,16,22,29,33,41,42,48],"ascension_level":12}