{"gold_per_floor":[110,124,82,82,82,82,110,121,121,121,149,149,149,163,163,237,287,271,271,282,282],"floor_reached":21,"playtime":612,"items_purged":[],"score":382,"play_id":"48c962c8-38e6-4072-b712-0cc30ca86c00","local_time":"20190605221632","is_ascension_mode":true,"campfire_choices":[{"data":"Self Repair","floor":6,"key":"SMITH"},{"data":"White Noise","floor":10,"key":"SMITH"},{"floor":12,"key":"REST"},{"floor":13,"key":"REST"},{"data":"Leap","floor":15,"key":"SMITH"}],"neow_cost":"NONE","seed_source_timestamp":370430988402572,"circlet_count":0,"master_deck":["AscendersBane","Strike_B","Strike_B","Strike_B","Strike_B","Defend_B","Defend_B","Defend_B","Defend_B","Zap","Dualcast","White Noise+1","Rip and Tear+1","Self Repair+1","Compile Driver+1","Streamline+1","Electrodynamics","Leap+1","Rainbow+1","Steam Power","Melter+1","Purity","Conserve Battery"],"relics":["Cracked Core","NeowsBlessing","Molten Egg 2","WingedGreaves","Gremlin Horn","Omamori","Tiny House"],"potions_floor_usage":[11,11],"damage_taken":[{"damage":0,"enemies":"2 Louse","floor":1,"turns":1},{"damage":0,"enemies":"Small Slimes","floor":2,"turns":1},{"damage":0,"enemies":"Gremlin Nob","floor":7,"turns":1},{"damage":1,"enemies":"Cultist","floor":8,"turns":3},{"damage":30,"enemies":"Lagavulin","floor":11,"turns":5},{"damage":0,"enemies":"Large Slime","floor":14,"turns":3},{"damage":36,"enemies":"The Guardian","floor":16,"turns":9},{"damage":33,"enemies":"2 Thieves","floor":18,"turns":4},{"damage":19,"enemies":"3 Byrds","floor":20,"turns":3},{"damage":14,"enemies":"Shelled Parasite and Fungi","floor":21,"turns":1}],"seed_played":"-8278575127469535129","potions_obtained":[{"floor":1,"key":"Weak Potion"},{"floor":8,"key":"AttackPotion"},{"floor":11,"key":"Ancient Potion"},{"floor":17,"key":"Strength Potion"}],"is_trial":false,"path_per_floor":["M","M","$","?","?","R","E","M","T","R","E","R","R","M","R","B",null,"M","?","M","M"],"character_chosen":"DEFECT","items_purchased":["Self Repair"],"campfire_rested":2,"item_purchase_floors":[3],"current_hp_per_floor":[64,64,64,29,29,29,39,48,48,48,28,49,70,71,71,45,70,47,33,14,0],"gold":282,"neow_bonus":"THREE_ENEMY_KILL","is_prod":false,"is_daily":false,"chose_seed":false,"campfire_upgraded":3,"win_rate":0,"timestamp":1559798192,"path_taken":["M","M","$","?","?","R","E","M","T","R","E","R","R","M","R","BOSS","M","?","M","?"],"build_version":"2019-01-23","purchased_purges":0,"victory":false,"max_hp_per_floor":[71,71,71,71,71,71,71,71,71,71,71,71,71,71,71,71,76,76,76,76,76],"card_choices":[{"not_picked":["Recycle","Stack"],"picked":"White Noise","floor":1},{"not_picked":["Compile Driver","Sweeping Beam"],"picked":"Rip and Tear","floor":2},{"not_picked":["Rainbow","Reboot"],"picked":"Compile Driver+1","floor":7},{"not_picked":["Hologram","Barrage+1"],"picked":"Streamline+1","floor":8},{"not_picked":["Coolheaded","Rebound+1"],"picked":"Electrodynamics","floor":11},{"not_picked":["Aggregate","Heatsinks"],"picked":"Leap","floor":14},{"not_picked":["Amplify","Machine Learning"],"picked":"Rainbow","floor":16},{"not_picked":["Force Field","Stack"],"picked":"Steam Power","floor":17},{"not_picked":["Hologram","Stack"],"picked":"Melter+1","floor":18},{"not_picked":["Fusion","Streamline+1"],"picked":"Conserve Battery","floor":20}],"player_experience":953231,"relics_obtained":[{"floor":7,"key":"WingedGreaves"},{"floor":9,"key":"Gremlin Horn"},{"floor":11,"key":"Omamori"}],"event_choices":[{"damage_healed":0,"gold_gain":0,"player_choice":"Success","damage_taken":35,"relics_obtained":["Molten Egg 2"],"max_hp_gain":0,"max_hp_loss":0,"event_name":"Scrap Ooze","floor":4,"gold_loss":0},{"damage_healed":0,"gold_gain":0,"player_choice":"Grow","damage_taken":0,"max_hp_gain":0,"max_hp_loss":0,"event_name":"Living Wall","floor":5,"gold_loss":0,"cards_upgraded":["Rip and Tear"]},{"damage_healed":0,"gold_gain":0,"player_choice":"CARD ","damage_taken":14,"max_hp_gain":0,"max_hp_loss":0,"event_name":"Knowing Skull","floor":19,"potions_obtained":[],"gold_loss":0,"cards_obtained":["Purity"]}],"is_beta":false,"boss_relics":[{"not_picked":["Coffee Dripper","Calling Bell"],"picked":"Tiny House"}],"items_purged_floors":[],"is_endless":false,"potions_floor_spawned":[1,8,11],"killed_by":"Shelled Parasite and Fungi","ascension_level":16}