{"gold_per_floor":[118,118,128,141,141,141,141,175,202,219,219,249,249],"floor_reached":13,"playtime":651,"items_purged":[],"score":135,"play_id":"7a07c811-a0e6-4e67-b8da-ecab71235e23","local_time":"20190224204001","is_ascension_mode":true,"campfire_choices":[{"data":"Footwork","floor":6,"key":"SMITH"},{"data":"Crippling Poison","floor":11,"key":"SMITH"}],"neow_cost":"NONE","seed_source_timestamp":782642544277463,"circlet_count":0,"master_deck":["Defend_G","Defend_G","Defend_G","Defend_G","Defend_G","Strike_G","Strike_G","Strike_G","Strike_G","Survivor","Neutralize","Dagger Spray","Backflip","Footwork+1","Crippling Poison+1","Glass Knife"],"relics":["Ring of the Snake","NeowsBlessing","Anchor","Smiling Mask","Boot"],"potions_floor_usage":[13],"damage_taken":[{"damage":0,"enemies":"Cultist","floor":1,"turns":1},{"damage":0,"enemies":"Small Slimes","floor":3,"turns":1},{"damage":0,"enemies":"2 Louse","floor":4,"turns":1},{"damage":26,"enemies":"3 Sentries","floor":8,"turns":13},{"damage":1,"enemies":"2 Fungi Beasts","floor":10,"turns":4},{"damage":29,"enemies":"Lagavulin","floor":12,"turns":14},{"damage":9,"enemies":"Gremlin Gang","floor":13,"turns":3}],"seed_played":"-6506669500517943539","potions_obtained":[{"floor":3,"key":"Dexterity Potion"},{"floor":8,"key":"Weak Potion"}],"is_trial":false,"path_per_floor":["M","$","M","M","$","R","?","E","T","M","R","E","M"],"character_chosen":"THE_SILENT","items_purchased":[],"campfire_rested":0,"item_purchase_floors":[],"current_hp_per_floor":[63,63,63,63,63,63,63,37,37,36,36,7,0],"gold":249,"neow_bonus":"THREE_ENEMY_KILL","is_prod":false,"is_daily":false,"chose_seed":false,"campfire_upgraded":2,"win_rate":0,"timestamp":1551058801,"path_taken":["M","?","?","M","$","R","?","E","T","M","R","E","?"],"build_version":"2019-01-23","purchased_purges":0,"victory":false,"max_hp_per_floor":[70,70,70,70,70,70,70,70,70,70,70,70,70],"card_choices":[{"not_picked":["Sucker Punch","Tactician"],"picked":"Dagger Spray","floor":1},{"not_picked":["Quick Slash","Underhanded Strike"],"picked":"Backflip","floor":3},{"not_picked":["Dodge and Roll","Cloak And Dagger"],"picked":"Footwork","floor":4},{"not_picked":["PiercingWail","Dagger Throw"],"picked":"Crippling Poison","floor":8},{"not_picked":["Tactician","Skewer","Endless Agony"],"picked":"SKIP","floor":10},{"not_picked":["Tactician","Backflip"],"picked":"Glass Knife","floor":12}],"player_experience":316808,"relics_obtained":[{"floor":8,"key":"Anchor"},{"floor":9,"key":"Smiling Mask"},{"floor":12,"key":"Boot"}],"event_choices":[{"cards_removed":["Strike_G"],"damage_healed":0,"gold_gain":0,"player_choice":"Offered Basic","damage_taken":0,"max_hp_gain":0,"max_hp_loss":0,"event_name":"Bonfire Elementals","floor":7,"gold_loss":0}],"is_beta":false,"boss_relics":[],"items_purged_floors":[],"is_endless":false,"potions_floor_spawned":[3,8],"killed_by":"Gremlin Gang","ascension_level":9}