{"gold_per_floor":[117,117,292,292,307,347,70,70,70,70,95,109,124,140,140,266,266,291,310,435,475,475,515,515,535,586,600,870,906,506,529,529,648,648,667,126,126,149,274,274,274,274,319,319,334,403,403,80,80,80],"floor_reached":51,"playtime":1919,"items_purged":["Doubt","Strike_R","Strike_R","Strike_R"],"score":858,"play_id":"c47388d9-b23e-4c7a-aa89-a50a20f703d6","local_time":"20190515111828","is_ascension_mode":false,"campfire_choices":[{"data":"Armaments","floor":8,"key":"SMITH"},{"data":"Uppercut","floor":15,"key":"SMITH"},{"data":"Bash","floor":24,"key":"SMITH"},{"floor":32,"key":"REST"},{"data":"Body Slam","floor":40,"key":"SMITH"},{"data":"Flame Barrier","floor":42,"key":"SMITH"},{"data":"Barricade","floor":44,"key":"SMITH"},{"data":"Impervious","floor":47,"key":"SMITH"},{"data":"Shrug It Off","floor":49,"key":"SMITH"}],"neow_cost":"NONE","seed_source_timestamp":746248207306798,"circlet_count":0,"master_deck":["Defend_R","Defend_R","Defend_R","Bash+1","Armaments+1","Shrug It Off+1","Uppercut+1","Berserk","Body Slam+1","Feed","Whirlwind+1","Pommel Strike+1","Flame Barrier+1","Barricade+1","Impervious+1","Flame Barrier+1","Demon Form+1","Ghostly Armor+1","Demon Form+1","Metallicize+1"],"relics":["Burning Blood","NeowsBlessing","Golden Idol","Dodecahedron","ClockworkSouvenir","Paper Frog","Philosopher\u0027s Stone","Magic Flower","Pantograph","Red Mask","Red Skull","Orichalcum","Boot","Ancient Tea Set","Happy Flower","Sozu","Frozen Egg 2","Dead Branch","Smiling Mask","Champion Belt","DollysMirror"],"potions_floor_usage":[16,18,20,20,29,33,46],"damage_taken":[{"damage":0,"enemies":"2 Louse","floor":1,"turns":1},{"damage":0,"enemies":"Small Slimes","floor":5,"turns":1},{"damage":0,"enemies":"Lagavulin","floor":6,"turns":1},{"damage":16,"enemies":"Jaw Worm","floor":11,"turns":5},{"damage":0,"enemies":"2 Fungi Beasts","floor":12,"turns":4},{"damage":5,"enemies":"Large Slime","floor":13,"turns":7},{"damage":0,"enemies":"Blue Slaver","floor":14,"turns":6},{"damage":0,"enemies":"Hexaghost","floor":16,"turns":7},{"damage":7,"enemies":"2 Thieves","floor":18,"turns":3},{"damage":0,"enemies":"Chosen","floor":19,"turns":4},{"damage":14,"enemies":"Colosseum Slavers","floor":20,"turns":2},{"damage":6,"enemies":"Colosseum Nobs","floor":20,"turns":3},{"damage":0,"enemies":"Masked Bandits","floor":21,"turns":2},{"damage":16,"enemies":"Gremlin Leader","floor":23,"turns":4},{"damage":5,"enemies":"Snecko","floor":25,"turns":4},{"damage":6,"enemies":"3 Cultists","floor":27,"turns":4},{"damage":19,"enemies":"Slavers","floor":29,"turns":5},{"damage":3,"enemies":"Centurion and Healer","floor":31,"turns":6},{"damage":4,"enemies":"Champ","floor":33,"turns":10},{"damage":10,"enemies":"3 Shapes","floor":35,"turns":4},{"damage":0,"enemies":"3 Darklings","floor":38,"turns":4},{"damage":0,"enemies":"Mind Bloom Boss Battle","floor":39,"turns":2},{"damage":3,"enemies":"4 Shapes","floor":45,"turns":5},{"damage":0,"enemies":"2 Orb Walkers","floor":46,"turns":4},{"damage":9,"enemies":"Time Eater","floor":50,"turns":6}],"seed_played":"2601223818320374796","potions_obtained":[{"floor":6,"key":"Explosive Potion"},{"floor":14,"key":"SkillPotion"},{"floor":16,"key":"SkillPotion"},{"floor":18,"key":"SpeedPotion"},{"floor":23,"key":"SkillPotion"},{"floor":25,"key":"SteroidPotion"},{"floor":31,"key":"Swift Potion"}],"is_trial":false,"path_per_floor":["M","?","?","?","M","E","$","R","T","?","M","M","M","M","R","B",null,"M","M","?","?","?","E","R","M","T","M","?","E","$","M","R","B",null,"M","$","?","M","?","R","?","R","T","R","M","?","R","$","R","B",null],"character_chosen":"IRONCLAD","items_purchased":["ClockworkSouvenir","Ancient Tea Set","Happy Flower","Frozen Egg 2","Demon Form+1","DollysMirror","Metallicize+1"],"campfire_rested":1,"item_purchase_floors":[7,30,30,36,36,48,48],"current_hp_per_floor":[80,80,80,60,66,72,72,72,72,65,55,61,62,68,68,74,80,82,83,81,89,89,82,82,86,86,92,56,52,52,63,92,102,102,101,101,101,102,102,102,102,102,102,102,105,108,108,108,108,108],"gold":80,"neow_bonus":"THREE_ENEMY_KILL","is_prod":false,"is_daily":false,"chose_seed":false,"campfire_upgraded":8,"win_rate":0,"timestamp":1557933508,"path_taken":["M","?","?","?","M","E","?","R","T","?","M","M","M","M","R","BOSS","M","M","?","?","?","E","R","M","T","?","?","E","$","?","R","BOSS","M","$","?","M","?","R","?","R","T","R","M","?","R","$","R","BOSS"],"build_version":"2019-01-23","purchased_purges":4,"victory":true,"max_hp_per_floor":[80,80,80,80,80,80,80,80,80,80,80,80,80,80,80,80,80,83,83,89,89,89,89,89,89,89,92,92,96,96,99,99,102,102,102,102,102,102,102,102,102,102,102,102,105,108,108,108,108,108],"card_choices":[{"not_picked":["Thunderclap","Bloodletting"],"picked":"Armaments","floor":1},{"not_picked":["Sword Boomerang","Body Slam","Wild Strike"],"picked":"SKIP","floor":5},{"not_picked":["Sever Soul","Fire Breathing","Sentinel"],"picked":"SKIP","floor":6},{"not_picked":["Warcry","Headbutt"],"picked":"Shrug It Off","floor":11},{"not_picked":["Clothesline","Evolve"],"picked":"Uppercut","floor":12},{"not_picked":["Heavy Blade","Armaments"],"picked":"Berserk","floor":13},{"not_picked":["Infernal Blade","Iron Wave"],"picked":"Body Slam","floor":14},{"not_picked":["Fiend Fire","Barricade"],"picked":"Feed","floor":16},{"not_picked":["Perfected Strike+1","Armaments"],"picked":"Whirlwind+1","floor":18},{"not_picked":["Ghostly Armor+1","Headbutt"],"picked":"Pommel Strike+1","floor":19},{"not_picked":["Anger+1","Metallicize+1","Perfected Strike"],"picked":"SKIP","floor":23},{"not_picked":["Rampage","Second Wind","Pommel Strike"],"picked":"SKIP","floor":25},{"not_picked":["Heavy Blade","Battle Trance","Hemokinesis+1"],"picked":"SKIP","floor":27},{"not_picked":["Ghostly Armor","Shrug It Off+1"],"picked":"Flame Barrier","floor":29},{"not_picked":["Clothesline","Sever Soul"],"picked":"Barricade","floor":31},{"not_picked":["Juggernaut","Feed"],"picked":"Impervious","floor":33},{"not_picked":["True Grit+1","Heavy Blade+1"],"picked":"Flame Barrier+1","floor":35},{"not_picked":["Flex+1","Clothesline+1","Blood for Blood+1"],"picked":"SKIP","floor":38},{"not_picked":["Heavy Blade","Iron Wave"],"picked":"Ghostly Armor+1","floor":39},{"not_picked":["Cleave+1","Armaments","Warcry+1"],"picked":"SKIP","floor":45}],"player_experience":707756,"relics_obtained":[{"floor":6,"key":"Dodecahedron"},{"floor":9,"key":"Paper Frog"},{"floor":20,"key":"Magic Flower"},{"floor":20,"key":"Pantograph"},{"floor":21,"key":"Red Mask"},{"floor":23,"key":"Red Skull"},{"floor":26,"key":"Orichalcum"},{"floor":29,"key":"Boot"},{"floor":39,"key":"Dead Branch"},{"floor":43,"key":"Smiling Mask"},{"floor":46,"key":"Champion Belt"}],"event_choices":[{"cards_removed":["Strike_R"],"damage_healed":0,"gold_gain":0,"player_choice":"Forget","damage_taken":0,"max_hp_gain":0,"max_hp_loss":0,"event_name":"Living Wall","floor":2,"gold_loss":0},{"damage_healed":0,"gold_gain":175,"player_choice":"AGREE","damage_taken":0,"max_hp_gain":0,"max_hp_loss":0,"event_name":"Liars Game","floor":3,"gold_loss":0,"cards_obtained":["Doubt"]},{"damage_healed":0,"gold_gain":0,"player_choice":"Take Damage","damage_taken":20,"relics_obtained":["Golden Idol"],"max_hp_gain":0,"max_hp_loss":0,"event_name":"Golden Idol","floor":4,"gold_loss":0},{"cards_removed":["Strike_R"],"damage_healed":0,"gold_gain":0,"player_choice":"Card Removal","damage_taken":7,"max_hp_gain":0,"max_hp_loss":0,"event_name":"Golden Wing","floor":10,"gold_loss":0},{"damage_healed":0,"gold_gain":0,"player_choice":"Fight","damage_taken":0,"max_hp_gain":0,"max_hp_loss":0,"event_name":"Colosseum","floor":20,"gold_loss":0},{"damage_healed":0,"gold_gain":0,"player_choice":"Fought Nobs","damage_taken":0,"max_hp_gain":0,"max_hp_loss":0,"event_name":"Colosseum","floor":20,"gold_loss":0},{"damage_healed":0,"gold_gain":0,"player_choice":"Fought Bandits","damage_taken":0,"max_hp_gain":0,"max_hp_loss":0,"event_name":"Masked Bandits","floor":21,"gold_loss":0},{"damage_healed":0,"gold_gain":0,"player_choice":"Ignored","damage_taken":0,"max_hp_gain":0,"max_hp_loss":0,"event_name":"Vampires","floor":22,"gold_loss":0},{"damage_healed":0,"gold_gain":270,"player_choice":"GOLD GOLD GOLD ","damage_taken":36,"max_hp_gain":0,"max_hp_loss":0,"event_name":"Knowing Skull","floor":28,"potions_obtained":[],"gold_loss":0,"cards_obtained":[]},{"cards_removed":["Defend_R"],"damage_healed":0,"gold_gain":0,"player_choice":"Removed Skill","damage_taken":0,"max_hp_gain":0,"max_hp_loss":0,"event_name":"Falling","floor":37,"gold_loss":0},{"damage_healed":0,"gold_gain":0,"player_choice":"Fight","damage_taken":0,"max_hp_gain":0,"max_hp_loss":0,"event_name":"MindBloom","floor":39,"gold_loss":0},{"damage_healed":0,"gold_gain":0,"player_choice":"Memory 1","damage_taken":0,"max_hp_gain":0,"max_hp_loss":0,"event_name":"SensoryStone","floor":41,"gold_loss":0},{"damage_healed":0,"gold_gain":0,"player_choice":"Fight","damage_taken":0,"max_hp_gain":0,"max_hp_loss":0,"event_name":"Mysterious Sphere","floor":46,"gold_loss":0}],"is_beta":false,"boss_relics":[{"not_picked":["Calling Bell","Empty Cage"],"picked":"Philosopher\u0027s Stone"},{"not_picked":["Mark of Pain","Astrolabe"],"picked":"Sozu"}],"items_purged_floors":[7,30,36,48],"is_endless":false,"potions_floor_spawned":[6,14,16,18,20,23,25,31,35,38,39],"ascension_level":0}