{"gold_per_floor":[119,119,131,141,151,151,167,186,209,235,235,235,235,235,235,332,332,344,359,377,148,158,158,178,193,220,234,234,234,261,58,58,58],"floor_reached":33,"playtime":2222,"items_purged":["Strike_G","Decay"],"score":273,"play_id":"064ba074-d1f2-4c81-ba2c-231b23b5b97a","local_time":"20190615160822","is_ascension_mode":false,"campfire_choices":[{"data":"Terror","floor":6,"key":"SMITH"},{"data":"Skewer","floor":11,"key":"SMITH"},{"data":"Defend_G","floor":13,"key":"SMITH"},{"data":"Quick Slash","floor":15,"key":"SMITH"},{"floor":23,"key":"REST"},{"floor":32,"key":"REST"}],"neow_cost":"NONE","seed_source_timestamp":662663754516396,"circlet_count":0,"master_deck":["Defend_G+1","Defend_G","Defend_G","Defend_G+1","Defend_G+1","Strike_G","Strike_G","Strike_G","Strike_G","Survivor","Neutralize","Dash","Terror+1","Dagger Throw","Quick Slash+1","Skewer+1","Corpse Explosion","Tactician+1","Blur","Dagger Throw"],"relics":["Ring of the Snake","Regal Pillow","Eternal Feather","War Paint","Blood Vial","Bottled Flame","Centennial Puzzle"],"potions_floor_usage":[5,8,10,12,20,22,25,30,33,33],"damage_taken":[{"damage":0,"enemies":"2 Louse","floor":1,"turns":3},{"damage":0,"enemies":"Cultist","floor":3,"turns":3},{"damage":0,"enemies":"Jaw Worm","floor":4,"turns":3},{"damage":0,"enemies":"Looter","floor":5,"turns":3},{"damage":0,"enemies":"Red Slaver","floor":7,"turns":3},{"damage":0,"enemies":"Large Slime","floor":8,"turns":4},{"damage":5,"enemies":"Lagavulin","floor":10,"turns":6},{"damage":7,"enemies":"Gremlin Gang","floor":12,"turns":2},{"damage":35,"enemies":"Slime Boss","floor":16,"turns":14},{"damage":4,"enemies":"Shell Parasite","floor":18,"turns":7},{"damage":14,"enemies":"2 Thieves","floor":19,"turns":3},{"damage":17,"enemies":"Snake Plant","floor":20,"turns":5},{"damage":24,"enemies":"Centurion and Healer","floor":22,"turns":7},{"damage":15,"enemies":"Snecko","floor":24,"turns":6},{"damage":0,"enemies":"3 Cultists","floor":25,"turns":4},{"damage":10,"enemies":"Shelled Parasite and Fungi","floor":27,"turns":11},{"damage":31,"enemies":"Book of Stabbing","floor":30,"turns":7},{"damage":56,"enemies":"Champ","floor":33,"turns":13}],"seed_played":"-1697841016660257630","potions_obtained":[{"floor":2,"key":"SmokeBomb"},{"floor":2,"key":"Weak Potion"},{"floor":2,"key":"Fire Potion"},{"floor":5,"key":"PowerPotion"},{"floor":7,"key":"SkillPotion"},{"floor":18,"key":"Strength Potion"},{"floor":19,"key":"Explosive Potion"},{"floor":24,"key":"SkillPotion"},{"floor":27,"key":"SteroidPotion"},{"floor":30,"key":"SpeedPotion"}],"is_trial":false,"path_per_floor":["M","?","M","M","M","R","M","M","T","E","R","M","R","?","R","B",null,"M","M","M","$","M","R","M","M","T","M","?","T","E","$","R","B"],"character_chosen":"THE_SILENT","items_purchased":["War Paint","Dagger Throw","Dexterity Potion"],"campfire_rested":2,"item_purchase_floors":[21,31,31],"current_hp_per_floor":[70,70,70,70,70,70,70,70,70,65,65,58,58,58,58,23,70,66,52,35,35,11,56,41,41,41,33,33,33,4,4,52,0],"gold":58,"neow_bonus":"UPGRADE_CARD","is_prod":false,"is_daily":false,"chose_seed":false,"campfire_upgraded":4,"win_rate":0,"timestamp":1560640102,"path_taken":["M","?","M","M","M","R","M","M","T","E","R","?","R","?","R","BOSS","M","M","M","$","M","R","M","M","T","M","?","?","E","$","R","BOSS"],"build_version":"2019-01-23","purchased_purges":2,"victory":false,"max_hp_per_floor":[70,70,70,70,70,70,70,70,70,70,70,70,70,70,70,70,70,70,70,70,70,70,70,70,70,70,70,70,70,70,70,70,70],"card_choices":[{"not_picked":["Deadly Poison","Acrobatics"],"picked":"Dash","floor":1},{"not_picked":["Concentrate","Dagger Throw"],"picked":"Terror","floor":3},{"not_picked":["Heel Hook","Dodge and Roll","Deflect"],"picked":"SKIP","floor":4},{"not_picked":["Dodge and Roll","Outmaneuver"],"picked":"Dagger Throw","floor":5},{"not_picked":["Heel Hook","Dash","Crippling Poison"],"picked":"SKIP","floor":7},{"not_picked":["Choke","Caltrops"],"picked":"Quick Slash","floor":8},{"not_picked":["Distraction","Backflip"],"picked":"Skewer","floor":10},{"not_picked":["Unload","Adrenaline"],"picked":"Corpse Explosion","floor":16},{"not_picked":["Underhanded Strike","Prepared","Backstab"],"picked":"SKIP","floor":18},{"not_picked":["Prepared+1","Reflex"],"picked":"Tactician","floor":19},{"not_picked":["Masterful Stab","Underhanded Strike","PiercingWail+1"],"picked":"SKIP","floor":20},{"not_picked":["Underhanded Strike+1","Choke","All Out Attack"],"picked":"SKIP","floor":22},{"not_picked":["Heel Hook","Slice","Endless Agony"],"picked":"SKIP","floor":24},{"not_picked":["Dash+1","Caltrops","Eviscerate"],"picked":"SKIP","floor":25},{"not_picked":["Leg Sweep","Dodge and Roll+1"],"picked":"Blur","floor":27},{"not_picked":["Flying Knee","Dodge and Roll","Corpse Explosion"],"picked":"SKIP","floor":30}],"player_experience":387810,"relics_obtained":[{"floor":10,"key":"Regal Pillow"},{"floor":26,"key":"Blood Vial"},{"floor":29,"key":"Bottled Flame"},{"floor":30,"key":"Centennial Puzzle"}],"event_choices":[{"damage_healed":0,"gold_gain":0,"player_choice":"Got Potions","damage_taken":0,"max_hp_gain":0,"max_hp_loss":0,"event_name":"Lab","floor":2,"gold_loss":0},{"damage_healed":0,"gold_gain":0,"player_choice":"Ignored","damage_taken":0,"max_hp_gain":0,"max_hp_loss":0,"event_name":"Liars Game","floor":14,"gold_loss":0},{"damage_healed":0,"gold_gain":0,"player_choice":"Smashed Altar","damage_taken":0,"max_hp_gain":0,"max_hp_loss":0,"event_name":"Forgotten Altar","floor":28,"gold_loss":0,"cards_obtained":["Decay"]}],"is_beta":false,"boss_relics":[{"not_picked":["Fusion Hammer","HoveringKite"],"picked":"Eternal Feather"}],"items_purged_floors":[21,31],"is_endless":false,"potions_floor_spawned":[4,5,7,12,18,19,24,27,30],"killed_by":"Champ","ascension_level":0}