{"gold_per_floor":[109,109,109,32,32,58,58,70,147,157,69,219,233,252,252,252],"floor_reached":16,"playtime":466,"items_purged":[],"score":229,"play_id":"dc405e17-b9ce-4c1c-a983-1ccdfa1b5d42","local_time":"20190602171655","is_ascension_mode":true,"campfire_choices":[{"data":"Chaos","floor":7,"key":"SMITH"},{"data":"Leap","floor":15,"key":"SMITH"}],"neow_cost":"NONE","seed_source_timestamp":93404378652689,"circlet_count":0,"master_deck":["AscendersBane","Strike_B","Strike_B","Strike_B","Strike_B","Defend_B","Defend_B","Defend_B","Defend_B","Zap","Dualcast","Capacitor+1","Self Repair+1","Chaos+1","Leap+1","Biased Cognition+1","Heatsinks+1","Doubt"],"relics":["Cracked Core","NeowsBlessing","Boot","Frozen Egg 2"],"potions_floor_usage":[10,10],"damage_taken":[{"damage":0,"enemies":"2 Louse","floor":1,"turns":1},{"damage":0,"enemies":"Cultist","floor":3,"turns":1},{"damage":0,"enemies":"3 Sentries","floor":6,"turns":2},{"damage":9,"enemies":"Small Slimes","floor":8,"turns":3},{"damage":3,"enemies":"Gremlin Gang","floor":10,"turns":6},{"damage":21,"enemies":"Exordium Thugs","floor":13,"turns":5},{"damage":5,"enemies":"2 Fungi Beasts","floor":14,"turns":4},{"damage":65,"enemies":"Hexaghost","floor":16,"turns":9}],"seed_played":"-40520169014213714","potions_obtained":[{"floor":1,"key":"SkillPotion"},{"floor":6,"key":"Strength Potion"},{"floor":8,"key":"Fire Potion"}],"is_trial":false,"path_per_floor":["M","?","M","$","?","E","R","M","T","M","$","?","M","M","R","B"],"character_chosen":"DEFECT","items_purchased":["Self Repair","Heatsinks+1"],"campfire_rested":0,"item_purchase_floors":[4,11],"current_hp_per_floor":[64,64,64,64,64,71,71,71,71,71,71,71,60,65,65,0],"gold":252,"neow_bonus":"THREE_ENEMY_KILL","is_prod":false,"is_daily":false,"chose_seed":false,"campfire_upgraded":2,"win_rate":0,"timestamp":1559521015,"path_taken":["M","?","M","?","?","E","R","?","T","M","$","?","M","M","R","BOSS"],"build_version":"2019-01-23","purchased_purges":0,"victory":false,"max_hp_per_floor":[71,71,71,71,71,71,71,71,71,71,71,71,71,71,71,71],"card_choices":[{"not_picked":["Fusion","Go for the Eyes"],"picked":"Capacitor","floor":1},{"not_picked":["Steam Power","Rebound","Capacitor"],"picked":"SKIP","floor":3},{"not_picked":["Lockon","Hologram"],"picked":"Chaos","floor":6},{"not_picked":["Rebound","Coolheaded"],"picked":"Leap","floor":8},{"not_picked":["Coolheaded","Steam Power"],"picked":"Biased Cognition+1","floor":10},{"not_picked":["Barrage","Streamline","Doom and Gloom"],"picked":"SKIP","floor":13},{"not_picked":["Gash","Redo","Reinforced Body"],"picked":"SKIP","floor":14}],"player_experience":946600,"relics_obtained":[{"floor":6,"key":"Boot"},{"floor":9,"key":"Frozen Egg 2"}],"event_choices":[{"damage_healed":0,"gold_gain":0,"player_choice":"Upgraded","damage_taken":0,"max_hp_gain":0,"max_hp_loss":0,"event_name":"Upgrade Shrine","floor":2,"gold_loss":0,"cards_upgraded":["Capacitor"]},{"damage_healed":0,"gold_gain":0,"player_choice":"Forge","damage_taken":0,"max_hp_gain":0,"max_hp_loss":0,"event_name":"Accursed Blacksmith","floor":5,"gold_loss":0,"cards_upgraded":["Self Repair"]},{"damage_healed":0,"gold_gain":150,"player_choice":"AGREE","damage_taken":0,"max_hp_gain":0,"max_hp_loss":0,"event_name":"Liars Game","floor":12,"gold_loss":0,"cards_obtained":["Doubt"]}],"is_beta":false,"boss_relics":[],"items_purged_floors":[],"is_endless":false,"potions_floor_spawned":[1,6,8],"killed_by":"Hexaghost","ascension_level":16}