{"gold_per_floor":[117,130,146,67,67,67,67,103,103,121,121,154,154,65,65,155,155,168,168,168,188,206,206,221,268,293,293,318,331,331,355,355,446,446,459,459,792,792,892,892,909,909,909,909,909,942,649,667,667,667],"floor_reached":51,"playtime":2485,"items_purged":["Writhe"],"score":1470,"play_id":"17649f95-859f-49a3-b64d-3f159a394213","local_time":"20190616193211","is_ascension_mode":true,"campfire_choices":[{"data":"Spot Weakness","floor":6,"key":"SMITH"},{"floor":11,"key":"REST"},{"floor":13,"key":"REST"},{"floor":15,"key":"REST"},{"floor":23,"key":"REST"},{"data":"Corruption","floor":32,"key":"SMITH"},{"data":"Madness","floor":40,"key":"SMITH"},{"data":"Dark Embrace","floor":42,"key":"SMITH"},{"data":"Corruption","floor":44,"key":"SMITH"},{"data":"Defend_R","floor":49,"key":"SMITH"}],"neow_cost":"NONE","seed_source_timestamp":331565501368492,"circlet_count":0,"master_deck":["AscendersBane","Defend_R","Defend_R","Defend_R","Defend_R+1","Bash","Spot Weakness+1","Evolve+1","Cleave","Ghostly Armor","True Grit","Bloodletting","Corruption+1","Feed","True Grit","Necronomicurse","Bite","Bite","Bite","Bite","Bite","Shrug It Off","Armaments+1","Reaper","Ghostly Armor","Havoc","Corruption+1","Dark Embrace+1","Sever Soul","Madness","Madness+1","Shrug It Off","Body Slam+1"],"relics":["Burning Blood","NeowsBlessing","Dead Branch","Bottled Tornado","Oddly Smooth Stone","Mark of Pain","Necronomicon","Juzu Bracelet","Lantern","Meat on the Bone","Sozu","Gambling Chip","Ice Cream","GremlinMask","Mercury Hourglass","Centennial Puzzle"],"potions_floor_usage":[8,8,16,22,24,33,50],"damage_taken":[{"damage":0,"enemies":"Cultist","floor":1,"turns":1},{"damage":0,"enemies":"Small Slimes","floor":2,"turns":1},{"damage":0,"enemies":"2 Louse","floor":3,"turns":1},{"damage":39,"enemies":"Gremlin Nob","floor":8,"turns":4},{"damage":19,"enemies":"Exordium Wildlife","floor":10,"turns":7},{"damage":32,"enemies":"3 Sentries","floor":12,"turns":8},{"damage":43,"enemies":"The Guardian","floor":16,"turns":6},{"damage":9,"enemies":"Chosen","floor":18,"turns":5},{"damage":29,"enemies":"Spheric Guardian","floor":21,"turns":5},{"damage":22,"enemies":"Snake Plant","floor":22,"turns":3},{"damage":0,"enemies":"Snecko","floor":24,"turns":3},{"damage":44,"enemies":"Cultist and Chosen","floor":28,"turns":7},{"damage":3,"enemies":"Centurion and Healer","floor":29,"turns":5},{"damage":0,"enemies":"Chosen and Byrds","floor":31,"turns":5},{"damage":21,"enemies":"Champ","floor":33,"turns":7},{"damage":3,"enemies":"3 Darklings","floor":35,"turns":2},{"damage":7,"enemies":"Mind Bloom Boss Battle","floor":39,"turns":5},{"damage":5,"enemies":"Orb Walker","floor":41,"turns":2},{"damage":19,"enemies":"Reptomancer","floor":46,"turns":4},{"damage":6,"enemies":"Sphere and 2 Shapes","floor":48,"turns":2},{"damage":16,"enemies":"Time Eater","floor":50,"turns":6}],"seed_played":"1479612555907574787","potions_obtained":[{"floor":2,"key":"Poison Potion"},{"floor":3,"key":"LiquidBronze"},{"floor":10,"key":"SteroidPotion"},{"floor":16,"key":"Energy Potion"},{"floor":21,"key":"SteroidPotion"},{"floor":22,"key":"SpeedPotion"},{"floor":31,"key":"SkillPotion"},{"floor":33,"key":"Dexterity Potion"}],"is_trial":false,"path_per_floor":["M","M","M","$","?","R","?","E","T","M","R","E","R","$","R","B",null,"M","?","?","M","M","R","M","T","T","?","M","M","?","M","R","B",null,"M","?","?","?","?","R","M","R","T","R","?","E","$","M","R","B",null],"character_chosen":"IRONCLAD","items_purchased":["Ghostly Armor","Corruption","Shrug It Off","Centennial Puzzle"],"campfire_rested":4,"item_purchase_floors":[4,14,47,47],"current_hp_per_floor":[74,75,75,75,68,68,68,35,35,22,42,16,36,36,56,19,56,53,32,32,21,11,25,39,39,39,39,17,31,31,43,43,40,48,50,50,50,41,47,47,50,50,50,50,50,45,45,52,52,51],"gold":667,"neow_bonus":"THREE_ENEMY_KILL","is_prod":false,"is_daily":false,"chose_seed":false,"campfire_upgraded":6,"win_rate":0,"timestamp":1560738731,"path_taken":["M","M","?","$","?","R","?","E","T","M","R","E","R","?","R","BOSS","M","?","?","M","M","R","M","?","T","?","M","M","?","M","R","BOSS","M","?","?","?","?","R","M","R","T","R","?","E","?","M","R","BOSS"],"build_version":"2019-01-23","purchased_purges":1,"victory":true,"max_hp_per_floor":[75,75,75,75,68,68,68,68,68,68,68,68,68,68,68,68,68,68,68,47,47,47,47,47,47,47,47,50,50,50,50,50,50,50,50,50,50,50,50,50,50,50,50,50,50,50,50,53,53,53],"card_choices":[{"not_picked":["Clothesline","Feel No Pain"],"picked":"Spot Weakness","floor":1},{"not_picked":["Searing Blow","Bloodletting"],"picked":"Evolve","floor":2},{"not_picked":["Twin Strike","Entrench"],"picked":"Cleave","floor":3},{"not_picked":["Shrug It Off","Clothesline"],"picked":"True Grit","floor":8},{"not_picked":["Headbutt","Pommel Strike"],"picked":"Bloodletting","floor":10},{"not_picked":["Pommel Strike","Havoc","Dual Wield"],"picked":"SKIP","floor":12},{"not_picked":["Dark Embrace","Offering"],"picked":"Feed","floor":16},{"not_picked":["Clash","Sword Boomerang"],"picked":"True Grit","floor":18},{"not_picked":["Thunderclap","Twin Strike"],"picked":"Shrug It Off","floor":21},{"not_picked":["Rampage","Wild Strike"],"picked":"Armaments+1","floor":22},{"not_picked":["Hemokinesis","Iron Wave"],"picked":"Reaper","floor":24},{"not_picked":["Power Through","Perfected Strike"],"picked":"Ghostly Armor","floor":28},{"not_picked":["Clash","Perfected Strike"],"picked":"Havoc","floor":29},{"not_picked":["Sword Boomerang","Hemokinesis+1"],"picked":"Corruption","floor":31},{"not_picked":["Limit Break","Brutality"],"picked":"Dark Embrace","floor":33},{"not_picked":["Searing Blow","Wild Strike"],"picked":"Sever Soul","floor":35},{"not_picked":["Infernal Blade","Wild Strike+1","Heavy Blade"],"picked":"SKIP","floor":41},{"not_picked":["Clash","Armaments","Havoc"],"picked":"SKIP","floor":46},{"not_picked":["Anger","True Grit"],"picked":"Body Slam+1","floor":48}],"player_experience":1024579,"relics_obtained":[{"floor":8,"key":"Dead Branch"},{"floor":9,"key":"Bottled Tornado"},{"floor":12,"key":"Oddly Smooth Stone"},{"floor":19,"key":"Necronomicon"},{"floor":25,"key":"Juzu Bracelet"},{"floor":26,"key":"Lantern"},{"floor":39,"key":"Gambling Chip"},{"floor":43,"key":"Ice Cream"},{"floor":46,"key":"Mercury Hourglass"}],"event_choices":[{"damage_healed":0,"gold_gain":0,"player_choice":"Lose Max HP","damage_taken":0,"relics_obtained":["Golden Idol"],"max_hp_gain":0,"max_hp_loss":7,"event_name":"Golden Idol","floor":5,"gold_loss":0},{"damage_healed":0,"gold_gain":0,"player_choice":"Grow","damage_taken":0,"max_hp_gain":0,"max_hp_loss":0,"event_name":"Living Wall","floor":7,"gold_loss":0,"cards_upgraded":["Evolve"]},{"damage_healed":0,"gold_gain":0,"player_choice":"Obtained Book","damage_taken":21,"max_hp_gain":0,"max_hp_loss":0,"event_name":"Cursed Tome","floor":19,"gold_loss":0},{"damage_healed":0,"gold_gain":0,"player_choice":"Became a vampire","damage_taken":0,"max_hp_gain":0,"max_hp_loss":21,"event_name":"Vampires","floor":20,"gold_loss":0,"cards_obtained":["Bite","Bite","Bite","Bite","Bite"]},{"damage_healed":0,"gold_gain":0,"player_choice":"Ignored","damage_taken":0,"max_hp_gain":0,"max_hp_loss":0,"event_name":"Ghosts","floor":27,"gold_loss":0},{"damage_healed":0,"gold_gain":0,"player_choice":"Opened","damage_taken":0,"relics_obtained":["Meat on the Bone"],"max_hp_gain":0,"max_hp_loss":0,"event_name":"The Mausoleum","floor":30,"gold_loss":0,"cards_obtained":["Writhe"]},{"damage_healed":0,"gold_gain":0,"player_choice":"Ignored","damage_taken":0,"max_hp_gain":0,"max_hp_loss":0,"event_name":"Mysterious Sphere","floor":36,"gold_loss":0},{"damage_healed":0,"gold_gain":333,"player_choice":"Gave Idol","damage_taken":0,"max_hp_gain":0,"max_hp_loss":0,"event_name":"The Moai Head","floor":37,"relics_lost":["Golden Idol"],"gold_loss":0},{"damage_healed":0,"gold_gain":0,"player_choice":"Embrace Madness","damage_taken":9,"max_hp_gain":0,"max_hp_loss":0,"event_name":"Winding Halls","floor":38,"gold_loss":0,"cards_obtained":["Madness","Madness"]},{"damage_healed":0,"gold_gain":0,"player_choice":"Fight","damage_taken":0,"max_hp_gain":0,"max_hp_loss":0,"event_name":"MindBloom","floor":39,"gold_loss":0},{"damage_healed":0,"gold_gain":0,"player_choice":"Trade","damage_taken":0,"relics_obtained":["GremlinMask"],"max_hp_gain":0,"max_hp_loss":0,"event_name":"FaceTrader","floor":45,"gold_loss":0}],"is_beta":false,"boss_relics":[{"not_picked":["Black Blood","Velvet Choker"],"picked":"Mark of Pain"},{"not_picked":["White Beast Statue","Eternal Feather"],"picked":"Sozu"}],"items_purged_floors":[47],"is_endless":false,"potions_floor_spawned":[2,3,10,16,21,22,31,33,35,39],"ascension_level":18}