{"gold_per_floor":[112,112,138,196,221,260,272,314,326,73,53,73,88,99,99,202,202,221,234,105,122,140,140,16,16,16,16,31,45,58,72,72,172,172,185,200,52,67,67,67,67],"floor_reached":41,"playtime":2081,"items_purged":["Strike_B","Doom and Gloom"],"score":532,"play_id":"e91096cf-4328-4b2c-b440-de6ab0a89c1d","local_time":"20190213152610","is_ascension_mode":true,"campfire_choices":[{"floor":7,"key":"REST"},{"floor":15,"key":"REST"},{"data":"White Noise","floor":23,"key":"SMITH"},{"data":"Defragment","floor":25,"key":"SMITH"},{"floor":27,"key":"REST"},{"data":"Panacea","floor":32,"key":"SMITH"},{"data":"Conserve Battery","floor":40,"key":"SMITH"}],"neow_cost":"NONE","seed_source_timestamp":211546866585694,"circlet_count":0,"master_deck":["Zap","Dualcast","Seek","Coolheaded","Electrodynamics","Ball Lightning","White Noise+1","Leap","Auto Shields","Thunder Strike","Electrodynamics","Static Discharge","Ball Lightning","Reboot","Chaos","Core Surge","Static Discharge","Cold Snap","Conserve Battery+1","Chill+1","Coolheaded","Fusion+1","Defragment+1","Panacea+1","Conserve Battery+1","Reinforced Body+1","Biased Cognition+1","Writhe","Pain","Doubt","Capacitor+1","Flash of Steel"],"relics":["Cracked Core","MawBank","PreservedInsect","Bottled Lightning","Centennial Puzzle","The Courier","Meat on the Bone","Pandora\u0027s Box","Frozen Egg 2","Calling Bell","Anchor","Sundial","Turnip"],"potions_floor_usage":[16,33,33],"damage_taken":[{"damage":2,"enemies":"Jaw Worm","floor":1,"turns":4},{"damage":10,"enemies":"Small Slimes","floor":3,"turns":3},{"damage":0,"enemies":"Cultist","floor":5,"turns":3},{"damage":25,"enemies":"Lagavulin","floor":6,"turns":4},{"damage":16,"enemies":"Gremlin Nob","floor":8,"turns":3},{"damage":9,"enemies":"Red Slaver","floor":12,"turns":4},{"damage":8,"enemies":"Lots of Slimes","floor":13,"turns":2},{"damage":8,"enemies":"Blue Slaver","floor":14,"turns":3},{"damage":26,"enemies":"Hexaghost","floor":16,"turns":11},{"damage":10,"enemies":"3 Byrds","floor":18,"turns":2},{"damage":6,"enemies":"Chosen","floor":19,"turns":6},{"damage":36,"enemies":"3 Cultists","floor":21,"turns":5},{"damage":13,"enemies":"Chosen and Byrds","floor":22,"turns":5},{"damage":11,"enemies":"Shelled Parasite and Fungi","floor":28,"turns":7},{"damage":15,"enemies":"Centurion and Healer","floor":29,"turns":4},{"damage":3,"enemies":"Snake Plant","floor":30,"turns":4},{"damage":8,"enemies":"Shelled Parasite and Fungi","floor":31,"turns":5},{"damage":52,"enemies":"Automaton","floor":33,"turns":11},{"damage":12,"enemies":"Orb Walker","floor":35,"turns":4},{"damage":5,"enemies":"3 Shapes","floor":36,"turns":5},{"damage":16,"enemies":"Sphere and 2 Shapes","floor":38,"turns":4},{"damage":67,"enemies":"Jaw Worm Horde","floor":41,"turns":3}],"seed_played":"2922179502164839897","potions_obtained":[{"floor":3,"key":"FocusPotion"},{"floor":8,"key":"Swift Potion"},{"floor":11,"key":"SneckoOil"},{"floor":14,"key":"Regen Potion"},{"floor":16,"key":"Swift Potion"},{"floor":19,"key":"Energy Potion"},{"floor":22,"key":"FairyPotion"}],"is_trial":false,"path_per_floor":["M","?","M","T","M","E","R","E","T","$","?","M","M","M","R","B",null,"M","M","$","M","M","R","$","R","T","R","M","M","M","M","R","B",null,"M","M","$","M","?","R","M"],"character_chosen":"DEFECT","items_purchased":["Meat on the Bone","Conserve Battery","Chill","Coolheaded","Defragment","Panacea","Flash of Steel"],"campfire_rested":3,"item_purchase_floors":[10,20,20,20,24,24,37],"current_hp_per_floor":[66,54,44,44,44,19,41,25,25,25,25,28,32,36,58,44,67,57,51,51,27,26,26,26,26,26,48,49,46,43,47,47,22,62,50,45,45,41,41,41,0],"gold":67,"neow_bonus":"ONE_RANDOM_RARE_CARD","is_prod":false,"is_daily":false,"chose_seed":false,"campfire_upgraded":4,"win_rate":0,"timestamp":1550089570,"path_taken":["M","?","M","?","M","E","R","E","T","$","?","?","M","M","R","BOSS","M","M","$","M","M","R","?","R","T","R","?","M","?","M","R","BOSS","M","M","$","?","?","R","M"],"build_version":"2019-01-23","purchased_purges":2,"victory":false,"max_hp_per_floor":[75,75,75,75,75,75,75,75,75,75,75,75,75,75,75,75,75,75,75,75,75,75,75,75,75,75,75,75,75,75,75,75,75,75,75,75,75,75,75,75,75],"card_choices":[{"not_picked":["Compile Driver","Gash"],"picked":"Coolheaded","floor":1},{"not_picked":["Rebound","Barrage"],"picked":"Electrodynamics","floor":3},{"not_picked":["Force Field","Aggregate"],"picked":"Ball Lightning","floor":5},{"not_picked":["Conserve Battery","Auto Shields"],"picked":"White Noise","floor":6},{"not_picked":["Steam","Barrage"],"picked":"Doom and Gloom","floor":8},{"not_picked":["Hello World","Doom and Gloom"],"picked":"Leap","floor":12},{"not_picked":["Stack","Lockon"],"picked":"Auto Shields","floor":13},{"not_picked":["Streamline","Rebound","Compile Driver"],"picked":"SKIP","floor":14},{"not_picked":["Buffer","Multi-Cast"],"picked":"Thunder Strike","floor":16},{"not_picked":["Turbo","FTL","Doom and Gloom"],"picked":"SKIP","floor":18},{"not_picked":["Sweeping Beam","Gash+1"],"picked":"Cold Snap","floor":19},{"not_picked":["Steam","Sweeping Beam+1","Rebound+1"],"picked":"SKIP","floor":21},{"not_picked":["Coolheaded","Capacitor+1"],"picked":"Fusion+1","floor":22},{"not_picked":["Static Discharge+1","FTL","Double Energy"],"picked":"SKIP","floor":28},{"not_picked":["Redo+1","Hyperbeam"],"picked":"Conserve Battery+1","floor":29},{"not_picked":["Rebound","Coolheaded","Hologram"],"picked":"SKIP","floor":30},{"not_picked":["Hologram+1","Ball Lightning"],"picked":"Reinforced Body+1","floor":31},{"not_picked":["Creative AI+1","Amplify"],"picked":"Biased Cognition+1","floor":33},{"not_picked":["Beam Cell+1","Sweeping Beam+1"],"picked":"Capacitor+1","floor":35},{"not_picked":["Melter","Compile Driver","Ball Lightning"],"picked":"SKIP","floor":36},{"not_picked":["Go for the Eyes","Tempest+1","Beam Cell"],"picked":"SKIP","floor":38}],"player_experience":241282,"relics_obtained":[{"floor":4,"key":"PreservedInsect"},{"floor":6,"key":"Bottled Lightning"},{"floor":8,"key":"Centennial Puzzle"},{"floor":9,"key":"The Courier"},{"floor":26,"key":"Frozen Egg 2"},{"floor":34,"key":"Anchor"},{"floor":34,"key":"Sundial"},{"floor":34,"key":"Turnip"}],"event_choices":[{"damage_healed":0,"gold_gain":0,"player_choice":"Success","damage_taken":12,"relics_obtained":["MawBank"],"max_hp_gain":0,"max_hp_loss":0,"event_name":"Scrap Ooze","floor":2,"gold_loss":0},{"damage_healed":0,"gold_gain":0,"player_choice":"Bought 1 Potion","damage_taken":0,"max_hp_gain":0,"max_hp_loss":0,"event_name":"The Woman in Blue","floor":11,"gold_loss":0},{"damage_healed":0,"gold_gain":0,"player_choice":"Upgraded","damage_taken":0,"max_hp_gain":0,"max_hp_loss":0,"event_name":"Upgrade Shrine","floor":39,"gold_loss":0,"cards_upgraded":["Chill"]}],"is_beta":false,"boss_relics":[{"not_picked":["Cursed Key","Snecko Eye"],"picked":"Pandora\u0027s Box"},{"not_picked":["Coffee Dripper","White Beast Statue"],"picked":"Calling Bell"}],"items_purged_floors":[10,37],"is_endless":false,"potions_floor_spawned":[3,8,12,14,16,19,22,30],"killed_by":"Jaw Worm Horde","ascension_level":6}