{"gold_per_floor":[113,113,129,54,74,74,99,117,165,165],"floor_reached":10,"playtime":431,"items_purged":["Defend_G"],"score":109,"play_id":"9ff019a6-c5d7-491c-a416-2ef065db8194","local_time":"20180819102252","is_ascension_mode":true,"campfire_choices":[{"data":"Footwork","floor":6,"key":"SMITH"}],"neow_cost":"NONE","seed_source_timestamp":236885686697481,"circlet_count":0,"master_deck":["Defend_G+1","Defend_G","Defend_G","Defend_G","Strike_G","Strike_G","Strike_G","Strike_G+1","Strike_G","Survivor","Neutralize","AscendersBane","Malaise","Footwork+1","Escape Plan","Leg Sweep","After Image"],"relics":["Ring of the Snake","Darkstone Periapt","Strawberry"],"potions_floor_usage":[],"damage_taken":[{"damage":4,"enemies":"2 Louse","floor":1,"turns":3},{"damage":2,"enemies":"Jaw Worm","floor":3,"turns":8},{"damage":2,"enemies":"Small Slimes","floor":5,"turns":4},{"damage":22,"enemies":"Lagavulin","floor":7,"turns":15},{"damage":0,"enemies":"2 Fungi Beasts","floor":8,"turns":7},{"damage":27,"enemies":"Gremlin Gang","floor":10,"turns":3}],"seed_played":"15971835070814823","potions_obtained":[{"floor":3,"key":"Dexterity Potion"},{"floor":5,"key":"SkillPotion"}],"is_trial":false,"path_per_floor":["M","?","M","$","M","R","E","M","T"],"character_chosen":"THE_SILENT","items_purchased":[],"campfire_rested":0,"item_purchase_floors":[],"current_hp_per_floor":[59,45,43,43,41,41,19,19,26,0],"gold":165,"neow_bonus":"ONE_RANDOM_RARE_CARD","is_prod":false,"is_daily":false,"chose_seed":false,"campfire_upgraded":1,"win_rate":0,"timestamp":1534699372,"path_taken":["M","?","M","$","M","R","E","M","T","M"],"build_version":"2018-08-16","purchased_purges":1,"victory":false,"max_hp_per_floor":[70,70,70,70,70,70,70,70,77,77],"card_choices":[{"not_picked":["Dagger Throw","Dash"],"picked":"Footwork","floor":1},{"not_picked":["Expertise","Deadly Poison"],"picked":"Escape Plan","floor":3},{"not_picked":["Deflect","Acrobatics"],"picked":"Leg Sweep","floor":5},{"not_picked":["Outmaneuver","Distraction","Deadly Poison"],"picked":"SKIP","floor":7},{"not_picked":["Flying Knee","Finisher"],"picked":"After Image","floor":8}],"player_experience":785330,"relics_obtained":[{"floor":7,"key":"Darkstone Periapt"},{"floor":9,"key":"Strawberry"}],"event_choices":[{"event_name":"Shining Light","player_choice":"Entered Light","floor":2,"damage_taken":0}],"is_beta":true,"boss_relics":[],"items_purged_floors":[4],"is_endless":false,"potions_floor_spawned":[3,5,8],"killed_by":"Gremlin Gang","ascension_level":12}