{"gold_per_floor":[116,128,145,156,306,306,306,306,306,306,321,321],"floor_reached":12,"playtime":304,"items_purged":[],"score":137,"play_id":"d7f339fd-dec2-435c-8a78-d3f6b35ff230","local_time":"20190623192239","is_ascension_mode":true,"campfire_choices":[{"data":"Clothesline","floor":6,"key":"SMITH"},{"data":"Evolve","floor":10,"key":"SMITH"}],"neow_cost":"NONE","seed_source_timestamp":937985357026483,"circlet_count":0,"master_deck":["AscendersBane","Strike_R","Strike_R+1","Strike_R","Strike_R","Strike_R","Defend_R+1","Defend_R","Defend_R","Defend_R","Bash","Thunderclap","Clothesline+1","Pommel Strike","Evolve+1","Doubt","Parasite","Dual Wield+1"],"relics":["Burning Blood","Bag of Marbles","Toxic Egg 2"],"potions_floor_usage":[],"damage_taken":[{"damage":9,"enemies":"Small Slimes","floor":1,"turns":4},{"damage":7,"enemies":"Jaw Worm","floor":2,"turns":3},{"damage":0,"enemies":"Cultist","floor":3,"turns":3},{"damage":26,"enemies":"Large Slime","floor":4,"turns":6},{"damage":15,"enemies":"2 Fungi Beasts","floor":11,"turns":5},{"damage":48,"enemies":"Exordium Thugs","floor":12,"turns":5}],"seed_played":"366116245854082147","potions_obtained":[{"floor":1,"key":"Ancient Potion"},{"floor":2,"key":"FearPotion"}],"is_trial":false,"path_per_floor":["M","M","M","M","?","R","?","?","T","R","M","M"],"character_chosen":"IRONCLAD","items_purchased":[],"campfire_rested":0,"item_purchase_floors":[],"current_hp_per_floor":[65,64,70,50,50,50,27,45,45,45,36,0],"gold":321,"neow_bonus":"RANDOM_COMMON_RELIC","is_prod":false,"is_daily":false,"chose_seed":false,"campfire_upgraded":2,"win_rate":0,"timestamp":1561342959,"path_taken":["M","M","M","M","?","R","?","?","T","R","M","M"],"build_version":"2019-01-23","purchased_purges":0,"victory":false,"max_hp_per_floor":[75,75,75,75,75,75,75,75,75,75,75,75],"card_choices":[{"not_picked":["Twin Strike","Armaments"],"picked":"Thunderclap","floor":1},{"not_picked":["Bloodletting","Havoc"],"picked":"Clothesline","floor":2},{"not_picked":["Rupture","Clash"],"picked":"Pommel Strike","floor":3},{"not_picked":["Rage","Body Slam"],"picked":"Evolve","floor":4},{"not_picked":["Reaper","Twin Strike"],"picked":"Dual Wield+1","floor":11}],"player_experience":1056262,"relics_obtained":[{"floor":9,"key":"Toxic Egg 2"}],"event_choices":[{"damage_healed":0,"gold_gain":150,"player_choice":"AGREE","damage_taken":0,"max_hp_gain":0,"max_hp_loss":0,"event_name":"Liars Game","floor":5,"gold_loss":0,"cards_obtained":["Doubt"]},{"damage_healed":0,"gold_gain":0,"player_choice":"Entered Light","damage_taken":23,"max_hp_gain":0,"max_hp_loss":0,"event_name":"Shining Light","floor":7,"gold_loss":0,"cards_upgraded":["Strike_R","Defend_R"]},{"damage_healed":18,"gold_gain":0,"player_choice":"Healed and dodged fight","damage_taken":0,"max_hp_gain":0,"max_hp_loss":0,"event_name":"Mushrooms","floor":8,"gold_loss":0,"cards_obtained":["Parasite"]}],"is_beta":false,"boss_relics":[],"items_purged_floors":[],"is_endless":false,"potions_floor_spawned":[1,2,11],"killed_by":"Exordium Thugs","ascension_level":19}