{"gold_per_floor":[117,130,130,146,146,172,188,188,188,216,216,228,246,281,281,359,359,373,87,105,115,128,128],"floor_reached":23,"playtime":967,"items_purged":["Doubt"],"score":387,"play_id":"ea6a4ce8-a69e-4d4d-84f8-b14d939f50d2","local_time":"20190402193851","is_ascension_mode":true,"campfire_choices":[{"floor":8,"key":"REST"},{"floor":11,"key":"REST"},{"floor":15,"key":"REST"}],"neow_cost":"NONE","seed_source_timestamp":1129982983632511,"circlet_count":0,"master_deck":["AscendersBane","Strike_B","Strike_B","Strike_B","Defend_B","Defend_B","Defend_B","Defend_B","Zap","Dualcast","Beam Cell","Coolheaded","Electrodynamics","Conserve Battery","Consume","BootSequence","Darkness","Buffer","Core Surge","White Noise","Core Surge","Conserve Battery","Sweeping Beam"],"relics":["Cracked Core","NeowsBlessing","Darkstone Periapt","Shuriken","Bottled Lightning","Matryoshka","Busted Crown","DollysMirror"],"potions_floor_usage":[12,16,16,20],"damage_taken":[{"damage":0,"enemies":"Small Slimes","floor":1,"turns":1},{"damage":0,"enemies":"Jaw Worm","floor":2,"turns":1},{"damage":0,"enemies":"Cultist","floor":4,"turns":1},{"damage":32,"enemies":"Lagavulin","floor":6,"turns":9},{"damage":6,"enemies":"Looter","floor":7,"turns":3},{"damage":31,"enemies":"Gremlin Nob","floor":10,"turns":4},{"damage":0,"enemies":"Exordium Wildlife","floor":12,"turns":3},{"damage":2,"enemies":"2 Fungi Beasts","floor":13,"turns":3},{"damage":24,"enemies":"Lagavulin","floor":14,"turns":7},{"damage":18,"enemies":"The Guardian","floor":16,"turns":11},{"damage":0,"enemies":"Chosen","floor":18,"turns":4},{"damage":11,"enemies":"2 Thieves","floor":20,"turns":3},{"damage":16,"enemies":"Snake Plant","floor":21,"turns":4},{"damage":16,"enemies":"Snecko","floor":22,"turns":7},{"damage":13,"enemies":"Centurion and Healer","floor":23,"turns":1}],"seed_played":"4249012382127004120","potions_obtained":[{"floor":6,"key":"LiquidBronze"},{"floor":10,"key":"Explosive Potion"},{"floor":12,"key":"SteroidPotion"},{"floor":18,"key":"Block Potion"},{"floor":22,"key":"LiquidBronze"}],"is_trial":false,"path_per_floor":["M","M","?","M","?","E","M","R","T","E","R","M","M","E","R","B",null,"M","$","M","M","M","M"],"character_chosen":"DEFECT","items_purchased":["DollysMirror"],"campfire_rested":3,"item_purchase_floors":[19],"current_hp_per_floor":[64,64,57,57,57,25,19,40,40,9,30,30,28,4,25,7,55,55,55,44,28,12,0],"gold":128,"neow_bonus":"THREE_ENEMY_KILL","is_prod":false,"is_daily":false,"chose_seed":false,"campfire_upgraded":0,"win_rate":0,"timestamp":1554248331,"path_taken":["M","M","?","M","?","E","M","R","T","E","R","?","M","E","R","BOSS","M","$","M","M","M","M"],"build_version":"2019-01-23","purchased_purges":1,"victory":false,"max_hp_per_floor":[71,71,71,71,71,71,71,71,71,71,71,71,71,71,71,71,71,71,71,71,71,71,71],"card_choices":[{"not_picked":["Streamline","Go for the Eyes"],"picked":"Beam Cell","floor":1},{"not_picked":["Rebound","Aggregate"],"picked":"Coolheaded","floor":2},{"not_picked":["Rebound","Compile Driver"],"picked":"Electrodynamics","floor":4},{"not_picked":["Steam","Go for the Eyes"],"picked":"Consume","floor":6},{"not_picked":["Hologram","Rebound"],"picked":"BootSequence","floor":7},{"not_picked":["Amplify","Coolheaded","BootSequence"],"picked":"SKIP","floor":10},{"not_picked":["Turbo","Compile Driver","Chaos"],"picked":"SKIP","floor":12},{"not_picked":["Beam Cell","Streamline"],"picked":"Darkness","floor":13},{"not_picked":["Stack","Steam"],"picked":"Buffer","floor":14},{"not_picked":["All For One","Rainbow"],"picked":"Core Surge","floor":16},{"not_picked":[],"picked":"White Noise","floor":18},{"not_picked":[],"picked":"Conserve Battery","floor":20},{"not_picked":[],"picked":"Sweeping Beam","floor":21},{"not_picked":["Compile Driver"],"picked":"SKIP","floor":22}],"player_experience":494209,"relics_obtained":[{"floor":6,"key":"Darkstone Periapt"},{"floor":9,"key":"Shuriken"},{"floor":10,"key":"Bottled Lightning"},{"floor":14,"key":"Matryoshka"}],"event_choices":[{"cards_removed":["Strike_B"],"damage_healed":0,"gold_gain":0,"player_choice":"Card Removal","damage_taken":7,"max_hp_gain":0,"max_hp_loss":0,"event_name":"Golden Wing","floor":3,"gold_loss":0},{"damage_healed":0,"gold_gain":0,"player_choice":"2 cards matched","damage_taken":0,"max_hp_gain":0,"max_hp_loss":0,"event_name":"Match and Keep!","floor":5,"gold_loss":0,"cards_obtained":["Doubt","Conserve Battery"]}],"is_beta":false,"boss_relics":[{"not_picked":["Tiny House","FrozenCore"],"picked":"Busted Crown"}],"items_purged_floors":[19],"is_endless":false,"potions_floor_spawned":[6,10,12,18,22],"killed_by":"Centurion and Healer","ascension_level":16}