{"gold_per_floor":[15,165,165,9,9,9,34,34,60,92,92,102,15,41,41,118,118,129,129,129,129,49,78,78,106,106,106,132,132,142,158,158,158],"floor_reached":33,"playtime":1341,"items_purged":["Doubt","Writhe"],"score":680,"play_id":"128bfc46-d63e-4df3-a943-eb73063fb34a","local_time":"20190621204547","is_ascension_mode":true,"campfire_choices":[{"data":"Bash","floor":6,"key":"SMITH"},{"data":"Whirlwind","floor":8,"key":"SMITH"},{"floor":11,"key":"REST"},{"data":"Spot Weakness","floor":15,"key":"SMITH"},{"floor":24,"key":"REST"},{"floor":27,"key":"REST"},{"floor":32,"key":"REST"}],"neow_cost":"NO_GOLD","seed_source_timestamp":4118233042991,"circlet_count":0,"master_deck":["AscendersBane","Strike_R+1","Strike_R+1","Strike_R+1","Strike_R+1","Strike_R+1","Defend_R+1","Defend_R+1","Defend_R+1","Defend_R+1","Bash+1","Bludgeon+1","Clothesline","Whirlwind+1","Double Tap","Spot Weakness+1","Metallicize+1","Shrug It Off","Feed","Metallicize+1","Reaper","Headbutt"],"relics":["Burning Blood","Strawberry","Frozen Egg 2","Pen Nib","Bag of Preparation","The Courier","Fusion Hammer","PreservedInsect","MutagenicStrength","Juzu Bracelet","Oddly Smooth Stone","Regal Pillow","Paper Frog","Unceasing Top"],"potions_floor_usage":[25,33],"damage_taken":[{"damage":15,"enemies":"Small Slimes","floor":1,"turns":4},{"damage":20,"enemies":"3 Sentries","floor":7,"turns":6},{"damage":8,"enemies":"Gremlin Nob","floor":10,"turns":3},{"damage":2,"enemies":"Jaw Worm","floor":12,"turns":2},{"damage":20,"enemies":"Lagavulin","floor":14,"turns":3},{"damage":38,"enemies":"Slime Boss","floor":16,"turns":8},{"damage":0,"enemies":"Chosen","floor":18,"turns":3},{"damage":35,"enemies":"Book of Stabbing","floor":23,"turns":6},{"damage":0,"enemies":"Gremlin Leader","floor":25,"turns":2},{"damage":4,"enemies":"Book of Stabbing","floor":28,"turns":4},{"damage":0,"enemies":"3 Byrds","floor":30,"turns":2},{"damage":12,"enemies":"Shelled Parasite and Fungi","floor":31,"turns":4},{"damage":125,"enemies":"Collector","floor":33,"turns":7}],"seed_played":"8561356437110323133","potions_obtained":[{"floor":16,"key":"SteroidPotion"},{"floor":25,"key":"Swift Potion"},{"floor":30,"key":"AttackPotion"}],"is_trial":false,"path_per_floor":["M","?","?","$","?","R","E","R","T","E","R","M","$","E","R","B",null,"M","?","?","?","$","E","R","E","T","R","E","?","M","M","R","B"],"character_chosen":"IRONCLAD","items_purchased":["Whirlwind","Metallicize+1"],"campfire_rested":4,"item_purchase_floors":[4,13],"current_hp_per_floor":[59,59,48,48,48,48,34,34,34,32,56,60,60,46,46,14,65,74,74,74,74,74,45,70,76,76,85,85,85,88,85,91,0],"gold":158,"neow_bonus":"THREE_RARE_CARDS","is_prod":false,"is_daily":false,"chose_seed":false,"campfire_upgraded":3,"win_rate":0,"timestamp":1561164347,"path_taken":["M","?","?","?","?","R","E","R","T","E","R","M","$","E","R","BOSS","M","?","?","?","$","E","R","E","T","R","E","?","M","M","R","BOSS"],"build_version":"2019-01-23","purchased_purges":2,"victory":false,"max_hp_per_floor":[75,75,82,82,82,82,82,82,82,82,82,82,82,82,82,82,82,85,85,85,85,85,85,85,85,85,85,85,85,88,91,91,91],"card_choices":[{"not_picked":["Double Tap","Juggernaut"],"picked":"Bludgeon","floor":0},{"not_picked":["Searing Blow","Wild Strike"],"picked":"Clothesline","floor":1},{"not_picked":["Reckless Charge","Infernal Blade"],"picked":"Double Tap","floor":7},{"not_picked":["Bloodletting","Sentinel","Pummel"],"picked":"SKIP","floor":10},{"not_picked":["Havoc","Twin Strike"],"picked":"Spot Weakness","floor":12},{"not_picked":["Cleave","Evolve+1"],"picked":"Shrug It Off","floor":14},{"not_picked":["Fiend Fire","Barricade+1"],"picked":"Feed","floor":16},{"not_picked":["Flex","Entrench","Evolve+1"],"picked":"SKIP","floor":18},{"not_picked":["Juggernaut+1","Inflame+1"],"picked":"Metallicize+1","floor":23},{"not_picked":["Flex","Intimidate","Thunderclap"],"picked":"SKIP","floor":25},{"not_picked":["Shrug It Off","Armaments"],"picked":"Reaper","floor":28},{"not_picked":["Combust+1","Bloodletting+1"],"picked":"Headbutt","floor":30},{"not_picked":["Sever Soul+1","Intimidate+1","Fire Breathing+1"],"picked":"SKIP","floor":31}],"player_experience":953145,"relics_obtained":[{"floor":7,"key":"Frozen Egg 2"},{"floor":9,"key":"Pen Nib"},{"floor":10,"key":"Bag of Preparation"},{"floor":14,"key":"The Courier"},{"floor":23,"key":"Juzu Bracelet"},{"floor":25,"key":"Oddly Smooth Stone"},{"floor":26,"key":"Regal Pillow"},{"floor":28,"key":"Paper Frog"}],"event_choices":[{"damage_healed":0,"gold_gain":150,"player_choice":"AGREE","damage_taken":0,"max_hp_gain":0,"max_hp_loss":0,"event_name":"Liars Game","floor":2,"gold_loss":0,"cards_obtained":["Doubt"]},{"damage_healed":0,"gold_gain":0,"player_choice":"Success","damage_taken":18,"relics_obtained":["Strawberry"],"max_hp_gain":0,"max_hp_loss":0,"event_name":"Scrap Ooze","floor":3,"gold_loss":0},{"damage_healed":0,"gold_gain":0,"player_choice":"Grow","damage_taken":0,"max_hp_gain":0,"max_hp_loss":0,"event_name":"Living Wall","floor":5,"gold_loss":0,"cards_upgraded":["Bludgeon"]},{"damage_healed":0,"gold_gain":0,"player_choice":"Opened","damage_taken":0,"relics_obtained":["PreservedInsect"],"max_hp_gain":0,"max_hp_loss":0,"event_name":"The Mausoleum","floor":19,"gold_loss":0,"cards_obtained":["Writhe"]},{"damage_healed":0,"gold_gain":0,"player_choice":"Inject Mutagens","damage_taken":0,"relics_obtained":["MutagenicStrength"],"max_hp_gain":0,"max_hp_loss":0,"event_name":"Drug Dealer","floor":20,"gold_loss":0},{"damage_healed":0,"gold_gain":0,"player_choice":"Simplicity","damage_taken":0,"max_hp_gain":0,"max_hp_loss":0,"event_name":"Back to Basics","floor":21,"gold_loss":0,"cards_upgraded":["Strike_R","Strike_R","Strike_R","Strike_R","Strike_R","Defend_R","Defend_R","Defend_R","Defend_R"]},{"damage_healed":0,"gold_gain":0,"player_choice":"Gave Potion","damage_taken":0,"relics_obtained":["Unceasing Top"],"max_hp_gain":0,"max_hp_loss":0,"event_name":"WeMeetAgain","floor":29,"gold_loss":0}],"is_beta":false,"boss_relics":[{"not_picked":["Pandora\u0027s Box","Coffee Dripper"],"picked":"Fusion Hammer"}],"items_purged_floors":[4,22],"is_endless":false,"potions_floor_spawned":[16,25,30],"killed_by":"Collector","ascension_level":20}