{"gold_per_floor":[117,128,144,46,46,46,75,95,163,163,182,32,32,46,46,146,146,160,160,82,82,8,8,68,81,134,134,145,162,162,178,178,178],"floor_reached":33,"playtime":1456,"items_purged":["Strike_B","Regret"],"score":347,"play_id":"1de02db0-1610-4c7b-a517-88f370cd3f49","local_time":"20190215114643","is_ascension_mode":true,"campfire_choices":[{"floor":6,"key":"DIG"},{"floor":10,"key":"REST"},{"floor":15,"key":"REST"},{"floor":23,"key":"DIG"},{"floor":32,"key":"REST"}],"neow_cost":"NONE","seed_source_timestamp":150509914482370,"circlet_count":0,"master_deck":["Strike_B+1","Strike_B+1","Strike_B","Defend_B","Defend_B","Defend_B","Defend_B","Zap","Dualcast","Leap","Consume+1","Cold Snap","Sweeping Beam","Leap","Coolheaded","Seek","Doom and Gloom+1","Capacitor","Capacitor","White Noise","Blizzard+1","Capacitor","BootSequence+1","Loop+1","Scrape","Coolheaded"],"relics":["Cracked Core","NeowsBlessing","Shovel","Bag of Preparation","Gremlin Horn","Letter Opener","Velvet Choker","Nilry\u0027s Codex","Whetstone","Tiny Chest","Vajra"],"potions_floor_usage":[14,16,24,33,33,33],"damage_taken":[{"damage":0,"enemies":"Cultist","floor":1,"turns":1},{"damage":0,"enemies":"Jaw Worm","floor":2,"turns":1},{"damage":0,"enemies":"Small Slimes","floor":3,"turns":1},{"damage":44,"enemies":"Gremlin Nob","floor":7,"turns":7},{"damage":5,"enemies":"Blue Slaver","floor":8,"turns":4},{"damage":4,"enemies":"3 Louse","floor":11,"turns":3},{"damage":0,"enemies":"2 Fungi Beasts","floor":14,"turns":5},{"damage":9,"enemies":"Slime Boss","floor":16,"turns":9},{"damage":3,"enemies":"Shell Parasite","floor":18,"turns":12},{"damage":2,"enemies":"Gremlin Leader","floor":24,"turns":4},{"damage":1,"enemies":"Spheric Guardian","floor":25,"turns":3},{"damage":15,"enemies":"Chosen and Byrds","floor":28,"turns":6},{"damage":8,"enemies":"Snecko","floor":29,"turns":4},{"damage":14,"enemies":"Snake Plant","floor":31,"turns":6},{"damage":32,"enemies":"Collector","floor":33,"turns":6}],"seed_played":"-2757420695494247351","potions_obtained":[{"floor":1,"key":"Regen Potion"},{"floor":11,"key":"AttackPotion"},{"floor":16,"key":"FocusPotion"},{"floor":24,"key":"Strength Potion"},{"floor":25,"key":"PowerPotion"},{"floor":28,"key":"SkillPotion"}],"is_trial":false,"path_per_floor":["M","M","M","$","?","R","E","M","T","R","M","$","?","M","R","B",null,"M","?","$","?","$","R","E","M","T","?","M","M","?","M","R","B"],"character_chosen":"DEFECT","items_purchased":["Cold Snap","Coolheaded","Capacitor","Capacitor"],"campfire_rested":3,"item_purchase_floors":[4,12,20,22],"current_hp_per_floor":[68,68,68,68,68,68,24,19,19,41,37,37,22,36,58,49,69,66,66,66,50,50,50,48,47,47,47,32,24,24,10,32,0],"gold":178,"neow_bonus":"THREE_ENEMY_KILL","is_prod":false,"is_daily":false,"chose_seed":false,"campfire_upgraded":0,"win_rate":0,"timestamp":1550249203,"path_taken":["M","?","M","?","?","R","E","M","T","R","M","$","?","M","R","BOSS","M","?","$","?","$","R","E","M","T","?","M","?","?","M","R","BOSS"],"build_version":"2019-01-23","purchased_purges":2,"victory":false,"max_hp_per_floor":[75,75,75,75,75,75,75,75,75,75,75,75,75,75,75,75,75,75,75,75,75,75,75,75,75,75,75,75,75,75,75,75,75],"card_choices":[{"not_picked":["Blizzard","Compile Driver"],"picked":"Leap","floor":1},{"not_picked":["Stack","Beam Cell"],"picked":"Consume","floor":2},{"not_picked":["Steam Power","Coolheaded"],"picked":"Cold Snap","floor":3},{"not_picked":["Hyperbeam","Fusion"],"picked":"Sweeping Beam","floor":7},{"not_picked":["Consume","Recycle"],"picked":"Leap","floor":8},{"not_picked":["Barrage","Turbo","Rip and Tear"],"picked":"SKIP","floor":11},{"not_picked":["Reprogram","Beam Cell","Rip and Tear"],"picked":"SKIP","floor":14},{"not_picked":["Hyperbeam","Meteor Strike"],"picked":"Seek","floor":16},{"not_picked":["Hello World","Stack"],"picked":"Doom and Gloom","floor":18},{"not_picked":["Undo","Consume"],"picked":"White Noise","floor":24},{"not_picked":["Doom and Gloom","Streamline"],"picked":"Blizzard+1","floor":25},{"not_picked":["Cold Snap","Redo"],"picked":"BootSequence+1","floor":28},{"not_picked":["Ball Lightning","Melter"],"picked":"Loop+1","floor":29},{"not_picked":["FTL","Aggregate+1"],"picked":"Coolheaded","floor":31}],"player_experience":248681,"relics_obtained":[{"floor":6,"key":"Bag of Preparation"},{"floor":7,"key":"Gremlin Horn"},{"floor":9,"key":"Letter Opener"},{"floor":21,"key":"Nilry\u0027s Codex"},{"floor":23,"key":"Whetstone"},{"floor":24,"key":"Tiny Chest"},{"floor":26,"key":"Vajra"}],"event_choices":[{"damage_healed":0,"gold_gain":0,"player_choice":"Box","damage_taken":0,"relics_obtained":["Shovel"],"max_hp_gain":0,"max_hp_loss":0,"event_name":"Big Fish","floor":5,"gold_loss":0,"cards_obtained":["Regret"]},{"damage_healed":0,"gold_gain":0,"player_choice":"Entered Light","damage_taken":15,"max_hp_gain":0,"max_hp_loss":0,"event_name":"Shining Light","floor":13,"gold_loss":0,"cards_upgraded":["Strike_B","Consume"]},{"damage_healed":0,"gold_gain":0,"player_choice":"Ignored","damage_taken":0,"max_hp_gain":0,"max_hp_loss":0,"event_name":"Vampires","floor":19,"gold_loss":0},{"damage_healed":0,"gold_gain":0,"player_choice":"Obtained Book","damage_taken":16,"max_hp_gain":0,"max_hp_loss":0,"event_name":"Cursed Tome","floor":21,"gold_loss":0},{"damage_healed":0,"gold_gain":0,"player_choice":"Copied","damage_taken":0,"max_hp_gain":0,"max_hp_loss":0,"event_name":"Duplicator","floor":27,"gold_loss":0,"cards_obtained":["Capacitor"]},{"damage_healed":0,"gold_gain":0,"cards_transformed":["Cold Snap"],"player_choice":"Transformed","damage_taken":0,"max_hp_gain":0,"max_hp_loss":0,"event_name":"Transmorgrifier","floor":30,"gold_loss":0,"cards_obtained":["Scrape"]}],"is_beta":false,"boss_relics":[{"not_picked":["Empty Cage","Lizard Tail"],"picked":"Velvet Choker"}],"items_purged_floors":[4,12],"is_endless":false,"potions_floor_spawned":[1,11,16,24,25,28],"killed_by":"Collector","ascension_level":6}