{"gold_per_floor":[110,35,50,125,125,180,180,11,11,26,26],"floor_reached":11,"playtime":395,"items_purged":[],"score":142,"play_id":"4e3b111a-42a5-4dd5-b9a6-6077245ce498","local_time":"20190607184057","is_ascension_mode":true,"campfire_choices":[{"floor":7,"key":"REST"}],"neow_cost":"NONE","seed_source_timestamp":326263076389896,"circlet_count":0,"master_deck":["AscendersBane","Strike_B","Strike_B","Strike_B","Defend_B","Defend_B","Defend_B","Defend_B","Zap","Dualcast","Coolheaded","Rebound","Glacier","Barrage"],"relics":["Inserter","GremlinMask","Tiny Chest","Art of War","Mummified Hand"],"potions_floor_usage":[11],"damage_taken":[{"damage":1,"enemies":"2 Louse","floor":1,"turns":2},{"damage":8,"enemies":"Small Slimes","floor":3,"turns":4},{"damage":42,"enemies":"Lagavulin","floor":6,"turns":9},{"damage":4,"enemies":"Cultist","floor":10,"turns":5},{"damage":21,"enemies":"Gremlin Nob","floor":11,"turns":3}],"seed_played":"3815087045086371624","potions_obtained":[{"floor":1,"key":"Strength Potion"},{"floor":10,"key":"GamblersBrew"}],"is_trial":false,"path_per_floor":["M","?","M","?","?","E","R","$","T","M","E"],"character_chosen":"DEFECT","items_purchased":["Art of War"],"campfire_rested":1,"item_purchase_floors":[8],"current_hp_per_floor":[63,63,55,44,44,2,23,23,23,19,0],"gold":26,"neow_bonus":"BOSS_RELIC","is_prod":false,"is_daily":false,"chose_seed":false,"campfire_upgraded":0,"win_rate":0,"timestamp":1559947257,"path_taken":["M","?","M","?","?","E","R","$","T","?","E"],"build_version":"2019-01-23","purchased_purges":0,"victory":false,"max_hp_per_floor":[71,71,71,71,71,71,71,71,71,71,71],"card_choices":[{"not_picked":["Storm","Hologram"],"picked":"Coolheaded","floor":1},{"not_picked":["Lockon","Sweeping Beam"],"picked":"Rebound","floor":3},{"not_picked":["Sunder","Stack"],"picked":"Glacier","floor":6},{"not_picked":["All For One","Reinforced Body"],"picked":"Barrage","floor":10}],"player_experience":858074,"relics_obtained":[{"floor":6,"key":"Tiny Chest"},{"floor":9,"key":"Mummified Hand"}],"event_choices":[{"cards_removed":["Strike_B"],"damage_healed":0,"gold_gain":0,"player_choice":"Card Removal","damage_taken":0,"max_hp_gain":0,"max_hp_loss":0,"event_name":"The Cleric","floor":2,"gold_loss":75},{"damage_healed":0,"gold_gain":75,"player_choice":"Gather Gold","damage_taken":11,"max_hp_gain":0,"max_hp_loss":0,"event_name":"World of Goop","floor":4,"gold_loss":0},{"damage_healed":0,"gold_gain":0,"player_choice":"Trade","damage_taken":0,"relics_obtained":["GremlinMask"],"max_hp_gain":0,"max_hp_loss":0,"event_name":"FaceTrader","floor":5,"gold_loss":0}],"is_beta":false,"boss_relics":[],"items_purged_floors":[],"is_endless":false,"potions_floor_spawned":[1,10],"killed_by":"Gremlin Nob","ascension_level":20}