{"gold_per_floor":[112,112,112,124,136,148,179,191,203,215,255,284,324,352,364,471,483,515,527,160,173,173,173,198,198,198,198,214,234,234,246,246,344,394,411,411,424,251,268,303,303,316,362,362,392,392,392,412,412,412],"floor_reached":50,"playtime":2656,"items_purged":["Regret","Strike_G"],"score":935,"play_id":"c6be334b-93bb-405f-b23e-ff180ed2a414","local_time":"20180816190501","is_ascension_mode":true,"campfire_choices":[{"data":"Neutralize","floor":6,"key":"SMITH"},{"data":"Dagger Throw","floor":8,"key":"SMITH"},{"floor":10,"key":"REST"},{"data":"Sucker Punch","floor":15,"key":"SMITH"},{"data":"A Thousand Cuts","floor":23,"key":"SMITH"},{"data":"Burst","floor":25,"key":"SMITH"},{"data":"Ghostly","floor":27,"key":"SMITH"},{"data":"Ghostly","floor":30,"key":"SMITH"},{"floor":32,"key":"REST"},{"data":"Noxious Fumes","floor":41,"key":"SMITH"},{"floor":44,"key":"REST"},{"floor":49,"key":"REST"}],"neow_cost":"NONE","seed_source_timestamp":6786289471209,"circlet_count":0,"master_deck":["Defend_G","Defend_G","Defend_G","Defend_G","Defend_G","Strike_G+1","Survivor+1","Neutralize+1","AscendersBane","Backflip+1","Dagger Throw+1","Dagger Throw","Calculated Gamble","Sucker Punch+1","Burst+1","Catalyst+1","Doppelganger+1","PiercingWail+1","Deadly Poison","Ghostly+1","Ghostly+1","Ghostly","Ghostly+1","Ghostly","A Thousand Cuts+1","Burst","Deadly Poison","Night Terror","Poisoned Stab+1","Well Laid Plans","Dodge and Roll+1","Noxious Fumes+1","Bouncing Flask","Sucker Punch","Sucker Punch+1"],"relics":["Velvet Choker","MawBank","Ninja Scroll","Paper Crane","Mercury Hourglass","Astrolabe","Oddly Smooth Stone","Singing Bowl","Nunchaku","Tiny House","Matryoshka","Bag of Marbles","Dream Catcher","Unceasing Top","Ornamental Fan","Frozen Egg 2"],"potions_floor_usage":[13,16,18,29,48,48],"damage_taken":[{"damage":1,"enemies":"Small Slimes","floor":1,"turns":4},{"damage":1,"enemies":"Jaw Worm","floor":7,"turns":4},{"damage":33,"enemies":"Gremlin Nob","floor":11,"turns":5},{"damage":0,"enemies":"2 Louse","floor":12,"turns":2},{"damage":7,"enemies":"Lagavulin","floor":13,"turns":5},{"damage":5,"enemies":"Red Slaver","floor":14,"turns":3},{"damage":7,"enemies":"Hexaghost","floor":16,"turns":12},{"damage":7,"enemies":"Chosen","floor":18,"turns":5},{"damage":3,"enemies":"Shell Parasite","floor":21,"turns":6},{"damage":6,"enemies":"Slavers","floor":24,"turns":6},{"damage":0,"enemies":"Centurion and Healer","floor":28,"turns":7},{"damage":1,"enemies":"Snecko","floor":29,"turns":8},{"damage":6,"enemies":"Snake Plant","floor":31,"turns":5},{"damage":10,"enemies":"Collector","floor":33,"turns":10},{"damage":10,"enemies":"3 Darklings","floor":35,"turns":6},{"damage":2,"enemies":"Orb Walker","floor":37,"turns":4},{"damage":2,"enemies":"Transient","floor":39,"turns":5},{"damage":2,"enemies":"Giant Head","floor":40,"turns":10},{"damage":1,"enemies":"4 Shapes","floor":42,"turns":5},{"damage":4,"enemies":"Nemesis","floor":45,"turns":7},{"damage":10,"enemies":"Sphere and 2 Shapes","floor":48,"turns":3},{"damage":56,"enemies":"Awakened One","floor":50,"turns":16}],"seed_played":"3906701133238811761","potions_obtained":[{"floor":11,"key":"Fire Potion"},{"floor":12,"key":"Block Potion"},{"floor":13,"key":"Dexterity Potion"},{"floor":24,"key":"LiquidBronze"},{"floor":28,"key":"EssenceOfSteel"},{"floor":34,"key":"AttackPotion"}],"is_trial":false,"path_per_floor":["M","?","?","$","?","R","M","R","T","R","E","M","E","M","R","B",null,"M","?","$","M","?","R","E","R","T","R","M","M","R","M","R","B",null,"M","?","M","$","M","E","R","M","T","R","E","T","?","M","R"],"character_chosen":"THE_SILENT","items_purchased":["A Thousand Cuts","Oddly Smooth Stone","Well Laid Plans"],"campfire_rested":4,"item_purchase_floors":[20,20,38],"current_hp_per_floor":[62,62,62,62,48,48,47,47,47,68,35,35,28,23,23,16,57,50,35,35,32,32,32,28,28,28,28,28,29,29,23,34,24,40,32,34,34,34,32,30,30,29,29,46,42,42,42,34,50,0],"gold":412,"neow_bonus":"BOSS_RELIC","is_prod":false,"is_daily":false,"chose_seed":false,"campfire_upgraded":8,"win_rate":0,"timestamp":1534471501,"path_taken":["M","?","?","$","?","R","M","R","T","R","E","M","E","M","R","BOSS","M","?","$","M","?","R","E","R","T","R","M","M","R","M","R","BOSS","M","?","?","$","M","E","R","M","T","R","E","?","?","?","R","BOSS"],"build_version":"2018-08-16","purchased_purges":2,"victory":false,"max_hp_per_floor":[70,70,70,70,70,70,70,70,70,70,70,70,70,70,70,70,70,70,35,35,35,35,35,37,37,37,37,37,39,39,39,39,39,44,46,48,50,50,50,50,50,50,50,52,52,52,52,54,54,54],"card_choices":[{"not_picked":["Blade Dance","Dagger Spray"],"picked":"Backflip","floor":1},{"not_picked":["Sucker Punch","Dagger Spray"],"picked":"Dagger Throw","floor":7},{"not_picked":["Deflect","Blade Dance"],"picked":"Dagger Throw","floor":11},{"not_picked":["Expertise","Prepared"],"picked":"Calculated Gamble","floor":12},{"not_picked":["Backflip","Dagger Spray"],"picked":"Sucker Punch","floor":13},{"not_picked":["Cloak And Dagger","Setup","Terror"],"picked":"SKIP","floor":14},{"not_picked":["Wraith Form v2","Die Die Die"],"picked":"Burst","floor":16},{"not_picked":["Outmaneuver","Flying Knee"],"picked":"Deadly Poison","floor":18},{"not_picked":["Bane","PiercingWail","Flying Knee+1"],"picked":"SKIP","floor":21},{"not_picked":["PiercingWail","All Out Attack","Poisoned Stab"],"picked":"Singing Bowl","floor":24},{"not_picked":["Calculated Gamble","Cloak And Dagger"],"picked":"Burst","floor":28},{"not_picked":["Blade Dance","Outmaneuver","Dagger Throw"],"picked":"Singing Bowl","floor":29},{"not_picked":["Dodge and Roll","Underhanded Strike"],"picked":"Deadly Poison","floor":31},{"not_picked":["After Image","Storm of Steel"],"picked":"Night Terror","floor":33},{"not_picked":["Flying Knee","Blur"],"picked":"Poisoned Stab+1","floor":34},{"not_picked":["Tactician+1","Dash+1","Slice"],"picked":"Singing Bowl","floor":35},{"not_picked":["HandOfGreed","Panacea","Mayhem"],"picked":"Singing Bowl","floor":36},{"not_picked":["Quick Slash","Slice+1","Flying Knee"],"picked":"Singing Bowl","floor":37},{"not_picked":["Endless Agony","Poisoned Stab+1"],"picked":"Dodge and Roll+1","floor":39},{"not_picked":["Prepared","Dodge and Roll"],"picked":"Noxious Fumes","floor":40},{"not_picked":["Infinite Blades+1","Deflect"],"picked":"Bouncing Flask","floor":42},{"not_picked":["Outmaneuver","Quick Slash+1","Dagger Throw"],"picked":"Singing Bowl","floor":44},{"not_picked":["Reflex","PiercingWail"],"picked":"Sucker Punch","floor":45},{"not_picked":["Eviscerate","Die Die Die","Deflect"],"picked":"Singing Bowl","floor":48},{"not_picked":["Infinite Blades+1","Deadly Poison"],"picked":"Sucker Punch+1","floor":49}],"player_experience":770181,"relics_obtained":[{"floor":9,"key":"Ninja Scroll"},{"floor":11,"key":"Paper Crane"},{"floor":13,"key":"Mercury Hourglass"},{"floor":24,"key":"Singing Bowl"},{"floor":26,"key":"Nunchaku"},{"floor":40,"key":"Matryoshka"},{"floor":43,"key":"Bag of Marbles"},{"floor":43,"key":"Dream Catcher"},{"floor":45,"key":"Unceasing Top"},{"floor":46,"key":"Ornamental Fan"},{"floor":46,"key":"Frozen Egg 2"}],"event_choices":[{"event_name":"Living Wall","player_choice":"Grow","floor":2,"damage_taken":0},{"event_name":"Big Fish","player_choice":"Box","floor":3,"damage_taken":0},{"event_name":"Shining Light","player_choice":"Entered Light","floor":5,"damage_taken":0},{"event_name":"Ghosts","player_choice":"Became a Ghost","floor":19,"damage_taken":0},{"event_name":"Vampires","player_choice":"Ignored","floor":22,"damage_taken":0},{"event_name":"SensoryStone","player_choice":"Memory 1","floor":36,"damage_taken":0},{"event_name":"Mysterious Sphere","player_choice":"Ignore","floor":47,"damage_taken":0}],"is_beta":true,"boss_relics":[{"not_picked":["Fusion Hammer","Cursed Key"],"picked":"Astrolabe"},{"not_picked":["WristBlade","Black Star"],"picked":"Tiny House"}],"items_purged_floors":[20,38],"is_endless":false,"potions_floor_spawned":[11,12,13,24,28,37,45],"killed_by":"Awakened One","ascension_level":12}