{"gold_per_floor":[118,118,129,145,105,138,148,148,148,205,217,244,244,258,258,354,354,368,384,384,395,120,120,130,130,157,157,157,157,57,83,83,178,178,195,86,106,119,119,119,134,134,215,215,215,240,258,258,258,258],"floor_reached":51,"playtime":2328,"items_purged":["Defend_B","Defend_B"],"score":886,"play_id":"e35a7399-be17-4458-9f44-c175dde8977c","local_time":"20190608010756","is_ascension_mode":true,"campfire_choices":[{"data":"Electrodynamics","floor":8,"key":"SMITH"},{"floor":13,"key":"REST"},{"floor":15,"key":"REST"},{"floor":23,"key":"REST"},{"floor":25,"key":"REST"},{"data":"Redo","floor":27,"key":"SMITH"},{"data":"Enlightenment","floor":32,"key":"SMITH"},{"data":"Seek","floor":40,"key":"SMITH"},{"floor":45,"key":"REST"},{"floor":49,"key":"REST"}],"neow_cost":"NONE","seed_source_timestamp":3706441252639,"circlet_count":0,"master_deck":["Strike_B+1","Strike_B+1","Defend_B+1","Defend_B+1","Zap+1","Dualcast+1","Electrodynamics+1","Lockon+1","Conserve Battery+1","Tempest+1","Echo Form+1","Ball Lightning+1","Undo+1","Consume+1","Static Discharge+1","Stack+1","Enlightenment+1","Redo+1","Ghostly+1","Ghostly+1","Ghostly+1","Ghostly+1","Ghostly+1","Seek+1","Skim+1","Capacitor+1","Heatsinks+1"],"relics":["Cracked Core","Blood Vial","Pen Nib","Tiny Chest","Matryoshka","Eternal Feather","Bottled Flame","Frozen Egg 2","Bronze Scales","Lantern","MutagenicStrength","Oddly Smooth Stone","Busted Crown","Mark of the Bloom","Cables","Orichalcum"],"potions_floor_usage":[4,6,6,11,12,33,33,35,50],"damage_taken":[{"damage":0,"enemies":"Small Slimes","floor":1,"turns":2},{"damage":1,"enemies":"Cultist","floor":3,"turns":3},{"damage":12,"enemies":"Jaw Worm","floor":4,"turns":2},{"damage":18,"enemies":"3 Sentries","floor":6,"turns":5},{"damage":0,"enemies":"Lots of Slimes","floor":7,"turns":1},{"damage":4,"enemies":"Red Slaver","floor":11,"turns":3},{"damage":20,"enemies":"Lagavulin","floor":12,"turns":3},{"damage":19,"enemies":"3 Louse","floor":14,"turns":3},{"damage":58,"enemies":"Hexaghost","floor":16,"turns":11},{"damage":22,"enemies":"2 Thieves","floor":18,"turns":3},{"damage":32,"enemies":"Shell Parasite","floor":19,"turns":6},{"damage":27,"enemies":"Snake Plant","floor":21,"turns":5},{"damage":30,"enemies":"Chosen and Byrds","floor":24,"turns":5},{"damage":4,"enemies":"Gremlin Leader","floor":31,"turns":5},{"damage":23,"enemies":"Champ","floor":33,"turns":8},{"damage":10,"enemies":"Orb Walker","floor":35,"turns":4},{"damage":3,"enemies":"3 Shapes","floor":37,"turns":3},{"damage":5,"enemies":"Sphere and 2 Shapes","floor":38,"turns":3},{"damage":4,"enemies":"Transient","floor":41,"turns":5},{"damage":2,"enemies":"Giant Head","floor":46,"turns":7},{"damage":0,"enemies":"4 Shapes","floor":47,"turns":3},{"damage":0,"enemies":"Time Eater","floor":50,"turns":7}],"seed_played":"6375467936561661284","potions_obtained":[{"floor":3,"key":"PowerPotion"},{"floor":5,"key":"Weak Potion"},{"floor":5,"key":"Energy Potion"},{"floor":5,"key":"GamblersBrew"},{"floor":6,"key":"Fire Potion"},{"floor":11,"key":"Strength Potion"},{"floor":24,"key":"Poison Potion"},{"floor":33,"key":"EssenceOfSteel"},{"floor":35,"key":"Weak Potion"},{"floor":46,"key":"Fire Potion"},{"floor":47,"key":"PowerPotion"}],"is_trial":false,"path_per_floor":["M","?","M","M","?","E","M","R","T","T","M","E","R","M","R","B",null,"M","M","T","M","$","R","M","R","T","R","?","?","$","E","R","B",null,"M","$","M","M","?","R","M","?","T","?","R","E","M","?","R","B",null],"character_chosen":"DEFECT","items_purchased":["Static Discharge+1","Stack","Enlightenment","Skim","Capacitor+1"],"campfire_rested":6,"item_purchase_floors":[22,22,22,36,36],"current_hp_per_floor":[75,80,79,67,67,49,51,51,51,51,49,31,55,38,62,6,80,58,28,28,3,3,36,8,44,44,56,40,40,40,36,40,17,40,30,30,29,26,26,40,36,36,36,36,36,34,34,34,34,34],"gold":258,"neow_bonus":"TRANSFORM_CARD","is_prod":false,"is_daily":false,"chose_seed":false,"campfire_upgraded":4,"win_rate":0,"timestamp":1559981276,"path_taken":["M","?","M","M","?","E","?","R","T","?","M","E","R","?","R","BOSS","M","M","?","M","$","R","M","R","T","R","?","?","?","E","R","BOSS","M","$","M","M","?","R","M","?","T","?","R","E","?","?","R","BOSS"],"build_version":"2019-01-23","purchased_purges":2,"victory":true,"max_hp_per_floor":[75,80,80,80,80,80,80,80,80,80,80,80,80,80,80,80,80,80,80,80,80,80,80,80,80,80,80,40,40,40,40,40,40,40,40,40,40,40,40,40,40,40,40,40,40,40,40,40,40,40],"card_choices":[{"not_picked":["Go for the Eyes","Darkness","Barrage"],"picked":"SKIP","floor":1},{"not_picked":["Reinforced Body","Compile Driver"],"picked":"Lockon","floor":3},{"not_picked":["White Noise","Cold Snap"],"picked":"Conserve Battery","floor":4},{"not_picked":["Beam Cell","Hologram"],"picked":"Tempest","floor":6},{"not_picked":["Go for the Eyes","Barrage","FTL"],"picked":"SKIP","floor":7},{"not_picked":["Capacitor","Force Field","Sweeping Beam"],"picked":"SKIP","floor":11},{"not_picked":["Rebound","Chaos","Coolheaded"],"picked":"SKIP","floor":12},{"not_picked":["Compile Driver","Steam","Coolheaded"],"picked":"SKIP","floor":14},{"not_picked":["Amplify","Buffer"],"picked":"Echo Form","floor":16},{"not_picked":["Conserve Battery","Chaos+1"],"picked":"Ball Lightning","floor":18},{"not_picked":["Reinforced Body","Compile Driver+1"],"picked":"Undo","floor":19},{"not_picked":["Gash","Capacitor+1"],"picked":"Consume+1","floor":21},{"not_picked":["Hologram+1","Coolheaded"],"picked":"Redo","floor":24},{"not_picked":["Beam Cell","Hologram","Compile Driver"],"picked":"SKIP","floor":31},{"not_picked":["All For One","Buffer+1"],"picked":"Seek","floor":33},{"not_picked":["Rebound"],"picked":"SKIP","floor":35},{"not_picked":["Static Discharge+1"],"picked":"SKIP","floor":37},{"not_picked":["Conserve Battery"],"picked":"SKIP","floor":38},{"not_picked":[],"picked":"Heatsinks+1","floor":41},{"not_picked":["Undo+1"],"picked":"SKIP","floor":46},{"not_picked":["Cold Snap+1"],"picked":"SKIP","floor":47}],"player_experience":331195,"relics_obtained":[{"floor":6,"key":"Blood Vial"},{"floor":9,"key":"Pen Nib"},{"floor":10,"key":"Tiny Chest"},{"floor":12,"key":"Matryoshka"},{"floor":20,"key":"Bottled Flame"},{"floor":20,"key":"Frozen Egg 2"},{"floor":26,"key":"Bronze Scales"},{"floor":26,"key":"Lantern"},{"floor":31,"key":"Oddly Smooth Stone"},{"floor":43,"key":"Cables"},{"floor":46,"key":"Orichalcum"}],"event_choices":[{"damage_healed":0,"gold_gain":0,"player_choice":"Donut","damage_taken":0,"max_hp_gain":5,"max_hp_loss":0,"event_name":"Big Fish","floor":2,"gold_loss":0},{"damage_healed":0,"gold_gain":0,"player_choice":"Bought 3 Potions","damage_taken":0,"max_hp_gain":0,"max_hp_loss":0,"event_name":"The Woman in Blue","floor":5,"gold_loss":0},{"damage_healed":0,"gold_gain":0,"player_choice":"Became a Ghost","damage_taken":0,"max_hp_gain":0,"max_hp_loss":40,"event_name":"Ghosts","floor":28,"gold_loss":0,"cards_obtained":["Ghostly","Ghostly","Ghostly","Ghostly","Ghostly"]},{"damage_healed":0,"gold_gain":0,"player_choice":"Inject Mutagens","damage_taken":0,"relics_obtained":["MutagenicStrength"],"max_hp_gain":0,"max_hp_loss":0,"event_name":"Drug Dealer","floor":29,"gold_loss":0},{"damage_healed":0,"gold_gain":0,"player_choice":"Memory 1","damage_taken":0,"max_hp_gain":0,"max_hp_loss":0,"event_name":"SensoryStone","floor":39,"gold_loss":0},{"damage_healed":0,"gold_gain":0,"player_choice":"Upgrade","damage_taken":0,"relics_obtained":["Mark of the Bloom"],"max_hp_gain":0,"max_hp_loss":0,"event_name":"MindBloom","floor":42,"gold_loss":0,"cards_upgraded":["Strike_B","Strike_B","Strike_B","Defend_B","Defend_B","Zap","Dualcast","Lockon","Conserve Battery","Tempest","Echo Form","Ball Lightning","Undo","Stack","Ghostly","Ghostly","Ghostly","Ghostly","Ghostly","Skim"]},{"cards_removed":["Strike_B"],"damage_healed":0,"gold_gain":0,"player_choice":"Removed Attack","damage_taken":0,"max_hp_gain":0,"max_hp_loss":0,"event_name":"Falling","floor":44,"gold_loss":0},{"damage_healed":0,"gold_gain":0,"player_choice":"Ignored","damage_taken":0,"max_hp_gain":0,"max_hp_loss":0,"event_name":"Mysterious Sphere","floor":48,"gold_loss":0}],"is_beta":false,"boss_relics":[{"not_picked":["Philosopher\u0027s Stone","Black Star"],"picked":"Eternal Feather"},{"not_picked":["Cursed Key","Snecko Eye"],"picked":"Busted Crown"}],"items_purged_floors":[22,30],"is_endless":false,"potions_floor_spawned":[3,6,11,24,33,35,46,47],"ascension_level":3}