{"gold_per_floor":[113,213,213,229,58,58,89,63,63,78,78,98,160,172,172,267,267,280,110,125,0,20,20,20],"floor_reached":24,"playtime":1110,"items_purged":["Strike_G"],"score":314,"play_id":"6751e571-91e3-4bee-ad99-32e8ae55dd77","local_time":"20180806222026","is_ascension_mode":true,"campfire_choices":[{"data":"Noxious Fumes","floor":6,"key":"SMITH"},{"data":"Noxious Fumes","floor":11,"key":"SMITH"},{"floor":15,"key":"REST"},{"data":"Apotheosis","floor":23,"key":"SMITH"}],"neow_cost":"","seed_source_timestamp":34755380515216,"circlet_count":0,"master_deck":["Defend_G","Defend_G","Defend_G","Defend_G+1","Strike_G","Strike_G","Strike_G+1","Survivor","Neutralize","AscendersBane","Blur","Noxious Fumes+1","Noxious Fumes+1","Dagger Spray","Burst","Quick Slash","All Out Attack","Backflip","Corpse Explosion","Apotheosis+1","Backflip","Setup+1"],"relics":["Ring of the Snake","Omamori","The Courier","Empty Cage"],"potions_floor_usage":[10,12,24],"damage_taken":[{"damage":0,"enemies":"2 Louse","floor":1,"turns":4},{"damage":0,"enemies":"Cultist","floor":4,"turns":4},{"damage":9,"enemies":"3 Sentries","floor":7,"turns":5},{"damage":3,"enemies":"Jaw Worm","floor":10,"turns":5},{"damage":14,"enemies":"Gremlin Gang","floor":12,"turns":5},{"damage":14,"enemies":"Exordium Wildlife","floor":14,"turns":4},{"damage":14,"enemies":"Hexaghost","floor":16,"turns":11},{"damage":7,"enemies":"3 Byrds","floor":18,"turns":4},{"damage":13,"enemies":"Shell Parasite","floor":20,"turns":7},{"damage":18,"enemies":"3 Cultists","floor":22,"turns":4},{"damage":30,"enemies":"Slavers","floor":24,"turns":4}],"seed_played":"-6728394671357420427","potions_obtained":[{"floor":1,"key":"SteroidPotion"},{"floor":4,"key":"SneckoOil"},{"floor":7,"key":"PowerPotion"},{"floor":20,"key":"GhostInAJar"}],"is_trial":false,"path_per_floor":["M","?","?","M","$","R","E","$","T","M","R","M","?","M","R","B",null,"M","$","M","?","M","R"],"character_chosen":"THE_SILENT","items_purchased":["Noxious Fumes","Dagger Spray","Quick Slash","Apotheosis"],"campfire_rested":1,"item_purchase_floors":[5,5,8,19],"current_hp_per_floor":[63,63,49,49,49,49,40,40,40,37,37,23,23,9,30,16,57,50,50,37,37,19,19,0],"gold":20,"neow_bonus":"","is_prod":false,"is_daily":false,"chose_seed":false,"campfire_upgraded":3,"win_rate":0,"timestamp":1533619226,"path_taken":["M","?","?","M","?","R","E","$","T","M","R","?","?","M","R","BOSS","M","$","M","?","?","R","E"],"build_version":"2018-08-01","purchased_purges":1,"victory":false,"max_hp_per_floor":[70,70,70,70,70,70,70,70,70,70,70,70,70,70,70,70,70,70,70,70,70,70,70,70],"card_choices":[{"not_picked":["Heel Hook","Cloak And Dagger"],"picked":"Blur","floor":1},{"not_picked":["Sucker Punch","Slice"],"picked":"Noxious Fumes","floor":4},{"not_picked":["Prepared","Masterful Stab"],"picked":"Burst","floor":7},{"not_picked":["Prepared","Slice","Concentrate"],"picked":"SKIP","floor":10},{"not_picked":["Deflect","Eviscerate"],"picked":"All Out Attack","floor":12},{"not_picked":["Blade Dance","Dodge and Roll"],"picked":"Backflip","floor":14},{"not_picked":["Malaise","Tools of the Trade"],"picked":"Corpse Explosion","floor":16},{"not_picked":["Bane","Endless Agony","Poisoned Stab"],"picked":"SKIP","floor":18},{"not_picked":["Predator","PiercingWail"],"picked":"Backflip","floor":20},{"not_picked":["Deflect","Blade Dance"],"picked":"Setup+1","floor":22}],"player_experience":759760,"relics_obtained":[{"floor":7,"key":"Omamori"},{"floor":9,"key":"The Courier"}],"event_choices":[{"event_name":"Golden Shrine","player_choice":"Pray","floor":2,"damage_taken":0},{"event_name":"Shining Light","player_choice":"Entered Light","floor":3,"damage_taken":0},{"event_name":"Golden Wing","player_choice":"Gained Gold","floor":13,"damage_taken":0},{"event_name":"Masked Bandits","player_choice":"Paid Bandits 125 gold","floor":21,"damage_taken":0}],"is_beta":true,"boss_relics":[{"not_picked":["Eternal Feather","Tiny House"],"picked":"Empty Cage"}],"items_purged_floors":[5],"is_endless":false,"potions_floor_spawned":[1,4,7,20],"killed_by":"Slavers","ascension_level":12}