{"gold_per_floor":[116,128,128,53,53,87,87,104,131,131],"floor_reached":10,"playtime":235,"items_purged":["Normality"],"score":109,"play_id":"a768ea37-8c4e-4f4e-8e47-9a5a8761e9c8","local_time":"20190321215748","is_ascension_mode":true,"campfire_choices":[{"floor":7.0,"key":"REST"}],"neow_cost":"CURSE","seed_source_timestamp":0,"circlet_count":0,"master_deck":["AscendersBane","Strike_B","Strike_B","Strike_B","Strike_B","Defend_B","Defend_B","Defend_B","Defend_B","Zap","Dualcast","Multi-Cast","Go for the Eyes","Chaos","Leap","Gash"],"special_seed":0,"relics":["Cracked Core","Anchor","Shovel","Lantern"],"potions_floor_usage":[],"damage_taken":[{"damage":6.0,"enemies":"Small Slimes","floor":1.0,"turns":3.0},{"damage":4.0,"enemies":"Cultist","floor":2.0,"turns":3.0},{"damage":54.0,"enemies":"Lagavulin","floor":6.0,"turns":8.0},{"damage":0.0,"enemies":"2 Louse","floor":8.0,"turns":2.0},{"damage":0,"enemies":"Gremlin Nob","floor":10,"turns":1}],"seed_played":"-2725105720530419942","potions_obtained":[{"floor":8.0,"key":"Energy Potion"}],"is_trial":false,"path_per_floor":["M","M","?","$","?","E","R","M","T","E"],"character_chosen":"DEFECT","items_purchased":[],"campfire_rested":1,"item_purchase_floors":[],"current_hp_per_floor":[62,58,58,58,58,4,26,26,26,26],"gold":131,"neow_bonus":"THREE_RARE_CARDS","is_prod":false,"is_daily":false,"chose_seed":false,"campfire_upgraded":0,"win_rate":0,"timestamp":1553219868,"path_taken":["M","M","?","$","?","E","R","?","T","E"],"build_version":"2019-01-23","purchased_purges":1,"victory":false,"max_hp_per_floor":[75,75,75,75,75,75,75,75,75,75],"card_choices":[{"not_picked":["Hyperbeam","Amplify"],"picked":"Multi-Cast","floor":0.0},{"not_picked":["Steam","Tempest"],"picked":"Go for the Eyes","floor":1.0},{"not_picked":["Force Field","Blizzard"],"picked":"Chaos","floor":2.0},{"not_picked":["Undo","Loop"],"picked":"Leap","floor":6.0},{"not_picked":["Ball Lightning","Leap"],"picked":"Gash","floor":8.0}],"player_experience":438495,"relics_obtained":[{"floor":6.0,"key":"Shovel"},{"floor":9.0,"key":"Lantern"}],"event_choices":[{"damage_healed":0.0,"max_hp_gain":0.0,"max_hp_loss":0.0,"gold_gain":0.0,"event_name":"Big Fish","player_choice":"Box","floor":3.0,"gold_loss":0.0,"damage_taken":0.0,"relics_obtained":["Anchor"],"cards_obtained":["Regret"]},{"cards_removed":["Regret"],"damage_healed":0.0,"max_hp_gain":0.0,"max_hp_loss":0.0,"gold_gain":0.0,"event_name":"Purifier","player_choice":"Purged","floor":5.0,"gold_loss":0.0,"damage_taken":0.0}],"is_beta":false,"boss_relics":[],"items_purged_floors":[4],"is_endless":false,"potions_floor_spawned":[8],"killed_by":"Gremlin Nob","ascension_level":13}