{"gold_per_floor":[112,112,112,75,93,93,128,128,128,128,146,146,163,163,163,283,283,299,1,1,1,25,69,69,69,69,81,19,43,83,98,98,228,228,249,263,263,71,84,125,125,0,76,176,195,220,233,233,233,233],"floor_reached":51,"playtime":2886,"items_purged":["Strike_G","Strike_G","Defend_G"],"score":738,"play_id":"b4034cb8-0974-410b-8063-2e653fb9608f","local_time":"20190509005427","is_ascension_mode":false,"campfire_choices":[{"data":"Deadly Poison","floor":6,"key":"SMITH"},{"data":"Survivor","floor":8,"key":"SMITH"},{"data":"Flying Knee","floor":10,"key":"SMITH"},{"data":"PiercingWail","floor":12,"key":"SMITH"},{"floor":15,"key":"REST"},{"data":"Catalyst","floor":25,"key":"SMITH"},{"data":"After Image","floor":27,"key":"SMITH"},{"floor":32,"key":"REST"},{"floor":41,"key":"REST"},{"floor":49,"key":"REST"}],"neow_cost":"NONE","seed_source_timestamp":917737505644212,"circlet_count":0,"master_deck":["Defend_G+1","Defend_G","Strike_G","Survivor+1","Neutralize","Flying Knee+1","Deadly Poison+1","Acrobatics","PiercingWail+1","Catalyst+1","After Image+1","Masterful Stab+1","Catalyst+1","Cloak And Dagger+1","Terror+1","Endless Agony","Bane","Terror+1","Well Laid Plans","Backflip+1","Slice+1","Catalyst+1","Dark Shackles","Deadly Poison+1","Noxious Fumes+1","Poisoned Stab+1","Die Die Die"],"relics":["Ring of the Snake","Bronze Scales","Ginger","Oddly Smooth Stone","Strawberry","Golden Idol","Blood Vial","Ancient Tea Set","Omamori","Nloth\u0027s Gift","MawBank","Regal Pillow","Empty Cage","Matryoshka","Potion Belt","Orichalcum","Shuriken"],"potions_floor_usage":[7,16,23,23,31,36,36,46,50],"damage_taken":[{"damage":0,"enemies":"2 Louse","floor":1,"turns":3},{"damage":0,"enemies":"Jaw Worm","floor":5,"turns":4},{"damage":16,"enemies":"Gremlin Nob","floor":7,"turns":4},{"damage":0,"enemies":"Small Slimes","floor":11,"turns":3},{"damage":0,"enemies":"3 Louse","floor":13,"turns":3},{"damage":38,"enemies":"Slime Boss","floor":16,"turns":15},{"damage":0,"enemies":"Chosen","floor":18,"turns":3},{"damage":1,"enemies":"Shell Parasite","floor":22,"turns":3},{"damage":4,"enemies":"Book of Stabbing","floor":23,"turns":5},{"damage":0,"enemies":"3 Cultists","floor":29,"turns":6},{"damage":0,"enemies":"Gremlin Leader","floor":30,"turns":7},{"damage":8,"enemies":"Snecko","floor":31,"turns":3},{"damage":57,"enemies":"Champ","floor":33,"turns":10},{"damage":0,"enemies":"3 Shapes","floor":35,"turns":6},{"damage":11,"enemies":"3 Darklings","floor":36,"turns":4},{"damage":0,"enemies":"Transient","floor":39,"turns":5},{"damage":27,"enemies":"Nemesis","floor":40,"turns":3},{"damage":8,"enemies":"Spire Growth","floor":45,"turns":4},{"damage":0,"enemies":"Maw","floor":46,"turns":4},{"damage":18,"enemies":"Jaw Worm Horde","floor":47,"turns":5},{"damage":64,"enemies":"Time Eater","floor":50,"turns":5}],"seed_played":"-4103206980864912197","potions_obtained":[{"floor":1,"key":"Swift Potion"},{"floor":13,"key":"Swift Potion"},{"floor":16,"key":"Weak Potion"},{"floor":18,"key":"Fire Potion"},{"floor":30,"key":"EssenceOfSteel"},{"floor":33,"key":"SteroidPotion"},{"floor":35,"key":"AttackPotion"},{"floor":45,"key":"SkillPotion"},{"floor":46,"key":"Strength Potion"}],"is_trial":false,"path_per_floor":["M","?","?","?","M","R","E","R","T","R","M","R","M","?","R","B",null,"M","$","?","?","M","E","?","R","T","R","$","M","E","M","R","B",null,"M","M","T","$","M","E","R","$","T","?","M","M","M","?","R","B",null],"character_chosen":"THE_SILENT","items_purchased":["Blood Vial","Endless Agony","Well Laid Plans","Dark Shackles"],"campfire_rested":4,"item_purchase_floors":[19,19,28,38],"current_hp_per_floor":[70,70,67,67,67,67,51,51,58,58,58,58,58,58,71,33,71,71,71,71,71,70,67,67,67,67,67,67,69,71,63,71,14,71,71,60,60,60,62,37,71,71,71,71,63,65,49,49,71,7],"gold":233,"neow_bonus":"RANDOM_COMMON_RELIC","is_prod":false,"is_daily":false,"chose_seed":false,"campfire_upgraded":6,"win_rate":0,"timestamp":1557388467,"path_taken":["M","?","?","?","M","R","E","R","T","R","M","R","M","?","R","BOSS","M","$","?","?","M","E","?","R","T","R","$","M","E","M","R","BOSS","M","M","?","$","M","E","R","$","T","?","?","M","M","?","R","BOSS"],"build_version":"2019-01-23","purchased_purges":3,"victory":true,"max_hp_per_floor":[70,70,70,70,70,70,70,70,77,77,77,77,77,71,71,71,71,71,71,71,71,71,71,71,71,71,71,71,71,71,71,71,71,71,71,71,71,71,71,71,71,71,71,71,71,71,71,71,71,71],"card_choices":[{"not_picked":["Outmaneuver","Prepared"],"picked":"Flying Knee","floor":1},{"not_picked":["Skewer","Bouncing Flask"],"picked":"Deadly Poison","floor":5},{"not_picked":["Accuracy","A Thousand Cuts"],"picked":"Acrobatics","floor":7},{"not_picked":["Choke","Sucker Punch"],"picked":"PiercingWail","floor":11},{"not_picked":["Skewer","Blade Dance"],"picked":"Catalyst","floor":13},{"not_picked":["Unload","Phantasmal Killer"],"picked":"After Image","floor":16},{"not_picked":["Dagger Throw+1","Outmaneuver"],"picked":"Terror+1","floor":18},{"not_picked":["Dash","Acrobatics"],"picked":"Bane","floor":22},{"not_picked":["Reflex+1","Dodge and Roll"],"picked":"Terror+1","floor":23},{"not_picked":["Bane","Bouncing Flask"],"picked":"Backflip+1","floor":29},{"not_picked":["Malaise","Dagger Spray"],"picked":"Slice+1","floor":30},{"not_picked":["Outmaneuver","Quick Slash","Bane"],"picked":"SKIP","floor":31},{"not_picked":["Flechettes","Outmaneuver","Skewer+1"],"picked":"SKIP","floor":35},{"not_picked":["Sucker Punch+1","Quick Slash+1"],"picked":"Catalyst+1","floor":36},{"not_picked":["Reflex","Cloak And Dagger+1"],"picked":"Deadly Poison+1","floor":39},{"not_picked":["Slice","Deflect"],"picked":"Noxious Fumes+1","floor":40},{"not_picked":["Bane","Night Terror"],"picked":"Poisoned Stab+1","floor":45},{"not_picked":["Blur+1","Bouncing Flask+1","Dagger Spray+1"],"picked":"SKIP","floor":46},{"not_picked":["Acrobatics","Backflip","Cloak And Dagger"],"picked":"SKIP","floor":47}],"player_experience":143293,"relics_obtained":[{"floor":7,"key":"Oddly Smooth Stone"},{"floor":9,"key":"Strawberry"},{"floor":23,"key":"Omamori"},{"floor":26,"key":"MawBank"},{"floor":30,"key":"Regal Pillow"},{"floor":37,"key":"Matryoshka"},{"floor":40,"key":"Potion Belt"},{"floor":43,"key":"Orichalcum"},{"floor":43,"key":"Shuriken"}],"event_choices":[{"damage_healed":0,"gold_gain":0,"player_choice":"Grow","damage_taken":0,"max_hp_gain":0,"max_hp_loss":0,"event_name":"Living Wall","floor":2,"gold_loss":0,"cards_upgraded":["Defend_G"]},{"damage_healed":0,"gold_gain":0,"player_choice":"Success","damage_taken":3,"relics_obtained":["Ginger"],"max_hp_gain":0,"max_hp_loss":0,"event_name":"Scrap Ooze","floor":3,"gold_loss":0},{"damage_healed":0,"gold_gain":0,"player_choice":"Left Gold","damage_taken":0,"max_hp_gain":0,"max_hp_loss":0,"event_name":"World of Goop","floor":4,"gold_loss":37},{"damage_healed":0,"gold_gain":0,"player_choice":"Lose Max HP","damage_taken":0,"relics_obtained":["Golden Idol"],"max_hp_gain":0,"max_hp_loss":6,"event_name":"Golden Idol","floor":14,"gold_loss":0},{"damage_healed":0,"gold_gain":0,"player_choice":"Stole Relic","damage_taken":0,"relics_obtained":["Ancient Tea Set"],"max_hp_gain":0,"max_hp_loss":0,"event_name":"Addict","floor":20,"gold_loss":0,"cards_obtained":["Shame"]},{"damage_healed":0,"gold_gain":0,"player_choice":"Ignored","damage_taken":0,"max_hp_gain":0,"max_hp_loss":0,"event_name":"The Mausoleum","floor":21,"gold_loss":0},{"damage_healed":0,"gold_gain":0,"player_choice":"Traded Relic","damage_taken":0,"relics_obtained":["Nloth\u0027s Gift"],"max_hp_gain":0,"max_hp_loss":0,"event_name":"N\u0027loth","floor":24,"relics_lost":["Astrolabe"],"gold_loss":0},{"damage_healed":0,"gold_gain":100,"player_choice":"Pray","damage_taken":0,"max_hp_gain":0,"max_hp_loss":0,"event_name":"Golden Shrine","floor":44,"gold_loss":0},{"damage_healed":0,"gold_gain":0,"player_choice":"1 cards matched","damage_taken":0,"max_hp_gain":0,"max_hp_loss":0,"event_name":"Match and Keep!","floor":48,"gold_loss":0,"cards_obtained":["Die Die Die"]}],"is_beta":false,"boss_relics":[{"not_picked":["White Beast Statue","Runic Pyramid"],"picked":"Astrolabe"},{"not_picked":["Tiny House","Philosopher\u0027s Stone"],"picked":"Empty Cage"}],"items_purged_floors":[19,38,42],"is_endless":false,"potions_floor_spawned":[1,13,16,18,30,33,35,45,46],"ascension_level":0}