{"gold_per_floor":[359,284,116,116,130,130,161,174,174,174,174,204,204,216,216,290,290],"floor_reached":17,"playtime":521,"items_purged":[],"score":293,"play_id":"1231e8c8-5131-4a02-a924-5f043fe781b3","local_time":"20190407133128","is_ascension_mode":true,"campfire_choices":[{"data":"Catalyst","floor":6,"key":"SMITH"},{"floor":13,"key":"REST"},{"data":"Neutralize","floor":15,"key":"SMITH"}],"neow_cost":"CURSE","seed_source_timestamp":157135453051239,"circlet_count":0,"master_deck":["AscendersBane","Defend_G","Defend_G","Defend_G","Defend_G","Defend_G","Strike_G","Strike_G","Strike_G","Strike_G","Survivor","Neutralize+1","Crippling Poison","Catalyst+1","Noxious Fumes","Dagger Spray","Terror","Well Laid Plans"],"relics":["Ring of the Snake","Question Card","Orichalcum","Singing Bowl","PreservedInsect"],"potions_floor_usage":[7,14,16],"damage_taken":[{"damage":9,"enemies":"Jaw Worm","floor":1,"turns":5},{"damage":12,"enemies":"Small Slimes","floor":5,"turns":4},{"damage":10,"enemies":"Lagavulin","floor":7,"turns":8},{"damage":0,"enemies":"Cultist","floor":8,"turns":3},{"damage":8,"enemies":"Gremlin Nob","floor":12,"turns":4},{"damage":3,"enemies":"3 Louse","floor":14,"turns":2},{"damage":23,"enemies":"Hexaghost","floor":16,"turns":12}],"seed_played":"-7421302170829283597","potions_obtained":[{"floor":1,"key":"EssenceOfSteel"},{"floor":8,"key":"GamblersBrew"},{"floor":12,"key":"Explosive Potion"}],"is_trial":false,"path_per_floor":["M","?","$","?","M","R","E","M","T","?","T","E","R","M","R","B",null],"character_chosen":"THE_SILENT","items_purchased":["Catalyst","Noxious Fumes"],"campfire_rested":1,"item_purchase_floors":[3,3],"current_hp_per_floor":[50,50,50,50,38,38,28,28,28,28,28,22,41,40,40,19,19],"gold":290,"neow_bonus":"TWO_FIFTY_GOLD","is_prod":false,"is_daily":false,"chose_seed":false,"campfire_upgraded":2,"win_rate":0,"timestamp":1554658288,"path_taken":["M","?","$","?","M","R","E","?","T","?","?","E","R","M","R","BOSS"],"build_version":"2019-01-23","purchased_purges":0,"victory":false,"max_hp_per_floor":[66,63,63,63,63,63,63,63,63,63,63,65,65,67,67,69,69],"card_choices":[{"not_picked":["PiercingWail","Dagger Throw"],"picked":"Crippling Poison","floor":1},{"not_picked":["Endless Agony","Infinite Blades"],"picked":"Dagger Spray","floor":5},{"not_picked":["Cloak And Dagger","Dagger Spray"],"picked":"Terror","floor":7},{"not_picked":["Sucker Punch","Masterful Stab","Blade Dance"],"picked":"Well Laid Plans","floor":8},{"not_picked":["Escape Plan","Endless Agony","Backflip","Outmaneuver"],"picked":"Singing Bowl","floor":12},{"not_picked":["Blade Dance","Flying Knee","Underhanded Strike","Choke"],"picked":"Singing Bowl","floor":14},{"not_picked":["Phantasmal Killer","Storm of Steel","Venomology","Grand Finale"],"picked":"Singing Bowl","floor":16}],"player_experience":534550,"relics_obtained":[{"floor":7,"key":"Question Card"},{"floor":9,"key":"Orichalcum"},{"floor":11,"key":"Singing Bowl"},{"floor":12,"key":"PreservedInsect"}],"event_choices":[{"cards_removed":["Parasite"],"damage_healed":0,"gold_gain":0,"player_choice":"Card Removal","damage_taken":0,"max_hp_gain":0,"max_hp_loss":0,"event_name":"The Cleric","floor":2,"gold_loss":75},{"cards_removed":["Strike_G"],"damage_healed":0,"gold_gain":0,"player_choice":"Purged","damage_taken":0,"max_hp_gain":0,"max_hp_loss":0,"event_name":"Purifier","floor":4,"gold_loss":0},{"damage_healed":0,"gold_gain":0,"player_choice":"Ignored","damage_taken":0,"max_hp_gain":0,"max_hp_loss":0,"event_name":"Shining Light","floor":10,"gold_loss":0}],"is_beta":false,"boss_relics":[],"items_purged_floors":[],"is_endless":false,"potions_floor_spawned":[1,8,12],"ascension_level":16}