{"gold_per_floor":[116,127,127,82,100,127,52,52,100,60,72,103,114,126,126,229,229,247,247,247,11,29,29,46,46,46,46,95,107,136,136,136,136],"floor_reached":33,"playtime":1278,"items_purged":["Strike_R"],"score":399,"play_id":"0dd59b0a-84c6-4837-854a-dca477ab49e3","local_time":"20190222144509","is_ascension_mode":true,"campfire_choices":[{"data":"Armaments","floor":8,"key":"SMITH"},{"floor":15,"key":"REST"},{"data":"Uppercut","floor":23,"key":"SMITH"},{"data":"Reaper","floor":25,"key":"SMITH"},{"data":"1","floor":32,"key":"LIFT"}],"neow_cost":"NONE","seed_source_timestamp":587914391819266,"circlet_count":0,"master_deck":["Strike_R+1","Strike_R+1","Strike_R+1","Strike_R+1","Defend_R+1","Defend_R+1","Defend_R+1","Defend_R+1","Bash","Panacea+1","Cleave","Disarm","Armaments+1","Shrug It Off","Clothesline","Pummel","Iron Wave","Thunderclap","Reaper+1","Uppercut+1"],"relics":["Burning Blood","Omamori","Juzu Bracelet","Vajra","Busted Crown","Enchiridion","Orichalcum","Girya","Oddly Smooth Stone","Question Card"],"potions_floor_usage":[14,14,16,18,24,30],"damage_taken":[{"damage":1,"enemies":"Cultist","floor":1,"turns":4},{"damage":11,"enemies":"Jaw Worm","floor":2,"turns":4},{"damage":3,"enemies":"2 Louse","floor":5,"turns":3},{"damage":45,"enemies":"3 Sentries","floor":6,"turns":9},{"damage":0,"enemies":"Large Slime","floor":11,"turns":8},{"damage":37,"enemies":"Gremlin Nob","floor":12,"turns":5},{"damage":6,"enemies":"2 Fungi Beasts","floor":13,"turns":4},{"damage":0,"enemies":"Gremlin Gang","floor":14,"turns":2},{"damage":35,"enemies":"Hexaghost","floor":16,"turns":14},{"damage":6,"enemies":"Spheric Guardian","floor":18,"turns":3},{"damage":11,"enemies":"Chosen","floor":22,"turns":6},{"damage":7,"enemies":"Centurion and Healer","floor":24,"turns":8},{"damage":14,"enemies":"Snecko","floor":29,"turns":5},{"damage":17,"enemies":"Slavers","floor":30,"turns":6},{"damage":68,"enemies":"Collector","floor":33,"turns":7}],"seed_played":"-77897125061687453","potions_obtained":[{"floor":2,"key":"Energy Potion"},{"floor":12,"key":"Explosive Potion"},{"floor":13,"key":"Ancient Potion"},{"floor":16,"key":"Fire Potion"},{"floor":18,"key":"EssenceOfSteel"},{"floor":24,"key":"PowerPotion"},{"floor":29,"key":"SteroidPotion"}],"is_trial":false,"path_per_floor":["M","M","?","$","M","E","$","R","T","?","M","E","M","M","R","B",null,"M","?","?","$","M","R","M","R","T","$","T","M","E","?","R","B"],"character_chosen":"IRONCLAD","items_purchased":["Armaments","Orichalcum","Uppercut"],"campfire_rested":1,"item_purchase_floors":[4,21,21],"current_hp_per_floor":[77,72,72,72,75,36,36,36,36,36,42,11,11,17,41,12,63,63,47,47,47,49,49,60,60,60,60,60,61,62,62,62,0],"gold":136,"neow_bonus":"RANDOM_COLORLESS","is_prod":false,"is_daily":false,"chose_seed":false,"campfire_upgraded":3,"win_rate":0,"timestamp":1550864709,"path_taken":["M","?","?","$","M","E","?","R","T","?","M","E","M","M","R","BOSS","M","?","?","$","M","R","M","R","T","$","?","M","E","?","R","BOSS"],"build_version":"2019-01-23","purchased_purges":1,"victory":false,"max_hp_per_floor":[80,80,80,80,80,80,80,80,80,80,80,80,80,80,80,80,80,80,80,80,80,80,80,80,80,80,80,80,80,80,80,80,80],"card_choices":[{"not_picked":["Twin Strike","Blood for Blood"],"picked":"Cleave","floor":1},{"not_picked":["Cleave","Perfected Strike"],"picked":"Disarm","floor":2},{"not_picked":["Infernal Blade","Perfected Strike","Havoc"],"picked":"SKIP","floor":5},{"not_picked":["Armaments","True Grit"],"picked":"Shrug It Off","floor":6},{"not_picked":["Fiend Fire","True Grit"],"picked":"Clothesline","floor":11},{"not_picked":["Armaments","Pommel Strike"],"picked":"Pummel","floor":12},{"not_picked":["Blood for Blood","Flex"],"picked":"Iron Wave","floor":13},{"not_picked":["Entrench","Hemokinesis"],"picked":"Thunderclap","floor":14},{"not_picked":["Berserk","Bludgeon"],"picked":"Reaper","floor":16},{"not_picked":["Twin Strike"],"picked":"SKIP","floor":18},{"not_picked":["Rupture"],"picked":"SKIP","floor":22},{"not_picked":["Reckless Charge"],"picked":"SKIP","floor":24},{"not_picked":["Blood for Blood"],"picked":"SKIP","floor":29},{"not_picked":["Body Slam"],"picked":"SKIP","floor":30}],"player_experience":305607,"relics_obtained":[{"floor":6,"key":"Omamori"},{"floor":9,"key":"Juzu Bracelet"},{"floor":12,"key":"Vajra"},{"floor":19,"key":"Enchiridion"},{"floor":26,"key":"Girya"},{"floor":28,"key":"Oddly Smooth Stone"},{"floor":30,"key":"Question Card"}],"event_choices":[{"damage_healed":0,"gold_gain":0,"player_choice":"Upgraded","damage_taken":0,"max_hp_gain":0,"max_hp_loss":0,"event_name":"Upgrade Shrine","floor":3,"gold_loss":0,"cards_upgraded":["Panacea"]},{"damage_healed":0,"gold_gain":0,"player_choice":"Left Gold","damage_taken":0,"max_hp_gain":0,"max_hp_loss":0,"event_name":"World of Goop","floor":10,"gold_loss":40},{"damage_healed":0,"gold_gain":0,"player_choice":"Obtained Book","damage_taken":16,"max_hp_gain":0,"max_hp_loss":0,"event_name":"Cursed Tome","floor":19,"gold_loss":0},{"damage_healed":0,"gold_gain":0,"player_choice":"Ignored","damage_taken":0,"max_hp_gain":0,"max_hp_loss":0,"event_name":"Ghosts","floor":20,"gold_loss":0},{"damage_healed":0,"gold_gain":0,"player_choice":"Simplicity","damage_taken":0,"max_hp_gain":0,"max_hp_loss":0,"event_name":"Back to Basics","floor":31,"gold_loss":0,"cards_upgraded":["Strike_R","Strike_R","Strike_R","Strike_R","Defend_R","Defend_R","Defend_R","Defend_R"]}],"is_beta":false,"boss_relics":[{"not_picked":["Eternal Feather","Snecko Eye"],"picked":"Busted Crown"}],"items_purged_floors":[7],"is_endless":false,"potions_floor_spawned":[2,12,13,16,18,24,29],"killed_by":"Collector","ascension_level":9}