{"gold_per_floor":[114,30,30,30,30,73,97,97,144,185,208,223,242,263,263,391,391,380,380,117,135,159,182,222,247,271,305,305,330,330,330,330,432,432,446,1,16,27,38,72,72,103,185,185,185,285,285,285,285,285],"floor_reached":51,"playtime":3550,"items_purged":["Strike_G"],"score":880,"play_id":"f3895ebb-9bd9-48d8-833b-19787cc79f00","local_time":"20190202201117","is_ascension_mode":true,"campfire_choices":[{"floor":15,"key":"REST"},{"floor":28,"key":"REST"},{"data":"Apotheosis","floor":32,"key":"SMITH"},{"floor":41,"key":"REST"},{"floor":47,"key":"REST"},{"floor":49,"key":"REST"}],"neow_cost":"NONE","seed_source_timestamp":211140751143039,"circlet_count":0,"master_deck":["Defend_G+1","Defend_G","Defend_G","Defend_G+1","Strike_G","Strike_G","Strike_G","Survivor","Neutralize","Prepared","Bandage Up","Backflip","Slice","Corpse Explosion","Leg Sweep","Sucker Punch","PiercingWail","Dash","Malaise","Well Laid Plans","Apotheosis+1","Noxious Fumes","Footwork+1","Backstab","Blade Dance","Backstab","Poisoned Stab","Outmaneuver","Adrenaline","Corpse Explosion","PiercingWail+1","Infinite Blades","Blade Dance+1","Parasite","Blade Dance+1","Envenom","Noxious Fumes","Madness","Madness","Flash of Steel","Enlightenment","Master of Strategy"],"relics":["Ring of the Snake","NeowsBlessing","Bloody Idol","Kunai","War Paint","Happy Flower","Eternal Feather","Bag of Preparation","Potion Belt","Juzu Bracelet","Fusion Hammer","Centennial Puzzle","Lantern","PreservedInsect","Mercury Hourglass","The Courier"],"potions_floor_usage":[10,13,16,16,16,24,27,33,33,33,40,42,50],"damage_taken":[{"damage":0,"enemies":"Small Slimes","floor":1,"turns":1},{"damage":0,"enemies":"Lagavulin","floor":6,"turns":1},{"damage":0,"enemies":"2 Louse","floor":7,"turns":2},{"damage":52,"enemies":"3 Sentries","floor":10,"turns":18},{"damage":1,"enemies":"Cultist","floor":11,"turns":4},{"damage":0,"enemies":"2 Fungi Beasts","floor":12,"turns":2},{"damage":8,"enemies":"Exordium Thugs","floor":13,"turns":5},{"damage":0,"enemies":"Blue Slaver","floor":14,"turns":4},{"damage":34,"enemies":"Slime Boss","floor":16,"turns":10},{"damage":28,"enemies":"2 Thieves","floor":18,"turns":4},{"damage":10,"enemies":"Spheric Guardian","floor":21,"turns":4},{"damage":8,"enemies":"Cultist and Chosen","floor":22,"turns":7},{"damage":3,"enemies":"Centurion and Healer","floor":23,"turns":9},{"damage":7,"enemies":"Gremlin Leader","floor":24,"turns":9},{"damage":0,"enemies":"Snecko","floor":25,"turns":6},{"damage":51,"enemies":"Slavers","floor":27,"turns":8},{"damage":0,"enemies":"Snake Plant","floor":29,"turns":4},{"damage":18,"enemies":"Collector","floor":33,"turns":10},{"damage":1,"enemies":"3 Shapes","floor":35,"turns":2},{"damage":0,"enemies":"Orb Walker","floor":37,"turns":5},{"damage":33,"enemies":"Spire Growth","floor":38,"turns":5},{"damage":3,"enemies":"Writhing Mass","floor":39,"turns":6},{"damage":8,"enemies":"Giant Head","floor":40,"turns":9},{"damage":27,"enemies":"Nemesis","floor":42,"turns":6},{"damage":71,"enemies":"Awakened One","floor":50,"turns":12}],"seed_played":"-1588858877086045370","potions_obtained":[{"floor":8,"key":"Block Potion"},{"floor":8,"key":"FearPotion"},{"floor":8,"key":"AttackPotion"},{"floor":12,"key":"Explosive Potion"},{"floor":13,"key":"Fruit Juice"},{"floor":14,"key":"Poison Potion"},{"floor":16,"key":"SteroidPotion"},{"floor":18,"key":"Energy Potion"},{"floor":23,"key":"Strength Potion"},{"floor":24,"key":"SteroidPotion"},{"floor":29,"key":"Weak Potion"},{"floor":38,"key":"Poison Potion"},{"floor":39,"key":"GhostInAJar"},{"floor":42,"key":"Poison Potion"}],"is_trial":false,"path_per_floor":["M","$","?","?","$","E","M","?","T","E","M","M","M","M","R","B",null,"M","?","$","M","M","M","E","M","T","E","R","M","?","?","R","B",null,"M","$","M","M","M","E","R","E","T","?","?","?","R","?","R","B",null],"character_chosen":"THE_SILENT","items_purchased":["Bandage Up","Apotheosis","Noxious Fumes","Infinite Blades","Centennial Puzzle","Lantern"],"campfire_rested":5,"item_purchase_floors":[2,20,20,36,36,36],"current_hp_per_floor":[70,70,63,63,63,67,70,70,70,22,25,29,30,34,56,26,75,51,51,51,47,45,48,47,53,53,8,48,48,48,48,66,57,75,75,75,75,53,61,64,75,53,58,58,49,54,75,65,75,10],"gold":285,"neow_bonus":"THREE_ENEMY_KILL","is_prod":false,"is_daily":false,"chose_seed":false,"campfire_upgraded":1,"win_rate":0,"timestamp":1549156277,"path_taken":["M","$","?","?","$","E","M","?","T","E","M","?","M","M","R","BOSS","M","?","$","M","?","M","E","M","T","E","R","M","?","?","R","BOSS","M","$","M","M","M","E","R","E","T","?","?","?","R","?","R","BOSS"],"build_version":"2019-01-23","purchased_purges":1,"victory":true,"max_hp_per_floor":[70,70,70,70,70,70,70,70,70,70,70,70,75,75,75,75,75,75,75,75,75,75,75,75,75,75,75,75,75,75,75,75,75,75,75,75,75,75,75,75,75,75,75,75,75,75,75,75,75,75],"card_choices":[{"not_picked":["Acrobatics","Cloak And Dagger"],"picked":"Prepared","floor":1},{"not_picked":["A Thousand Cuts","Acrobatics"],"picked":"Backflip","floor":6},{"not_picked":["Acrobatics","Outmaneuver"],"picked":"Slice","floor":7},{"not_picked":["Dodge and Roll","Choke"],"picked":"Corpse Explosion","floor":10},{"not_picked":["Tactician","Underhanded Strike"],"picked":"Leg Sweep","floor":11},{"not_picked":["Distraction","Flying Knee"],"picked":"Sucker Punch","floor":12},{"not_picked":["Choke","Catalyst"],"picked":"PiercingWail","floor":13},{"not_picked":["Acrobatics","Bane"],"picked":"Dash","floor":14},{"not_picked":["Doppelganger","Burst"],"picked":"Malaise","floor":16},{"not_picked":["Acrobatics+1","Prepared+1"],"picked":"Well Laid Plans","floor":18},{"not_picked":["Underhanded Strike+1","Setup"],"picked":"Footwork+1","floor":21},{"not_picked":["Poisoned Stab","Bane"],"picked":"Backstab","floor":22},{"not_picked":["Quick Slash","Predator+1"],"picked":"Blade Dance","floor":23},{"not_picked":["Flying Knee","Well Laid Plans"],"picked":"Backstab","floor":24},{"not_picked":["PiercingWail","Quick Slash"],"picked":"Poisoned Stab","floor":25},{"not_picked":["Sucker Punch","Deadly Poison"],"picked":"Outmaneuver","floor":27},{"not_picked":["Reflex","Slice"],"picked":"Adrenaline","floor":29},{"not_picked":["Unload","Adrenaline"],"picked":"Corpse Explosion","floor":33},{"not_picked":["Riddle With Holes+1","Flechettes"],"picked":"PiercingWail+1","floor":35},{"not_picked":["Acrobatics","Flying Knee+1","Leg Sweep"],"picked":"SKIP","floor":37},{"not_picked":["Reflex","Dagger Spray+1"],"picked":"Blade Dance+1","floor":38},{"not_picked":["Footwork","Quick Slash"],"picked":"Blade Dance+1","floor":39},{"not_picked":["Terror+1","Flying Knee+1"],"picked":"Envenom","floor":40},{"not_picked":["Blade Dance","Night Terror"],"picked":"Noxious Fumes","floor":42},{"not_picked":["The Bomb","Magnetism"],"picked":"Flash of Steel","floor":48},{"not_picked":["Master of Strategy","Magnetism"],"picked":"Enlightenment","floor":48},{"not_picked":["Forethought","Flash of Steel"],"picked":"Master of Strategy","floor":48}],"player_experience":136098,"relics_obtained":[{"floor":6,"key":"Kunai"},{"floor":9,"key":"War Paint"},{"floor":10,"key":"Happy Flower"},{"floor":24,"key":"Bag of Preparation"},{"floor":26,"key":"Potion Belt"},{"floor":27,"key":"Juzu Bracelet"},{"floor":40,"key":"PreservedInsect"},{"floor":42,"key":"Mercury Hourglass"},{"floor":43,"key":"The Courier"}],"event_choices":[{"cards_removed":["Strike_G"],"damage_healed":0,"gold_gain":0,"player_choice":"Card Removal","damage_taken":7,"max_hp_gain":0,"max_hp_loss":0,"event_name":"Golden Wing","floor":3,"gold_loss":0},{"damage_healed":0,"gold_gain":0,"player_choice":"Take Wound","damage_taken":0,"relics_obtained":["Golden Idol"],"max_hp_gain":0,"max_hp_loss":0,"event_name":"Golden Idol","floor":4,"gold_loss":0,"cards_obtained":["Injury"]},{"damage_healed":0,"gold_gain":0,"player_choice":"Got Potions","damage_taken":0,"max_hp_gain":0,"max_hp_loss":0,"event_name":"Lab","floor":8,"gold_loss":0},{"cards_removed":["Injury"],"damage_healed":0,"gold_gain":0,"player_choice":"Removed Curses","damage_taken":0,"max_hp_gain":0,"max_hp_loss":0,"event_name":"Fountain of Cleansing","floor":19,"gold_loss":0},{"damage_healed":0,"gold_gain":0,"player_choice":"Gave Idol","damage_taken":0,"relics_obtained":["Bloody Idol"],"max_hp_gain":0,"max_hp_loss":0,"event_name":"Forgotten Altar","floor":30,"relics_lost":["Golden Idol"],"gold_loss":0},{"cards_removed":["Defend_G"],"damage_healed":0,"gold_gain":0,"player_choice":"Elegance","damage_taken":0,"max_hp_gain":0,"max_hp_loss":0,"event_name":"Back to Basics","floor":31,"gold_loss":0},{"damage_healed":0,"gold_gain":0,"player_choice":"Ignored","damage_taken":0,"max_hp_gain":0,"max_hp_loss":0,"event_name":"Mysterious Sphere","floor":44,"gold_loss":0},{"damage_healed":0,"gold_gain":0,"player_choice":"Embrace Madness","damage_taken":9,"max_hp_gain":0,"max_hp_loss":0,"event_name":"Winding Halls","floor":45,"gold_loss":0,"cards_obtained":["Madness","Madness"]},{"damage_healed":0,"gold_gain":100,"player_choice":"Pray","damage_taken":0,"max_hp_gain":0,"max_hp_loss":0,"event_name":"Golden Shrine","floor":46,"gold_loss":0},{"damage_healed":0,"gold_gain":0,"player_choice":"Memory 3","damage_taken":10,"max_hp_gain":0,"max_hp_loss":0,"event_name":"SensoryStone","floor":48,"gold_loss":0}],"is_beta":false,"boss_relics":[{"not_picked":["Velvet Choker","Orrery"],"picked":"Eternal Feather"},{"not_picked":["Empty Cage","Pandora\u0027s Box"],"picked":"Fusion Hammer"}],"items_purged_floors":[36],"is_endless":false,"potions_floor_spawned":[12,13,14,16,18,23,24,29,38,39,42],"ascension_level":2}