{"gold_per_floor":[10,29,39,55,55,111,122,140,140,140,140,159,179,208,208,307,307,320,332,84,84,84],"floor_reached":22,"playtime":1236,"items_purged":["Strike_R"],"score":200,"play_id":"9ae4882e-f2d5-4e9d-a5af-4c4cfe0e5dfd","local_time":"20190505124905","is_ascension_mode":false,"campfire_choices":[{"floor":10,"key":"REST"},{"data":"Armaments","floor":15,"key":"SMITH"}],"neow_cost":"NO_GOLD","seed_source_timestamp":616678178331219,"circlet_count":0,"master_deck":["Strike_R","Strike_R","Defend_R","Defend_R","Defend_R","Bash","Armaments+1","Rampage","Thunderclap","Headbutt","Iron Wave","Ghostly Armor","Clash","Carnage","Cleave","Inflame","Feed","Thunderclap+1","Thunderclap","Rampage","Bandage Up"],"relics":["Burning Blood","Bird Faced Urn","Tiny Chest","Regal Pillow","Empty Cage"],"potions_floor_usage":[4,6,12,14,14,16,16],"damage_taken":[{"damage":9,"enemies":"2 Louse","floor":1,"turns":4},{"damage":6,"enemies":"Cultist","floor":2,"turns":4},{"damage":4,"enemies":"Small Slimes","floor":3,"turns":4},{"damage":18,"enemies":"Exordium Thugs","floor":4,"turns":6},{"damage":26,"enemies":"Lagavulin","floor":6,"turns":4},{"damage":16,"enemies":"Lots of Slimes","floor":7,"turns":5},{"damage":1,"enemies":"2 Fungi Beasts","floor":8,"turns":3},{"damage":0,"enemies":"Gremlin Gang","floor":12,"turns":5},{"damage":0,"enemies":"Large Slime","floor":13,"turns":3},{"damage":6,"enemies":"Gremlin Nob","floor":14,"turns":3},{"damage":54,"enemies":"Hexaghost","floor":16,"turns":7},{"damage":29,"enemies":"Shell Parasite","floor":18,"turns":8},{"damage":41,"enemies":"3 Byrds","floor":19,"turns":6},{"damage":38,"enemies":"Shelled Parasite and Fungi","floor":22,"turns":3}],"seed_played":"-6736951876042139172","potions_obtained":[{"floor":2,"key":"Regen Potion"},{"floor":3,"key":"FearPotion"},{"floor":7,"key":"Strength Potion"},{"floor":11,"key":"Poison Potion"},{"floor":11,"key":"FearPotion"},{"floor":13,"key":"Strength Potion"},{"floor":14,"key":"Fire Potion"}],"is_trial":false,"path_per_floor":["M","M","M","M","?","E","M","M","T","R","?","M","M","E","R","B",null,"M","M","$","?","M"],"character_chosen":"IRONCLAD","items_purchased":["Rampage","Bandage Up"],"campfire_rested":1,"item_purchase_floors":[20,20],"current_hp_per_floor":[77,77,79,79,72,52,42,47,47,71,71,77,80,80,80,32,80,63,30,30,30,0],"gold":84,"neow_bonus":"ONE_RARE_RELIC","is_prod":false,"is_daily":false,"chose_seed":false,"campfire_upgraded":1,"win_rate":0,"timestamp":1557085745,"path_taken":["M","M","M","M","?","E","M","M","T","R","?","?","M","E","R","BOSS","M","M","?","?","M"],"build_version":"2019-01-23","purchased_purges":1,"victory":false,"max_hp_per_floor":[80,80,80,80,80,80,80,80,80,80,80,80,80,80,80,80,80,84,84,84,84,84],"card_choices":[{"not_picked":["Heavy Blade","Perfected Strike"],"picked":"Armaments","floor":1},{"not_picked":["Clash","True Grit"],"picked":"Rampage","floor":2},{"not_picked":["Sentinel","Bloodletting"],"picked":"Thunderclap","floor":3},{"not_picked":["Havoc","Clothesline"],"picked":"Headbutt","floor":4},{"not_picked":["Thunderclap","Twin Strike"],"picked":"Iron Wave","floor":6},{"not_picked":["Shockwave","Pommel Strike"],"picked":"Ghostly Armor","floor":7},{"not_picked":["Berserk","Entrench"],"picked":"Clash","floor":8},{"not_picked":["Clothesline","Perfected Strike"],"picked":"Carnage","floor":12},{"not_picked":["True Grit","Clothesline"],"picked":"Cleave","floor":13},{"not_picked":["Bloodletting","Havoc"],"picked":"Inflame","floor":14},{"not_picked":["Demon Form","Dark Embrace"],"picked":"Feed","floor":16},{"not_picked":["Clothesline+1","Anger"],"picked":"Thunderclap+1","floor":18},{"not_picked":["True Grit+1","Spot Weakness"],"picked":"Thunderclap","floor":19}],"player_experience":105517,"relics_obtained":[{"floor":6,"key":"Tiny Chest"},{"floor":14,"key":"Regal Pillow"}],"event_choices":[{"cards_removed":["Strike_R"],"damage_healed":0,"gold_gain":0,"player_choice":"Card Removal","damage_taken":7,"max_hp_gain":0,"max_hp_loss":0,"event_name":"Golden Wing","floor":5,"gold_loss":0},{"damage_healed":0,"gold_gain":0,"player_choice":"Got Potions","damage_taken":0,"max_hp_gain":0,"max_hp_loss":0,"event_name":"Lab","floor":11,"gold_loss":0},{"damage_healed":0,"gold_gain":0,"player_choice":"Ignored","damage_taken":0,"max_hp_gain":0,"max_hp_loss":0,"event_name":"Cursed Tome","floor":21,"gold_loss":0}],"is_beta":false,"boss_relics":[{"not_picked":["Snecko Eye","Coffee Dripper"],"picked":"Empty Cage"}],"items_purged_floors":[20],"is_endless":false,"potions_floor_spawned":[2,3,7,13,14],"killed_by":"Shelled Parasite and Fungi","ascension_level":0}