{"gold_per_floor":[113,125,135,85,5,5,32,32,32,50,82,96,130,149,149,253,253,273,273,198,244,256,256,266,266],"floor_reached":25,"playtime":1443,"items_purged":[],"score":245,"play_id":"6417b062-181f-4884-8006-a4af4eeab1ec","local_time":"20190603174430","is_ascension_mode":true,"campfire_choices":[{"data":"Rage","floor":6,"key":"SMITH"},{"floor":15,"key":"REST"},{"data":"Body Slam","floor":23,"key":"SMITH"}],"neow_cost":"NONE","seed_source_timestamp":682049789264517,"circlet_count":0,"master_deck":["Strike_R","Strike_R","Defend_R","Defend_R","Defend_R","Defend_R","Bash","Twin Strike","Seeing Red","Anger","Rage+1","Cleave","Double Tap","Flame Barrier","Dual Wield","Headbutt","Warcry","Armaments","Feed","Body Slam+1","Necronomicurse"],"relics":["Burning Blood","Bronze Scales","Calipers","Girya","Oddly Smooth Stone","Happy Flower","Philosopher\u0027s Stone","Necronomicon","Lantern"],"potions_floor_usage":[2,13,13,18,22,24],"damage_taken":[{"damage":7,"enemies":"Jaw Worm","floor":1,"turns":3},{"damage":4,"enemies":"Small Slimes","floor":2,"turns":3},{"damage":1,"enemies":"Cultist","floor":3,"turns":3},{"damage":9,"enemies":"Gremlin Nob","floor":7,"turns":4},{"damage":0,"enemies":"3 Louse","floor":10,"turns":2},{"damage":35,"enemies":"3 Sentries","floor":11,"turns":10},{"damage":2,"enemies":"Blue Slaver","floor":12,"turns":4},{"damage":7,"enemies":"Lagavulin","floor":13,"turns":4},{"damage":10,"enemies":"Large Slime","floor":14,"turns":6},{"damage":13,"enemies":"The Guardian","floor":16,"turns":11},{"damage":0,"enemies":"Chosen","floor":18,"turns":4},{"damage":1,"enemies":"3 Byrds","floor":22,"turns":6},{"damage":19,"enemies":"Shelled Parasite and Fungi","floor":24,"turns":2},{"damage":65,"enemies":"Slavers","floor":25,"turns":3}],"seed_played":"-9120599658970110625","potions_obtained":[{"floor":1,"key":"Energy Potion"},{"floor":11,"key":"SteroidPotion"},{"floor":12,"key":"SkillPotion"},{"floor":14,"key":"Swift Potion"},{"floor":16,"key":"SpeedPotion"},{"floor":22,"key":"Strength Potion"}],"is_trial":false,"path_per_floor":["M","M","M","?","$","R","E","?","T","M","E","M","E","M","R","B",null,"M","?","?","T","M","R","M","E"],"character_chosen":"IRONCLAD","items_purchased":["Rage"],"campfire_rested":1,"item_purchase_floors":[5],"current_hp_per_floor":[79,80,80,80,80,80,77,77,77,80,51,55,54,50,74,67,80,80,64,64,64,72,72,62,0],"gold":266,"neow_bonus":"RANDOM_COMMON_RELIC","is_prod":false,"is_daily":false,"chose_seed":false,"campfire_upgraded":2,"win_rate":0,"timestamp":1559609070,"path_taken":["M","M","M","?","$","R","E","?","T","M","E","?","E","M","R","BOSS","M","?","?","?","M","R","M","E"],"build_version":"2019-01-23","purchased_purges":0,"victory":false,"max_hp_per_floor":[80,80,80,80,80,80,80,80,80,80,80,80,80,80,80,80,80,80,80,80,80,83,83,86,89],"card_choices":[{"not_picked":["Sentinel","Shrug It Off"],"picked":"Twin Strike","floor":1},{"not_picked":["True Grit","Shrug It Off"],"picked":"Seeing Red","floor":2},{"not_picked":["Seeing Red","Sword Boomerang"],"picked":"Anger","floor":3},{"not_picked":["Wild Strike","Iron Wave"],"picked":"Cleave","floor":7},{"not_picked":["Evolve","Twin Strike"],"picked":"Flame Barrier","floor":10},{"not_picked":["Sever Soul","Shockwave"],"picked":"Dual Wield","floor":11},{"not_picked":["Anger","Warcry"],"picked":"Headbutt","floor":12},{"not_picked":["Clothesline","Body Slam"],"picked":"Warcry","floor":13},{"not_picked":["Iron Wave","Warcry"],"picked":"Armaments","floor":14},{"not_picked":["Dark Embrace","Barricade"],"picked":"Feed","floor":16},{"not_picked":["Bloodletting+1","Twin Strike+1"],"picked":"Body Slam","floor":18},{"not_picked":["Pummel","Havoc","Iron Wave"],"picked":"SKIP","floor":22},{"not_picked":["Rage","Iron Wave","Cleave"],"picked":"SKIP","floor":24}],"player_experience":282639,"relics_obtained":[{"floor":7,"key":"Calipers"},{"floor":9,"key":"Girya"},{"floor":11,"key":"Oddly Smooth Stone"},{"floor":13,"key":"Happy Flower"},{"floor":19,"key":"Necronomicon"},{"floor":21,"key":"Lantern"}],"event_choices":[{"cards_removed":["Strike_R"],"damage_healed":0,"gold_gain":0,"player_choice":"Card Removal","damage_taken":0,"max_hp_gain":0,"max_hp_loss":0,"event_name":"The Cleric","floor":4,"gold_loss":50},{"damage_healed":0,"gold_gain":0,"cards_transformed":["Strike_R"],"player_choice":"Transformed","damage_taken":0,"max_hp_gain":0,"max_hp_loss":0,"event_name":"Transmorgrifier","floor":8,"gold_loss":0,"cards_obtained":["Double Tap"]},{"damage_healed":0,"gold_gain":0,"player_choice":"Obtained Book","damage_taken":16,"max_hp_gain":0,"max_hp_loss":0,"event_name":"Cursed Tome","floor":19,"gold_loss":0},{"cards_removed":["Strike_R"],"damage_healed":0,"gold_gain":0,"player_choice":"Gave Gold","damage_taken":0,"max_hp_gain":0,"max_hp_loss":0,"event_name":"Beggar","floor":20,"gold_loss":75}],"is_beta":false,"boss_relics":[{"not_picked":["Orrery","Tiny House"],"picked":"Philosopher\u0027s Stone"}],"items_purged_floors":[],"is_endless":false,"potions_floor_spawned":[1,11,12,14,16,22],"killed_by":"Slavers","ascension_level":2}