{"gold_per_floor":[118,40,40,60,60,60,99,99,181,137,137,155,155,155,155,254,254,268,291,491,507,181,181,199,199,280,246,267,267,267,287,287,386,386,400,525,539,89,89,89,107,126,126,63,63,82,102,118,118,118],"floor_reached":51,"playtime":2002,"items_purged":[],"score":1339,"play_id":"a54e72e6-ff4f-460b-a4e5-71e637b1bf46","local_time":"20190701201617","is_ascension_mode":true,"campfire_choices":[{"data":"True Grit","floor":6,"key":"SMITH"},{"data":"Sever Soul","floor":8,"key":"SMITH"},{"data":"Power Through","floor":11,"key":"SMITH"},{"data":"Pommel Strike","floor":13,"key":"SMITH"},{"data":"Burning Pact","floor":15,"key":"SMITH"},{"data":"Apotheosis","floor":23,"key":"SMITH"},{"data":"Fiend Fire","floor":25,"key":"SMITH"},{"floor":30,"key":"REST"},{"data":"Second Wind","floor":32,"key":"SMITH"},{"data":"Offering","floor":40,"key":"SMITH"},{"data":"Fiend Fire","floor":45,"key":"SMITH"},{"data":"Body Slam","floor":49,"key":"SMITH"}],"neow_cost":"CURSE","seed_source_timestamp":1630687943684390,"circlet_count":0,"master_deck":["AscendersBane","Strike_R","Strike_R","Strike_R","Strike_R","Strike_R","Defend_R","Defend_R","Defend_R","Defend_R","Bash","Clumsy","Pommel Strike+1","Sever Soul+1","True Grit+1","Burning Pact+1","Power Through+1","Ghostly Armor","Regret","Fiend Fire+1","Infernal Blade","Warcry","Warcry","Apotheosis+1","Second Wind+1","Necronomicurse","Offering+1","Entrench+1","Shrug It Off","Rage","Fiend Fire+1","Body Slam+1","Parasite"],"relics":["Black Blood","Charon\u0027s Ashes","Golden Idol","Champion Belt","Shuriken","Dead Branch","Busted Crown","Membership Card","The Courier","Necronomicon","Magic Flower","Ancient Tea Set","Toolbox","Oddly Smooth Stone","Sundial","Bag of Preparation","Art of War"],"potions_floor_usage":[7,16,50,50],"damage_taken":[{"damage":12,"enemies":"Jaw Worm","floor":1,"turns":4},{"damage":1,"enemies":"Cultist","floor":4,"turns":3},{"damage":6,"enemies":"3 Sentries","floor":7,"turns":6},{"damage":5,"enemies":"Small Slimes","floor":12,"turns":3},{"damage":45,"enemies":"The Guardian","floor":16,"turns":8},{"damage":0,"enemies":"Spheric Guardian","floor":18,"turns":3},{"damage":12,"enemies":"3 Byrds","floor":19,"turns":3},{"damage":0,"enemies":"3 Cultists","floor":21,"turns":3},{"damage":3,"enemies":"Sentry and Sphere","floor":24,"turns":3},{"damage":0,"enemies":"Centurion and Healer","floor":28,"turns":4},{"damage":3,"enemies":"Cultist and Chosen","floor":31,"turns":3},{"damage":24,"enemies":"Collector","floor":33,"turns":4},{"damage":13,"enemies":"3 Shapes","floor":35,"turns":3},{"damage":6,"enemies":"Mind Bloom Boss Battle","floor":36,"turns":4},{"damage":9,"enemies":"3 Darklings","floor":37,"turns":1},{"damage":0,"enemies":"Jaw Worm Horde","floor":41,"turns":2},{"damage":0,"enemies":"Spire Growth","floor":42,"turns":1},{"damage":0,"enemies":"4 Shapes","floor":46,"turns":3},{"damage":6,"enemies":"3 Darklings","floor":47,"turns":1},{"damage":0,"enemies":"Writhing Mass","floor":48,"turns":2},{"damage":34,"enemies":"Awakened One","floor":50,"turns":5}],"seed_played":"-5497527018568638164","potions_obtained":[{"floor":1,"key":"AttackPotion"},{"floor":12,"key":"EssenceOfSteel"},{"floor":16,"key":"EssenceOfSteel"},{"floor":19,"key":"BloodPotion"},{"floor":33,"key":"PowerPotion"}],"is_trial":false,"path_per_floor":["M","$","?","M","$","R","E","R","T","$","R","M","R","?","R","B",null,"M","M","?","M","$","R","M","R","T","$","M","?","R","M","R","B",null,"M","?","M","$","?","R","M","M","T","$","R","M","M","M","R","B",null],"character_chosen":"IRONCLAD","items_purchased":["Sever Soul","Power Through","Membership Card","Apotheosis","Second Wind","Ancient Tea Set","Toolbox","Oddly Smooth Stone","Sundial","Bag of Preparation","Entrench","Shrug It Off","Rage","Fiend Fire"],"campfire_rested":1,"item_purchase_floors":[2,10,22,22,27,38,38,38,38,38,38,38,38,44],"current_hp_per_floor":[62,62,62,67,67,67,67,67,67,67,67,68,68,68,68,29,58,64,58,58,64,64,64,67,67,67,67,68,47,67,68,68,50,64,61,65,68,68,68,68,68,68,68,68,68,68,68,68,68,68],"gold":118,"neow_bonus":"ONE_RARE_RELIC","is_prod":false,"is_daily":false,"chose_seed":false,"campfire_upgraded":11,"win_rate":0,"timestamp":1562037377,"path_taken":["M","$","?","M","$","R","E","R","T","$","R","M","R","?","R","BOSS","M","M","?","M","$","R","?","R","T","$","M","?","R","M","R","BOSS","M","?","M","$","?","R","M","M","T","$","R","M","M","?","R","BOSS"],"build_version":"2019-07-01","purchased_purges":0,"victory":true,"max_hp_per_floor":[75,75,68,68,68,68,68,68,68,68,68,68,68,68,68,68,68,68,68,68,68,68,68,68,68,68,68,68,68,68,68,68,68,68,68,68,68,68,68,68,68,68,68,68,68,68,68,68,68,68],"card_choices":[{"not_picked":["Heavy Blade","Clash"],"picked":"Pommel Strike","floor":1},{"not_picked":["Armaments","Dropkick"],"picked":"True Grit","floor":4},{"not_picked":["Twin Strike","Heavy Blade"],"picked":"Burning Pact","floor":7},{"not_picked":["Thunderclap","Sword Boomerang"],"picked":"Ghostly Armor","floor":12},{"not_picked":["Double Tap","Feed"],"picked":"Fiend Fire","floor":16},{"not_picked":[],"picked":"Infernal Blade","floor":18},{"not_picked":[],"picked":"Warcry","floor":19},{"not_picked":[],"picked":"Warcry","floor":21},{"not_picked":["Wild Strike"],"picked":"SKIP","floor":24},{"not_picked":["Warcry"],"picked":"SKIP","floor":28},{"not_picked":["Burning Pact"],"picked":"SKIP","floor":31},{"not_picked":[],"picked":"Offering","floor":33},{"not_picked":["Havoc"],"picked":"SKIP","floor":35},{"not_picked":["Havoc"],"picked":"SKIP","floor":37},{"not_picked":["Perfected Strike"],"picked":"SKIP","floor":41},{"not_picked":["Iron Wave"],"picked":"SKIP","floor":42},{"not_picked":["Warcry"],"picked":"SKIP","floor":46},{"not_picked":[],"picked":"Body Slam","floor":47},{"not_picked":["Combust"],"picked":"SKIP","floor":48}],"player_experience":1110760,"relics_obtained":[{"floor":7,"key":"Champion Belt"},{"floor":9,"key":"Shuriken"},{"floor":26,"key":"The Courier"},{"floor":29,"key":"Necronomicon"},{"floor":36,"key":"Magic Flower"},{"floor":43,"key":"Art of War"}],"event_choices":[{"damage_healed":0,"gold_gain":0,"player_choice":"Lose Max HP","damage_taken":0,"relics_obtained":["Golden Idol"],"max_hp_gain":0,"max_hp_loss":7,"event_name":"Golden Idol","floor":3,"gold_loss":0},{"damage_healed":0,"gold_gain":0,"player_choice":"Box","damage_taken":0,"relics_obtained":["Dead Branch"],"max_hp_gain":0,"max_hp_loss":0,"event_name":"Big Fish","floor":14,"gold_loss":0,"cards_obtained":["Regret"]},{"damage_healed":0,"gold_gain":200,"player_choice":"Gold","damage_taken":0,"max_hp_gain":0,"max_hp_loss":0,"event_name":"Wheel of Change","floor":20,"gold_loss":0},{"damage_healed":0,"gold_gain":0,"player_choice":"Obtained Book","damage_taken":21,"max_hp_gain":0,"max_hp_loss":0,"event_name":"Cursed Tome","floor":29,"gold_loss":0},{"damage_healed":0,"gold_gain":0,"player_choice":"Fight","damage_taken":0,"max_hp_gain":0,"max_hp_loss":0,"event_name":"MindBloom","floor":36,"gold_loss":0},{"damage_healed":0,"gold_gain":0,"player_choice":"Upgraded","damage_taken":0,"max_hp_gain":0,"max_hp_loss":0,"event_name":"Upgrade Shrine","floor":39,"gold_loss":0,"cards_upgraded":["Entrench"]}],"is_beta":false,"boss_relics":[{"not_picked":["White Beast Statue","Runic Dome"],"picked":"Busted Crown"},{"not_picked":["Orrery","Mark of Pain"],"picked":"Black Blood"}],"items_purged_floors":[],"is_endless":false,"potions_floor_spawned":[1,12,16,19,24,31,33,36,37,47,48],"ascension_level":19}