{"gold_per_floor":[114,124,137,137,156,156,188,188,188,204,233,248,51,69,69,171,171,185,125,0,0,0,0,0],"floor_reached":24,"playtime":1576,"items_purged":[],"score":221,"play_id":"5a419ee2-de00-4b03-af83-e0f9d8a8ba9e","local_time":"20190510234312","is_ascension_mode":false,"campfire_choices":[{"data":"Flame Barrier","floor":6,"key":"SMITH"},{"floor":8,"key":"REST"},{"data":"Fire Breathing","floor":15,"key":"SMITH"},{"floor":23,"key":"REST"}],"neow_cost":"NONE","seed_source_timestamp":1087586391375000,"circlet_count":0,"master_deck":["Strike_R","Strike_R","Strike_R","Strike_R","Defend_R","Defend_R","Defend_R","Defend_R","Bash","Fire Breathing+1","Flame Barrier+1","Armaments","Uppercut","Reaper","Armaments","Brutality","Shrug It Off","Demon Form","Pommel Strike+1"],"relics":["Burning Blood","Self Forming Clay","StoneCalendar","Odd Mushroom","Medical Kit","Black Star"],"potions_floor_usage":[7,11],"damage_taken":[{"damage":10,"enemies":"Jaw Worm","floor":1,"turns":6},{"damage":0,"enemies":"2 Louse","floor":2,"turns":3},{"damage":1,"enemies":"Cultist","floor":3,"turns":3},{"damage":2,"enemies":"Blue Slaver","floor":5,"turns":6},{"damage":42,"enemies":"3 Sentries","floor":7,"turns":12},{"damage":8,"enemies":"Large Slime","floor":10,"turns":7},{"damage":11,"enemies":"The Mushroom Lair","floor":11,"turns":6},{"damage":9,"enemies":"2 Fungi Beasts","floor":12,"turns":5},{"damage":11,"enemies":"3 Louse","floor":14,"turns":4},{"damage":51,"enemies":"Hexaghost","floor":16,"turns":14},{"damage":48,"enemies":"3 Byrds","floor":18,"turns":7},{"damage":6,"enemies":"2 Thieves","floor":19,"turns":4},{"damage":93,"enemies":"Gremlin Leader","floor":24,"turns":8}],"seed_played":"891642611300675904","potions_obtained":[{"floor":3,"key":"Fruit Juice"},{"floor":7,"key":"FearPotion"},{"floor":10,"key":"Ancient Potion"},{"floor":14,"key":"Ancient Potion"}],"is_trial":false,"path_per_floor":["M","M","M","?","M","R","E","R","T","M","?","M","$","M","R","B",null,"M","M","?","?","?","R","E"],"character_chosen":"IRONCLAD","items_purchased":["Medical Kit"],"campfire_rested":2,"item_purchase_floors":[13],"current_hp_per_floor":[76,80,80,85,85,85,54,81,81,86,90,90,90,90,90,52,90,53,61,61,61,43,71,0],"gold":0,"neow_bonus":"TRANSFORM_CARD","is_prod":false,"is_daily":false,"chose_seed":false,"campfire_upgraded":2,"win_rate":0,"timestamp":1557556992,"path_taken":["M","M","M","?","M","R","E","R","T","M","?","M","?","?","R","BOSS","M","M","?","?","?","R","E"],"build_version":"2019-01-23","purchased_purges":0,"victory":false,"max_hp_per_floor":[80,80,80,85,85,85,90,90,90,90,90,90,90,90,90,90,90,90,90,90,90,95,95,95],"card_choices":[{"not_picked":["Pommel Strike","Entrench"],"picked":"Flame Barrier","floor":1},{"not_picked":["Clash","Reckless Charge","Heavy Blade"],"picked":"SKIP","floor":2},{"not_picked":["Pummel","Wild Strike"],"picked":"Armaments","floor":3},{"not_picked":["Corruption","Headbutt"],"picked":"Uppercut","floor":5},{"not_picked":["Bloodletting","Headbutt"],"picked":"Reaper","floor":7},{"not_picked":["Perfected Strike","Warcry"],"picked":"Armaments","floor":10},{"not_picked":["Feel No Pain","Armaments"],"picked":"Brutality","floor":12},{"not_picked":["Body Slam","Havoc"],"picked":"Shrug It Off","floor":14},{"not_picked":["Fiend Fire","Reaper"],"picked":"Demon Form","floor":16},{"not_picked":["Reckless Charge","Wild Strike"],"picked":"Pommel Strike+1","floor":18},{"not_picked":["Disarm","Iron Wave","Corruption"],"picked":"SKIP","floor":19}],"player_experience":163634,"relics_obtained":[{"floor":7,"key":"Self Forming Clay"},{"floor":9,"key":"StoneCalendar"},{"floor":11,"key":"Odd Mushroom"}],"event_choices":[{"damage_healed":0,"gold_gain":0,"player_choice":"Donut","damage_taken":0,"max_hp_gain":5,"max_hp_loss":0,"event_name":"Big Fish","floor":4,"gold_loss":0},{"damage_healed":0,"gold_gain":0,"player_choice":"Fought Mushrooms","damage_taken":0,"max_hp_gain":0,"max_hp_loss":0,"event_name":"Mushrooms","floor":11,"gold_loss":0},{"damage_healed":0,"gold_gain":0,"player_choice":"Paid Fearfully","damage_taken":0,"max_hp_gain":0,"max_hp_loss":0,"event_name":"Masked Bandits","floor":20,"gold_loss":125},{"damage_healed":0,"gold_gain":0,"player_choice":"Ignored","damage_taken":0,"max_hp_gain":0,"max_hp_loss":0,"event_name":"Beggar","floor":21,"gold_loss":0},{"damage_healed":0,"gold_gain":0,"player_choice":"Shed Blood","damage_taken":23,"max_hp_gain":5,"max_hp_loss":0,"event_name":"Forgotten Altar","floor":22,"gold_loss":0}],"is_beta":false,"boss_relics":[{"not_picked":["Cursed Key","White Beast Statue"],"picked":"Black Star"}],"items_purged_floors":[],"is_endless":false,"potions_floor_spawned":[3,7,10,14],"killed_by":"Gremlin Leader","ascension_level":0}