{"gold_per_floor":[15,90,90,105,105,135,150,150,197,35,54,54,65,65,65,65],"floor_reached":16,"playtime":596,"items_purged":[],"score":200,"play_id":"b29a9c60-c6fa-4495-a820-2bd3a8cb48db","local_time":"20190531114759","is_ascension_mode":true,"campfire_choices":[{"data":"Perfected Strike","floor":8,"key":"SMITH"},{"floor":12,"key":"REST"},{"data":"True Grit","floor":15,"key":"SMITH"}],"neow_cost":"NO_GOLD","seed_source_timestamp":1190105668443685,"circlet_count":0,"master_deck":["AscendersBane","Strike_R","Strike_R","Strike_R","Strike_R","Strike_R","Defend_R","Defend_R","Defend_R","Defend_R","Bash+1","Forethought","Madness","Metallicize","Perfected Strike+1","True Grit+1","Dual Wield"],"relics":["Burning Blood","Lantern","Centennial Puzzle","Oddly Smooth Stone"],"potions_floor_usage":[7,16],"damage_taken":[{"damage":9,"enemies":"Jaw Worm","floor":1,"turns":5},{"damage":4,"enemies":"Small Slimes","floor":4,"turns":4},{"damage":41,"enemies":"3 Sentries","floor":6,"turns":14},{"damage":0,"enemies":"Cultist","floor":7,"turns":3},{"damage":11,"enemies":"Gremlin Gang","floor":11,"turns":5},{"damage":10,"enemies":"Lots of Slimes","floor":13,"turns":5},{"damage":50,"enemies":"Slime Boss","floor":16,"turns":7}],"seed_played":"1797423261940692508","potions_obtained":[{"floor":4,"key":"BloodPotion"},{"floor":6,"key":"Energy Potion"},{"floor":13,"key":"SmokeBomb"}],"is_trial":false,"path_per_floor":["M","?","?","M","?","E","M","R","T","$","M","R","M","?","R","B"],"character_chosen":"IRONCLAD","items_purchased":["Oddly Smooth Stone"],"campfire_rested":1,"item_purchase_floors":[10],"current_hp_per_floor":[65,54,54,56,56,21,27,27,27,27,22,44,40,40,40,0],"gold":65,"neow_bonus":"RANDOM_COLORLESS_2","is_prod":false,"is_daily":false,"chose_seed":false,"campfire_upgraded":2,"win_rate":0,"timestamp":1559317679,"path_taken":["M","?","?","?","?","E","M","R","T","$","M","R","M","?","R","BOSS"],"build_version":"2019-01-23","purchased_purges":0,"victory":false,"max_hp_per_floor":[75,75,75,75,75,75,75,75,75,75,75,75,75,75,75,75],"card_choices":[{"not_picked":["Body Slam","Blood for Blood"],"picked":"Metallicize","floor":1},{"not_picked":["Wild Strike","Anger"],"picked":"Perfected Strike","floor":4},{"not_picked":["Second Wind","Havoc","Anger"],"picked":"SKIP","floor":6},{"not_picked":["Warcry","Headbutt","Iron Wave"],"picked":"SKIP","floor":7},{"not_picked":["Heavy Blade","Fire Breathing"],"picked":"True Grit","floor":11},{"not_picked":["Body Slam","Exhume"],"picked":"Dual Wield","floor":13}],"player_experience":798126,"relics_obtained":[{"floor":6,"key":"Lantern"},{"floor":9,"key":"Centennial Puzzle"}],"event_choices":[{"damage_healed":0,"gold_gain":75,"player_choice":"Gather Gold","damage_taken":11,"max_hp_gain":0,"max_hp_loss":0,"event_name":"World of Goop","floor":2,"gold_loss":0},{"damage_healed":0,"gold_gain":0,"player_choice":"Leave","damage_taken":0,"max_hp_gain":0,"max_hp_loss":0,"event_name":"The Cleric","floor":3,"gold_loss":0},{"damage_healed":0,"gold_gain":0,"player_choice":"Grow","damage_taken":0,"max_hp_gain":0,"max_hp_loss":0,"event_name":"Living Wall","floor":5,"gold_loss":0,"cards_upgraded":["Bash"]},{"damage_healed":0,"gold_gain":0,"player_choice":"Ignored","damage_taken":0,"max_hp_gain":0,"max_hp_loss":0,"event_name":"Liars Game","floor":14,"gold_loss":0}],"is_beta":false,"boss_relics":[],"items_purged_floors":[],"is_endless":false,"potions_floor_spawned":[4,6,13],"killed_by":"Slime Boss","ascension_level":20}