{"gold_per_floor":[112,125,50,6,6,6,40,55,133,153,153,173,189,220,220,320,320,330,349,25,39,39,39],"floor_reached":23,"playtime":1008,"items_purged":["Defend_R"],"score":244,"play_id":"9b5573f3-8cf0-4d28-a84f-87fda89e0bb2","local_time":"20190629155738","is_ascension_mode":true,"campfire_choices":[{"data":"Rage","floor":6,"key":"SMITH"},{"data":"Pommel Strike","floor":11,"key":"SMITH"},{"data":"Body Slam","floor":15,"key":"SMITH"}],"neow_cost":"NONE","seed_source_timestamp":571833482218090,"circlet_count":0,"master_deck":["Strike_R","Strike_R","Strike_R","Strike_R","Strike_R","Defend_R","Defend_R","Bash","Pommel Strike+1","Rage+1","Thunderclap","Juggernaut","Cleave","Burning Pact","Body Slam+1","Juggernaut","Shrug It Off","Metallicize+1","Shrug It Off+1"],"relics":["Burning Blood","Art of War","Bottled Tornado","Orichalcum","Coffee Dripper","Frozen Egg 2"],"potions_floor_usage":[10,13,14,16,23],"damage_taken":[{"damage":11,"enemies":"Cultist","floor":1,"turns":4},{"damage":0,"enemies":"Small Slimes","floor":2,"turns":3},{"damage":20,"enemies":"Gremlin Nob","floor":7,"turns":4},{"damage":0,"enemies":"2 Louse","floor":8,"turns":2},{"damage":6,"enemies":"Exordium Thugs","floor":10,"turns":4},{"damage":0,"enemies":"Large Slime","floor":12,"turns":5},{"damage":8,"enemies":"Looter","floor":13,"turns":3},{"damage":20,"enemies":"Lagavulin","floor":14,"turns":6},{"damage":52,"enemies":"The Guardian","floor":16,"turns":11},{"damage":16,"enemies":"Shell Parasite","floor":18,"turns":4},{"damage":0,"enemies":"Spheric Guardian","floor":19,"turns":3},{"damage":15,"enemies":"3 Cultists","floor":21,"turns":4},{"damage":83,"enemies":"Slavers","floor":23,"turns":4}],"seed_played":"-3991956244210294877","potions_obtained":[{"floor":1,"key":"LiquidBronze"},{"floor":7,"key":"Block Potion"},{"floor":10,"key":"PowerPotion"},{"floor":13,"key":"SkillPotion"},{"floor":16,"key":"Dexterity Potion"},{"floor":18,"key":"Ancient Potion"}],"is_trial":false,"path_per_floor":["M","M","$","?","?","R","E","M","T","M","R","M","M","E","R","B",null,"M","M","$","M","$","E"],"character_chosen":"IRONCLAD","items_purchased":["Frozen Egg 2","Metallicize+1"],"campfire_rested":0,"item_purchase_floors":[20,20],"current_hp_per_floor":[83,88,88,88,88,88,74,80,80,80,80,86,84,70,70,24,88,78,84,84,75,75,0],"gold":39,"neow_bonus":"TEN_PERCENT_HP_BONUS","is_prod":false,"is_daily":false,"chose_seed":false,"campfire_upgraded":3,"win_rate":0,"timestamp":1561849058,"path_taken":["M","M","$","?","?","R","E","M","T","M","R","?","M","E","R","BOSS","M","M","$","M","?","E"],"build_version":"2019-01-23","purchased_purges":1,"victory":false,"max_hp_per_floor":[88,88,88,88,88,88,88,88,88,88,88,88,88,88,88,88,88,88,88,88,88,88,88],"card_choices":[{"not_picked":["Intimidate","Twin Strike"],"picked":"Pommel Strike","floor":1},{"not_picked":["Armaments","Carnage"],"picked":"Rage","floor":2},{"not_picked":["Armaments","Clash"],"picked":"Thunderclap","floor":7},{"not_picked":["Burning Pact","Anger"],"picked":"Juggernaut","floor":8},{"not_picked":["Combust","Wild Strike","Inflame"],"picked":"SKIP","floor":10},{"not_picked":["Heavy Blade","True Grit"],"picked":"Cleave","floor":12},{"not_picked":["Cleave","Rage"],"picked":"Burning Pact","floor":13},{"not_picked":["Cleave","Thunderclap"],"picked":"Body Slam","floor":14},{"not_picked":["Dark Embrace","Exhume"],"picked":"Juggernaut","floor":16},{"not_picked":["Twin Strike+1","Cleave"],"picked":"Shrug It Off","floor":18},{"not_picked":["True Grit","Burning Pact","Body Slam"],"picked":"SKIP","floor":19},{"not_picked":["Iron Wave","Combust+1"],"picked":"Shrug It Off+1","floor":21}],"player_experience":527465,"relics_obtained":[{"floor":7,"key":"Art of War"},{"floor":9,"key":"Bottled Tornado"},{"floor":14,"key":"Orichalcum"}],"event_choices":[{"damage_healed":0,"gold_gain":0,"player_choice":"Left Gold","damage_taken":0,"max_hp_gain":0,"max_hp_loss":0,"event_name":"World of Goop","floor":4,"gold_loss":44},{"cards_removed":["Defend_R"],"damage_healed":0,"gold_gain":0,"player_choice":"Card Removal","damage_taken":0,"max_hp_gain":0,"max_hp_loss":0,"event_name":"Wheel of Change","floor":5,"gold_loss":0}],"is_beta":false,"boss_relics":[{"not_picked":["Tiny House","Orrery"],"picked":"Coffee Dripper"}],"items_purged_floors":[3],"is_endless":false,"potions_floor_spawned":[1,7,10,13,16,18],"killed_by":"Slavers","ascension_level":4}