{"gold_per_floor":[119,133,58,73,23,53,53],"floor_reached":7,"playtime":342,"items_purged":["Pain"],"score":74,"play_id":"6a2c3c42-42b2-4a60-9a6e-fd606cf46c27","local_time":"20190224171115","is_ascension_mode":true,"campfire_choices":[],"neow_cost":"CURSE","seed_source_timestamp":770425974366442,"circlet_count":0,"master_deck":["Defend_G","Defend_G","Defend_G","Defend_G","Defend_G","Strike_G","Strike_G","Strike_G","Strike_G","Survivor","Neutralize","Sucker Punch","Flying Knee","Noxious Fumes","Masterful Stab","Noxious Fumes","Storm of Steel"],"relics":["Ring of the Snake","Prayer Wheel","Tingsha"],"potions_floor_usage":[7],"damage_taken":[{"damage":5,"enemies":"Small Slimes","floor":1,"turns":4},{"damage":9,"enemies":"2 Louse","floor":2,"turns":3},{"damage":4,"enemies":"Jaw Worm","floor":4,"turns":5},{"damage":42,"enemies":"Gremlin Nob","floor":6,"turns":5},{"damage":5,"enemies":"Gremlin Gang","floor":7,"turns":1}],"seed_played":"2099835806113710173","potions_obtained":[{"floor":6,"key":"AttackPotion"}],"is_trial":false,"path_per_floor":["M","M","$","M","?","E","M"],"character_chosen":"THE_SILENT","items_purchased":[],"campfire_rested":0,"item_purchase_floors":[],"current_hp_per_floor":[58,49,49,45,45,3,0],"gold":53,"neow_bonus":"ONE_RARE_RELIC","is_prod":false,"is_daily":false,"chose_seed":false,"campfire_upgraded":0,"win_rate":0,"timestamp":1551046275,"path_taken":["M","M","$","M","?","E","M"],"build_version":"2019-01-23","purchased_purges":1,"victory":false,"max_hp_per_floor":[70,70,70,70,70,70,70],"card_choices":[{"not_picked":["Flying Knee","PiercingWail"],"picked":"Sucker Punch","floor":1},{"not_picked":["Crippling Poison","Blade Dance"],"picked":"Flying Knee","floor":1},{"not_picked":["Deflect","Prepared"],"picked":"Noxious Fumes","floor":2},{"not_picked":["Calculated Gamble","Deadly Poison","Wraith Form v2"],"picked":"SKIP","floor":2},{"not_picked":["Poisoned Stab","Bane"],"picked":"Masterful Stab","floor":4},{"not_picked":["Setup","Dagger Throw"],"picked":"Noxious Fumes","floor":4},{"not_picked":["Poisoned Stab","Blade Dance"],"picked":"Storm of Steel","floor":6}],"player_experience":316466,"relics_obtained":[{"floor":6,"key":"Tingsha"}],"event_choices":[{"cards_removed":["Strike_G"],"damage_healed":0,"gold_gain":0,"player_choice":"Card Removal","damage_taken":0,"max_hp_gain":0,"max_hp_loss":0,"event_name":"The Cleric","floor":5,"gold_loss":50}],"is_beta":false,"boss_relics":[],"items_purged_floors":[3],"is_endless":false,"potions_floor_spawned":[6],"killed_by":"Gremlin Gang","ascension_level":9}