{"gold_per_floor":[112,112,112,112,127,127,160,160,229,243,276,2,2,27,27,152,152,170,170,170,194,227,268,291,291,315,18,36,71,71,71,71,190,190,206,221,221,236,296,631,652,652,729,729,760,760,760],"floor_reached":47,"playtime":3109,"items_purged":[],"score":919,"play_id":"2b99901d-9680-4bd5-8be7-d9d6f53082bb","local_time":"20190702205538","is_ascension_mode":true,"campfire_choices":[{"data":"Anger","floor":6,"key":"SMITH"},{"data":"Bash","floor":8,"key":"SMITH"},{"floor":15,"key":"REST"},{"floor":25,"key":"REST"},{"floor":32,"key":"REST"},{"floor":46,"key":"RECALL"}],"neow_cost":"NONE","seed_source_timestamp":269782052426200,"circlet_count":0,"master_deck":["AscendersBane","Defend_R","Bash+1","Ghostly Armor","Anger+1","Immolate","Carnage","Inflame","Power Through","Juggernaut+1","Armaments","Trip","Flame Barrier","Reaper","Iron Wave","Bite","Bite","Bite","Bite","Bite","Intimidate+1","Iron Wave","Flame Barrier","Inflame","Metallicize","Bandage Up","Iron Wave","Dark Embrace","Battle Trance+1","Twin Strike+1","Shrug It Off+1","Blood for Blood+1","Spot Weakness+1","Iron Wave","Havoc+1","Shrug It Off","Heavy Blade","Sentinel+1"],"relics":["Burning Blood","Golden Idol","Ginger","Dodecahedron","MawBank","PreservedInsect","Gremlin Horn","Velvet Choker","MutagenicStrength","Red Mask","Juzu Bracelet","Bag of Marbles","Tiny Chest","Mercury Hourglass","Incense Burner","Astrolabe","Bottled Flame","Magic Flower","Old Coin","Pear"],"potions_floor_usage":[7,11,18,22,24,33,40,47,47],"damage_taken":[{"damage":7,"enemies":"Small Slimes","floor":1,"turns":5},{"damage":0,"enemies":"2 Louse","floor":5,"turns":1},{"damage":25,"enemies":"3 Sentries","floor":7,"turns":6},{"damage":0,"enemies":"Cultist","floor":10,"turns":3},{"damage":45,"enemies":"Lagavulin","floor":11,"turns":6},{"damage":0,"enemies":"Large Slime","floor":14,"turns":3},{"damage":69,"enemies":"The Guardian","floor":16,"turns":11},{"damage":18,"enemies":"Shell Parasite","floor":18,"turns":5},{"damage":5,"enemies":"Spheric Guardian","floor":21,"turns":4},{"damage":37,"enemies":"Masked Bandits","floor":22,"turns":4},{"damage":16,"enemies":"Slavers","floor":23,"turns":4},{"damage":25,"enemies":"Snake Plant","floor":24,"turns":3},{"damage":9,"enemies":"Centurion and Healer","floor":28,"turns":4},{"damage":30,"enemies":"Book of Stabbing","floor":29,"turns":4},{"damage":31,"enemies":"Automaton","floor":33,"turns":12},{"damage":0,"enemies":"3 Shapes","floor":35,"turns":4},{"damage":9,"enemies":"Orb Walker","floor":36,"turns":2},{"damage":29,"enemies":"Maw","floor":38,"turns":7},{"damage":26,"enemies":"2 Orb Walkers","floor":39,"turns":4},{"damage":31,"enemies":"Giant Head","floor":40,"turns":8},{"damage":0,"enemies":"Jaw Worm Horde","floor":41,"turns":1},{"damage":22,"enemies":"Reptomancer","floor":45,"turns":4},{"damage":92,"enemies":"Giant Head","floor":47,"turns":8}],"seed_played":"2593949149963607310","potions_obtained":[{"floor":5,"key":"Fire Potion"},{"floor":10,"key":"BloodPotion"},{"floor":11,"key":"Strength Potion"},{"floor":16,"key":"SkillPotion"},{"floor":18,"key":"SteroidPotion"},{"floor":23,"key":"Regen Potion"},{"floor":29,"key":"AttackPotion"},{"floor":39,"key":"Block Potion"},{"floor":40,"key":"Swift Potion"},{"floor":41,"key":"LiquidBronze"}],"is_trial":false,"path_per_floor":["M","?","?","?","M","R","E","R","T","M","E","$","?","M","R","B",null,"M","?","?","M","?","E","M","R","T","$","M","E","?","T","R","B",null,"M","M","T","M","?","E","M","?","T","?","E","R","E"],"character_chosen":"IRONCLAD","items_purchased":["PreservedInsect","Armaments","Trip","Tiny Chest","Metallicize","Bandage Up"],"campfire_rested":3,"item_purchase_floors":[12,12,12,27,27,27],"current_hp_per_floor":[79,79,79,79,81,81,62,62,62,68,42,42,42,48,72,9,63,51,51,51,56,40,38,35,51,51,51,54,36,36,36,52,51,55,56,56,56,43,31,39,51,51,51,51,51,51,0],"gold":760,"neow_bonus":"TEN_PERCENT_HP_BONUS","is_prod":false,"is_daily":false,"chose_seed":false,"campfire_upgraded":2,"win_rate":0,"timestamp":1562097338,"path_taken":["M","?","?","?","M","R","E","R","T","?","E","$","?","?","R","BOSS","M","?","?","?","?","E","M","R","T","$","M","E","?","?","R","BOSS","M","M","?","M","?","E","M","?","T","?","E","R","E"],"build_version":"2019-07-01","purchased_purges":0,"victory":false,"max_hp_per_floor":[88,81,81,81,81,81,81,81,81,81,81,81,81,81,81,81,81,81,56,56,56,56,56,56,56,56,56,56,56,56,56,56,56,56,56,56,56,56,56,56,56,56,56,56,66,66,66],"card_choices":[{"not_picked":["Thunderclap","Shockwave"],"picked":"Ghostly Armor","floor":1},{"not_picked":["Heavy Blade","Power Through"],"picked":"Carnage","floor":5},{"not_picked":["Uppercut","Body Slam"],"picked":"Inflame","floor":7},{"not_picked":["Wild Strike","Clothesline"],"picked":"Power Through","floor":10},{"not_picked":["Sword Boomerang","Body Slam"],"picked":"Juggernaut","floor":11},{"not_picked":["Havoc","Reckless Charge"],"picked":"Flame Barrier","floor":14},{"not_picked":["Dark Embrace","Bludgeon"],"picked":"Reaper","floor":16},{"not_picked":["Flame Barrier","Clash"],"picked":"Iron Wave","floor":18},{"not_picked":["Thunderclap","Perfected Strike"],"picked":"Intimidate+1","floor":21},{"not_picked":["Clothesline","Cleave"],"picked":"Iron Wave","floor":22},{"not_picked":["Infernal Blade","Battle Trance"],"picked":"Flame Barrier","floor":23},{"not_picked":["Clothesline","Exhume"],"picked":"Inflame","floor":24},{"not_picked":["Heavy Blade","True Grit"],"picked":"Iron Wave","floor":28},{"not_picked":["Shockwave","Shrug It Off"],"picked":"Blood for Blood","floor":29},{"not_picked":["Double Tap","Brutality"],"picked":"Dark Embrace","floor":33},{"not_picked":["Headbutt+1","True Grit+1"],"picked":"Blood for Blood+1","floor":35},{"not_picked":["Iron Wave","Anger+1"],"picked":"Spot Weakness+1","floor":36},{"not_picked":["Berserk","Headbutt"],"picked":"Iron Wave","floor":38},{"not_picked":["Cleave+1","Pummel"],"picked":"Havoc+1","floor":39},{"not_picked":["Intimidate","Sword Boomerang"],"picked":"Shrug It Off","floor":40},{"not_picked":["Clash+1","Thunderclap"],"picked":"Heavy Blade","floor":41},{"not_picked":["Twin Strike","Dark Embrace"],"picked":"Sentinel+1","floor":45}],"player_experience":938582,"relics_obtained":[{"floor":7,"key":"Ginger"},{"floor":9,"key":"Dodecahedron"},{"floor":11,"key":"MawBank"},{"floor":22,"key":"Red Mask"},{"floor":23,"key":"Juzu Bracelet"},{"floor":26,"key":"Bag of Marbles"},{"floor":29,"key":"Mercury Hourglass"},{"floor":31,"key":"Incense Burner"},{"floor":37,"key":"Bottled Flame"},{"floor":39,"key":"Magic Flower"},{"floor":40,"key":"Old Coin"},{"floor":45,"key":"Pear"}],"event_choices":[{"damage_healed":0,"gold_gain":0,"player_choice":"Lose Max HP","damage_taken":0,"relics_obtained":["Golden Idol"],"max_hp_gain":0,"max_hp_loss":7,"event_name":"Golden Idol","floor":2,"gold_loss":0},{"damage_healed":0,"gold_gain":0,"cards_transformed":["Strike_R"],"player_choice":"Change","damage_taken":0,"max_hp_gain":0,"max_hp_loss":0,"event_name":"Living Wall","floor":3,"gold_loss":0,"cards_obtained":["Anger"]},{"damage_healed":0,"gold_gain":0,"player_choice":"1 cards matched","damage_taken":0,"max_hp_gain":0,"max_hp_loss":0,"event_name":"Match and Keep!","floor":4,"gold_loss":0,"cards_obtained":["Immolate"]},{"damage_healed":0,"gold_gain":0,"player_choice":"Gave Potion","damage_taken":0,"relics_obtained":["Gremlin Horn"],"max_hp_gain":0,"max_hp_loss":0,"event_name":"WeMeetAgain","floor":13,"gold_loss":0},{"damage_healed":0,"gold_gain":0,"player_choice":"Became a vampire","damage_taken":0,"max_hp_gain":0,"max_hp_loss":25,"event_name":"Vampires","floor":19,"gold_loss":0,"cards_obtained":["Bite","Bite","Bite","Bite","Bite"]},{"damage_healed":0,"gold_gain":0,"player_choice":"Inject Mutagens","damage_taken":0,"relics_obtained":["MutagenicStrength"],"max_hp_gain":0,"max_hp_loss":0,"event_name":"Drug Dealer","floor":20,"gold_loss":0},{"damage_healed":0,"gold_gain":0,"player_choice":"Fought Bandits","damage_taken":0,"max_hp_gain":0,"max_hp_loss":0,"event_name":"Masked Bandits","floor":22,"gold_loss":0},{"damage_healed":0,"gold_gain":0,"player_choice":"Ignored","damage_taken":0,"max_hp_gain":0,"max_hp_loss":0,"event_name":"Ghosts","floor":30,"gold_loss":0},{"damage_healed":0,"gold_gain":0,"player_choice":"Fight","damage_taken":0,"max_hp_gain":0,"max_hp_loss":0,"event_name":"Mysterious Sphere","floor":39,"gold_loss":0},{"cards_removed":["Blood for Blood"],"damage_healed":0,"gold_gain":0,"player_choice":"Card Removal","damage_taken":0,"max_hp_gain":0,"max_hp_loss":0,"event_name":"Wheel of Change","floor":42,"gold_loss":0},{"damage_healed":0,"gold_gain":0,"player_choice":"Forge","damage_taken":0,"max_hp_gain":0,"max_hp_loss":0,"event_name":"Accursed Blacksmith","floor":44,"gold_loss":0,"cards_upgraded":["Juggernaut"]}],"is_beta":false,"boss_relics":[{"not_picked":["Cursed Key","Runic Dome"],"picked":"Velvet Choker"},{"not_picked":["Empty Cage","Calling Bell"],"picked":"Astrolabe"}],"items_purged_floors":[],"is_endless":false,"potions_floor_spawned":[5,10,11,16,18,23,29,39,40,41],"killed_by":"Giant Head","ascension_level":10}