{"gold_per_floor":[110,60,7,7,24,59,59,124,147,162,162,196,196,196,196,298,298,310,112,13,13,13,13,28,28,28,61,78,3,3,16,16,114,164,183,183,200,211,230,230,240,240,266,266],"floor_reached":44,"playtime":2133,"items_purged":["Shame"],"score":734,"play_id":"33116aa8-8da0-4bf5-90ac-bcf9944814e9","local_time":"20190314163156","is_ascension_mode":true,"campfire_choices":[{"data":"Armaments","floor":7,"key":"SMITH"},{"floor":11,"key":"REST"},{"floor":13,"key":"REST"},{"data":"Magnetism","floor":15,"key":"SMITH"},{"floor":23,"key":"REST"},{"data":"Armaments","floor":30,"key":"SMITH"},{"floor":32,"key":"REST"},{"floor":40,"key":"REST"},{"floor":42,"key":"REST"}],"neow_cost":"TEN_PERCENT_HP_LOSS","seed_source_timestamp":2317899822951588,"circlet_count":0,"master_deck":["AscendersBane","Strike_R","Strike_R","Strike_R","Strike_R","Defend_R","Defend_R","Defend_R","Defend_R","Bash","Violence","Magnetism+1","Armaments+1","Carnage","Iron Wave","Rupture+1","Demon Form+1","Blood for Blood","Heavy Blade","True Grit+1","Necronomicurse","J.A.X.","Sentinel","Flame Barrier","Armaments+1","Limit Break","Sentinel","Heavy Blade","Flame Barrier+1","Shrug It Off","Parasite","Limit Break","Normality"],"relics":["Burning Blood","FaceOfCleric","Frozen Egg 2","Lantern","Boot","Cursed Key","ClockworkSouvenir","Necronomicon","Self Forming Clay","Ginger","Tiny House","Omamori"],"potions_floor_usage":[16,16,24,24,33,35,38,41,44],"damage_taken":[{"damage":9,"enemies":"Cultist","floor":1,"turns":5},{"damage":9,"enemies":"Jaw Worm","floor":5,"turns":4},{"damage":44,"enemies":"Gremlin Nob","floor":6,"turns":5},{"damage":19,"enemies":"Small Slimes","floor":10,"turns":3},{"damage":30,"enemies":"Lagavulin","floor":12,"turns":5},{"damage":21,"enemies":"The Guardian","floor":16,"turns":12},{"damage":17,"enemies":"Spheric Guardian","floor":18,"turns":5},{"damage":3,"enemies":"3 Byrds","floor":24,"turns":4},{"damage":34,"enemies":"Book of Stabbing","floor":27,"turns":4},{"damage":18,"enemies":"Snake Plant","floor":28,"turns":5},{"damage":25,"enemies":"Shelled Parasite and Fungi","floor":31,"turns":5},{"damage":42,"enemies":"Collector","floor":33,"turns":8},{"damage":32,"enemies":"3 Darklings","floor":35,"turns":7},{"damage":0,"enemies":"3 Shapes","floor":37,"turns":6},{"damage":19,"enemies":"3 Darklings","floor":38,"turns":5},{"damage":20,"enemies":"Maw","floor":39,"turns":7},{"damage":37,"enemies":"Writhing Mass","floor":41,"turns":10},{"damage":70,"enemies":"Nemesis","floor":44,"turns":6}],"seed_played":"7421491499434598222","potions_obtained":[{"floor":5,"key":"SpeedPotion"},{"floor":12,"key":"Swift Potion"},{"floor":16,"key":"Explosive Potion"},{"floor":18,"key":"Block Potion"},{"floor":27,"key":"SneckoOil"},{"floor":33,"key":"Poison Potion"},{"floor":34,"key":"AttackPotion"},{"floor":35,"key":"SkillPotion"},{"floor":38,"key":"FairyPotion"},{"floor":41,"key":"FearPotion"}],"is_trial":false,"path_per_floor":["M","?","$","?","M","E","R","?","T","M","R","E","R","?","R","B",null,"M","$","$","?","?","R","M","?","T","E","M","$","R","M","R","B",null,"M","?","M","M","M","R","M","R","T","E"],"character_chosen":"IRONCLAD","items_purchased":["Armaments","ClockworkSouvenir","Heavy Blade","True Grit"],"campfire_rested":6,"item_purchase_floors":[3,19,20,20],"current_hp_per_floor":[69,69,69,69,67,30,30,30,30,18,40,17,39,32,32,18,62,52,52,52,36,36,59,63,79,79,52,41,41,41,23,47,12,70,45,45,52,40,27,54,24,51,51,0],"gold":266,"neow_bonus":"RANDOM_COLORLESS_2","is_prod":false,"is_daily":false,"chose_seed":false,"campfire_upgraded":3,"win_rate":0,"timestamp":1552595516,"path_taken":["M","?","$","?","?","E","R","?","T","M","R","E","R","?","R","BOSS","M","?","$","?","?","R","?","?","T","E","?","$","R","M","R","BOSS","M","?","M","M","M","R","M","R","T","E"],"build_version":"2019-01-23","purchased_purges":1,"victory":false,"max_hp_per_floor":[72,72,72,72,73,74,74,74,74,75,75,76,76,76,76,77,77,78,78,78,78,78,78,79,79,79,80,81,81,81,82,82,83,88,89,89,90,91,92,92,93,93,93,93],"card_choices":[{"not_picked":["Heavy Blade","Iron Wave"],"picked":"Inflame","floor":1},{"not_picked":["Headbutt","Warcry"],"picked":"Carnage","floor":5},{"not_picked":["Fire Breathing","Hemokinesis"],"picked":"Spot Weakness","floor":6},{"not_picked":["Perfected Strike","Clothesline"],"picked":"Iron Wave","floor":10},{"not_picked":["Fire Breathing+1","Dual Wield"],"picked":"Rupture+1","floor":12},{"not_picked":["Double Tap","Bludgeon"],"picked":"Demon Form+1","floor":16},{"not_picked":["Sword Boomerang","Warcry"],"picked":"Blood for Blood","floor":18},{"not_picked":["Pummel","Clash"],"picked":"Sentinel","floor":24},{"not_picked":["Carnage","Armaments"],"picked":"Flame Barrier","floor":27},{"not_picked":["Clothesline","Iron Wave"],"picked":"Armaments","floor":28},{"not_picked":["Clash","Rampage","Combust+1"],"picked":"SKIP","floor":31},{"not_picked":["Immolate","Bludgeon"],"picked":"Limit Break","floor":33},{"not_picked":["Shrug It Off","Rage"],"picked":"Sentinel","floor":34},{"not_picked":["Thunderclap","Shrug It Off"],"picked":"Heavy Blade","floor":35},{"not_picked":["Heavy Blade","Entrench+1"],"picked":"Flame Barrier+1","floor":37},{"not_picked":["Anger","Reckless Charge"],"picked":"Shrug It Off","floor":38},{"not_picked":["Pommel Strike","Inflame+1","Reckless Charge"],"picked":"SKIP","floor":39},{"not_picked":["Disarm","Havoc+1"],"picked":"Limit Break","floor":41}],"player_experience":384023,"relics_obtained":[{"floor":6,"key":"Frozen Egg 2"},{"floor":9,"key":"Lantern"},{"floor":12,"key":"Boot"},{"floor":21,"key":"Necronomicon"},{"floor":26,"key":"Self Forming Clay"},{"floor":27,"key":"Ginger"},{"floor":43,"key":"Omamori"}],"event_choices":[{"cards_removed":["Strike_R"],"damage_healed":0,"gold_gain":0,"player_choice":"Card Removal","damage_taken":0,"max_hp_gain":0,"max_hp_loss":0,"event_name":"The Cleric","floor":2,"gold_loss":50},{"damage_healed":0,"gold_gain":0,"player_choice":"Trade","damage_taken":0,"relics_obtained":["FaceOfCleric"],"max_hp_gain":0,"max_hp_loss":0,"event_name":"FaceTrader","floor":4,"gold_loss":0},{"damage_healed":0,"gold_gain":65,"player_choice":"Gained Gold","damage_taken":0,"max_hp_gain":0,"max_hp_loss":0,"event_name":"Golden Wing","floor":8,"gold_loss":0},{"damage_healed":0,"gold_gain":0,"player_choice":"Damaged","damage_taken":7,"max_hp_gain":0,"max_hp_loss":0,"event_name":"Wheel of Change","floor":14,"gold_loss":0},{"damage_healed":0,"gold_gain":0,"player_choice":"Obtained Book","damage_taken":16,"max_hp_gain":0,"max_hp_loss":0,"event_name":"Cursed Tome","floor":21,"gold_loss":0},{"damage_healed":0,"gold_gain":0,"player_choice":"Obtain J.A.X.","damage_taken":0,"max_hp_gain":0,"max_hp_loss":0,"event_name":"Drug Dealer","floor":22,"gold_loss":0,"cards_obtained":["J.A.X."]},{"cards_removed":["Spot Weakness"],"damage_healed":16,"gold_gain":0,"player_choice":"Offered Uncommon","damage_taken":0,"max_hp_gain":0,"max_hp_loss":0,"event_name":"Bonfire Elementals","floor":25,"gold_loss":0},{"cards_removed":["Inflame"],"damage_healed":0,"gold_gain":0,"player_choice":"Removed Power","damage_taken":0,"max_hp_gain":0,"max_hp_loss":0,"event_name":"Falling","floor":36,"gold_loss":0}],"is_beta":false,"boss_relics":[{"not_picked":["Mark of Pain","Philosopher\u0027s Stone"],"picked":"Cursed Key"},{"not_picked":["Runic Pyramid","Astrolabe"],"picked":"Tiny House"}],"items_purged_floors":[29],"is_endless":false,"potions_floor_spawned":[5,12,16,18,27,33,35,38,41],"killed_by":"Nemesis","ascension_level":12}