{"gold_per_floor":[117,292,55,55,76,111,111,135,160,160,180,194,194,230,230,349,349,369,23,47,47,47,47,91,91],"floor_reached":25,"playtime":1093,"items_purged":["Doubt","Strike_B"],"score":275,"play_id":"27efb179-006d-4bfb-9ac1-bc629ccfe9e8","local_time":"20190209150811","is_ascension_mode":true,"campfire_choices":[{"floor":7,"key":"REST"},{"data":"Defragment","floor":10,"key":"SMITH"},{"data":"Zap","floor":13,"key":"SMITH"},{"floor":15,"key":"REST"},{"data":"Loop","floor":23,"key":"SMITH"}],"neow_cost":"NONE","seed_source_timestamp":800244903976134,"circlet_count":0,"master_deck":["Strike_B","Strike_B","Defend_B","Defend_B","Defend_B","Defend_B","Zap+1","Dualcast","Static Discharge","Defragment+1","Beam Cell","Sunder","Injury","Coolheaded","Undo","BootSequence","Redo","Darkness","FTL","Biased Cognition","Cold Snap","Loop+1","Leap","Doom and Gloom","Sweeping Beam","Double Energy","Hologram+1"],"relics":["Cracked Core","Golden Idol","Blood Vial","Bag of Marbles","Gremlin Horn","Nuclear Battery","MutagenicStrength","Calipers"],"potions_floor_usage":[16,16,16,24],"damage_taken":[{"damage":7,"enemies":"Jaw Worm","floor":1,"turns":3},{"damage":13,"enemies":"Small Slimes","floor":5,"turns":3},{"damage":32,"enemies":"Gremlin Nob","floor":6,"turns":4},{"damage":0,"enemies":"2 Louse","floor":8,"turns":3},{"damage":0,"enemies":"2 Fungi Beasts","floor":11,"turns":2},{"damage":0,"enemies":"Looter","floor":12,"turns":3},{"damage":31,"enemies":"Lagavulin","floor":14,"turns":6},{"damage":18,"enemies":"Slime Boss","floor":16,"turns":10},{"damage":20,"enemies":"Shell Parasite","floor":18,"turns":4},{"damage":0,"enemies":"3 Byrds","floor":20,"turns":4},{"damage":26,"enemies":"Slavers","floor":24,"turns":4},{"damage":39,"enemies":"Cultist and Chosen","floor":25,"turns":4}],"seed_played":"-537818609382482789","potions_obtained":[{"floor":0,"key":"AttackPotion"},{"floor":0,"key":"Block Potion"},{"floor":0,"key":"Explosive Potion"},{"floor":16,"key":"LiquidBronze"},{"floor":20,"key":"Poison Potion"}],"is_trial":false,"path_per_floor":["M","?","$","?","M","E","R","M","T","R","M","M","R","E","R","B",null,"M","$","M","?","?","R","E","M"],"character_chosen":"DEFECT","items_purchased":["Defragment","Beam Cell","Sunder","Loop","Leap","Doom and Gloom","Sweeping Beam"],"campfire_rested":2,"item_purchase_floors":[3,3,3,19,19,19,19],"current_hp_per_floor":[68,68,68,68,55,23,45,47,47,47,49,51,51,22,44,28,75,55,55,57,57,57,57,33,0],"gold":91,"neow_bonus":"THREE_SMALL_POTIONS","is_prod":false,"is_daily":false,"chose_seed":false,"campfire_upgraded":3,"win_rate":0,"timestamp":1549742891,"path_taken":["M","?","$","?","M","E","R","M","T","R","M","M","R","E","R","BOSS","M","$","M","?","?","R","E","?"],"build_version":"2019-01-23","purchased_purges":2,"victory":false,"max_hp_per_floor":[75,75,75,75,75,75,75,75,75,75,75,75,75,75,75,75,75,75,75,75,75,75,75,75,75],"card_choices":[{"not_picked":["Hologram","Hello World"],"picked":"Static Discharge","floor":1},{"not_picked":["Melter","Streamline"],"picked":"Coolheaded","floor":5},{"not_picked":["Reinforced Body","Thunder Strike"],"picked":"Undo","floor":6},{"not_picked":["White Noise","Streamline"],"picked":"BootSequence","floor":8},{"not_picked":["Sweeping Beam","Doom and Gloom"],"picked":"Redo","floor":11},{"not_picked":["Hello World","Tempest"],"picked":"Darkness","floor":12},{"not_picked":["Skim","Coolheaded"],"picked":"FTL","floor":14},{"not_picked":["Multi-Cast","Thunder Strike"],"picked":"Biased Cognition","floor":16},{"not_picked":["White Noise","Steam"],"picked":"Cold Snap","floor":18},{"not_picked":["Turbo","Ball Lightning"],"picked":"Double Energy","floor":20},{"not_picked":["Sweeping Beam+1","Beam Cell"],"picked":"Hologram+1","floor":24}],"player_experience":192006,"relics_obtained":[{"floor":6,"key":"Blood Vial"},{"floor":9,"key":"Bag of Marbles"},{"floor":14,"key":"Gremlin Horn"},{"floor":24,"key":"Calipers"}],"event_choices":[{"damage_healed":0,"gold_gain":175,"player_choice":"AGREE","damage_taken":0,"max_hp_gain":0,"max_hp_loss":0,"event_name":"Liars Game","floor":2,"gold_loss":0,"cards_obtained":["Doubt"]},{"damage_healed":0,"gold_gain":0,"player_choice":"Take Wound","damage_taken":0,"relics_obtained":["Golden Idol"],"max_hp_gain":0,"max_hp_loss":0,"event_name":"Golden Idol","floor":4,"gold_loss":0,"cards_obtained":["Injury"]},{"damage_healed":0,"gold_gain":0,"player_choice":"Inject Mutagens","damage_taken":0,"relics_obtained":["MutagenicStrength"],"max_hp_gain":0,"max_hp_loss":0,"event_name":"Drug Dealer","floor":21,"gold_loss":0},{"cards_removed":["Strike_B"],"damage_healed":0,"gold_gain":0,"player_choice":"Elegance","damage_taken":0,"max_hp_gain":0,"max_hp_loss":0,"event_name":"Back to Basics","floor":22,"gold_loss":0}],"is_beta":false,"boss_relics":[{"not_picked":["Ectoplasm","Orrery"],"picked":"Nuclear Battery"}],"items_purged_floors":[3,19],"is_endless":false,"potions_floor_spawned":[1,8,11,16,20],"killed_by":"Cultist and Chosen","ascension_level":4}