{"gold_per_floor":[118,128,8,21,31,60,60,87,111,34,53,53,66,77,77,177,177,190,209,220,220],"floor_reached":21,"playtime":1033,"items_purged":["Normality"],"score":312,"play_id":"4ccf504d-7e91-4ff2-8127-42c5f39ea0f7","local_time":"20181115235428","is_ascension_mode":true,"campfire_choices":[{"floor":7,"key":"REST"},{"floor":12,"key":"REST"},{"floor":15,"key":"REST"}],"neow_cost":"CURSE","seed_source_timestamp":20087855552057,"circlet_count":0,"master_deck":["AscendersBane","Strike_B","Strike_B","Strike_B","Defend_B","Defend_B","Defend_B","Zap","Dualcast","Streamline","Sunder","Conserve Battery+1","Reinforced Body+1","Leap","Electrodynamics","Capacitor","Chill","Consume","Glacier","Glacier","Recycle+1","Lockon+1","Auto Shields+1","Conserve Battery","Stack"],"relics":["Cracked Core","Ice Cream","Darkstone Periapt","War Paint","Centennial Puzzle","Astrolabe"],"potions_floor_usage":[6,8,18],"damage_taken":[{"damage":10,"enemies":"Cultist","floor":1,"turns":4},{"damage":7,"enemies":"Jaw Worm","floor":2,"turns":3},{"damage":0,"enemies":"Small Slimes","floor":4,"turns":2},{"damage":0,"enemies":"2 Fungi Beasts","floor":5,"turns":2},{"damage":31,"enemies":"Lagavulin","floor":6,"turns":6},{"damage":40,"enemies":"Gremlin Nob","floor":8,"turns":5},{"damage":0,"enemies":"Lots of Slimes","floor":11,"turns":5},{"damage":17,"enemies":"Exordium Thugs","floor":13,"turns":5},{"damage":0,"enemies":"Red Slaver","floor":14,"turns":5},{"damage":25,"enemies":"Slime Boss","floor":16,"turns":15},{"damage":11,"enemies":"Spheric Guardian","floor":18,"turns":6},{"damage":22,"enemies":"2 Thieves","floor":19,"turns":5},{"damage":14,"enemies":"Centurion and Healer","floor":20,"turns":14},{"damage":14,"enemies":"Colosseum Slavers","floor":21,"turns":1}],"seed_played":"1826302147167936125","potions_obtained":[{"floor":1,"key":"Energy Potion"},{"floor":4,"key":"Dexterity Potion"},{"floor":13,"key":"Swift Potion"},{"floor":20,"key":"Swift Potion"}],"is_trial":false,"path_per_floor":["M","M","$","M","M","E","R","E","T","$","M","R","M","M","R","B",null,"M","M","M","?"],"character_chosen":"DEFECT","items_purchased":["Conserve Battery","Chill"],"campfire_rested":3,"item_purchase_floors":[3,10],"current_hp_per_floor":[58,51,51,51,51,20,42,2,2,2,2,24,7,7,29,4,57,46,24,10,0],"gold":220,"neow_bonus":"ONE_RARE_RELIC","is_prod":false,"is_daily":false,"chose_seed":false,"campfire_upgraded":0,"win_rate":0,"timestamp":1542354868,"path_taken":["M","?","?","M","M","E","R","E","T","$","M","R","?","M","R","BOSS","M","M","M","?"],"build_version":"2018-11-15","purchased_purges":1,"victory":false,"max_hp_per_floor":[75,75,75,75,75,75,75,75,75,75,75,75,75,75,75,75,75,75,75,75,75],"card_choices":[{"not_picked":["Rip and Tear","Redo"],"picked":"Streamline","floor":1},{"not_picked":["Coolheaded","Steam"],"picked":"Sunder","floor":2},{"not_picked":["Rebound","Redo"],"picked":"Reinforced Body","floor":4},{"not_picked":["Darkness","Loop"],"picked":"Leap","floor":5},{"not_picked":["Redo","Rainbow"],"picked":"Electrodynamics","floor":6},{"not_picked":["Stack","Recycle"],"picked":"Capacitor","floor":8},{"not_picked":["Rebound","Hologram"],"picked":"Consume","floor":11},{"not_picked":["Hologram","Sweeping Beam"],"picked":"Glacier","floor":13},{"not_picked":["Conserve Battery","Sweeping Beam"],"picked":"Glacier","floor":14},{"not_picked":["Buffer","All For One"],"picked":"Electrodynamics","floor":16},{"not_picked":["Ball Lightning+1","Cold Snap"],"picked":"Conserve Battery","floor":18},{"not_picked":["Rebound","Hello World","Static Discharge"],"picked":"SKIP","floor":19},{"not_picked":["Fusion","Sweeping Beam"],"picked":"Stack","floor":20}],"player_experience":734309,"relics_obtained":[{"floor":6,"key":"Darkstone Periapt"},{"floor":8,"key":"War Paint"},{"floor":9,"key":"Centennial Puzzle"}],"event_choices":[{"damage_healed":0,"gold_gain":0,"player_choice":"Fight","damage_taken":0,"max_hp_gain":0,"max_hp_loss":0,"event_name":"Colosseum","floor":21,"gold_loss":0}],"is_beta":false,"boss_relics":[{"not_picked":["Pandora\u0027s Box","Coffee Dripper"],"picked":"Astrolabe"}],"items_purged_floors":[3],"is_endless":false,"potions_floor_spawned":[1,4,5,13,20],"killed_by":"Colosseum Slavers","ascension_level":12}