{"gold_per_floor":[116,116,29,29,44,72,72,103,176,176,176,194,194,206,206,283,283,301,13,33,52,52,52,52,52],"floor_reached":25,"playtime":1092,"items_purged":["Pain"],"score":387,"play_id":"d481b689-6737-48ce-8eb7-8b7263198381","local_time":"20190522093309","is_ascension_mode":true,"campfire_choices":[{"floor":7.0,"key":"REST"},{"floor":10.0,"key":"REST"},{"data":"Footwork","floor":15.0,"key":"SMITH"},{"floor":23,"key":"REST"}],"neow_cost":"NONE","seed_source_timestamp":0,"circlet_count":0,"master_deck":["AscendersBane","Defend_G+1","Defend_G+1","Defend_G+1","Defend_G+1","Defend_G+1","Strike_G+1","Strike_G+1","Strike_G+1","Strike_G+1","Strike_G+1","Survivor","Neutralize","Poisoned Stab","Burst","Backflip","Footwork+1","Terror","Deadly Poison","Backstab","A Thousand Cuts","Catalyst","Bane"],"special_seed":0,"relics":["Ring of the Snake","Anchor","Art of War","WarpedTongs","PreservedInsect","Pen Nib","Letter Opener","The Courier","Velvet Choker","Kunai","Enchiridion"],"potions_floor_usage":[25],"damage_taken":[{"damage":4.0,"enemies":"Small Slimes","floor":1.0,"turns":4.0},{"damage":1.0,"enemies":"2 Louse","floor":5.0,"turns":3.0},{"damage":34.0,"enemies":"Lagavulin","floor":6.0,"turns":13.0},{"damage":15.0,"enemies":"3 Sentries","floor":8.0,"turns":10.0},{"damage":1.0,"enemies":"Cultist","floor":12.0,"turns":3.0},{"damage":12.0,"enemies":"3 Louse","floor":14.0,"turns":4.0},{"damage":9.0,"enemies":"Hexaghost","floor":16.0,"turns":9.0},{"damage":14.0,"enemies":"Shell Parasite","floor":18.0,"turns":6.0},{"damage":11.0,"enemies":"Chosen","floor":20.0,"turns":4.0},{"damage":15.0,"enemies":"Snake Plant","floor":21.0,"turns":4.0},{"damage":10,"enemies":"Slavers","floor":25,"turns":3}],"seed_played":"-3151884213566322616","potions_obtained":[{"floor":1.0,"key":"GamblersBrew"},{"floor":6.0,"key":"FearPotion"},{"floor":14.0,"key":"SkillPotion"},{"floor":18.0,"key":"Dexterity Potion"}],"is_trial":false,"path_per_floor":["M","?","$","?","M","E","R","E","T","R","?","M","T","M","R","B",null,"M","$","M","M","?","R","?","E"],"character_chosen":"THE_SILENT","items_purchased":["Burst","Kunai"],"campfire_rested":3,"item_purchase_floors":[3,19],"current_hp_per_floor":[55,37,37,37,36,2,21,6,6,25,25,24,24,12,12,3,50,36,36,25,10,10,29,8,0],"gold":52,"neow_bonus":"RANDOM_COMMON_RELIC","is_prod":false,"is_daily":false,"chose_seed":false,"campfire_upgraded":1,"win_rate":0,"timestamp":1558531989,"path_taken":["M","?","$","?","?","E","R","E","T","R","?","M","?","M","R","BOSS","M","$","M","M","?","R","?","E"],"build_version":"2019-01-23","purchased_purges":1,"victory":false,"max_hp_per_floor":[66,66,66,66,66,66,66,66,66,66,66,66,66,66,66,66,66,66,66,66,66,66,66,66,66],"card_choices":[{"not_picked":["Choke","PiercingWail"],"picked":"Poisoned Stab","floor":1.0},{"not_picked":["Crippling Poison","Deadly Poison"],"picked":"Backflip","floor":5.0},{"not_picked":["Heel Hook","Choke"],"picked":"Footwork","floor":6.0},{"not_picked":["Underhanded Strike","Concentrate"],"picked":"Terror","floor":8.0},{"not_picked":["Cloak And Dagger","Backflip"],"picked":"Deadly Poison","floor":12.0},{"not_picked":["Backflip","Dagger Throw"],"picked":"Backstab","floor":14.0},{"not_picked":["Burst","Doppelganger"],"picked":"A Thousand Cuts","floor":16.0},{"not_picked":["Flying Knee","Quick Slash","PiercingWail"],"picked":"SKIP","floor":18.0},{"not_picked":["Infinite Blades","Bane"],"picked":"Catalyst","floor":20.0},{"not_picked":["Slice","Outmaneuver"],"picked":"Bane","floor":21.0}],"player_experience":740858,"relics_obtained":[{"floor":6.0,"key":"PreservedInsect"},{"floor":8.0,"key":"Pen Nib"},{"floor":9.0,"key":"Letter Opener"},{"floor":13.0,"key":"The Courier"},{"floor":24,"key":"Enchiridion"}],"event_choices":[{"damage_healed":0.0,"max_hp_gain":0.0,"max_hp_loss":0.0,"gold_gain":0.0,"event_name":"Scrap Ooze","player_choice":"Success","floor":2.0,"gold_loss":0.0,"damage_taken":18.0,"relics_obtained":["Art of War"]},{"damage_healed":0.0,"max_hp_gain":0.0,"max_hp_loss":0.0,"gold_gain":0.0,"event_name":"Accursed Blacksmith","player_choice":"Rummage","floor":4.0,"gold_loss":0.0,"damage_taken":0.0,"relics_obtained":["WarpedTongs"],"cards_obtained":["Pain"]},{"damage_healed":0.0,"max_hp_gain":0.0,"max_hp_loss":0.0,"gold_gain":0.0,"event_name":"Shining Light","player_choice":"Ignored","floor":11.0,"gold_loss":0.0,"damage_taken":0.0},{"damage_healed":0,"gold_gain":0,"player_choice":"Simplicity","damage_taken":0,"max_hp_gain":0,"max_hp_loss":0,"event_name":"Back to Basics","floor":22,"gold_loss":0,"cards_upgraded":["Defend_G","Defend_G","Defend_G","Defend_G","Defend_G","Strike_G","Strike_G","Strike_G","Strike_G","Strike_G"]},{"damage_healed":0,"gold_gain":0,"player_choice":"Obtained Book","damage_taken":21,"max_hp_gain":0,"max_hp_loss":0,"event_name":"Cursed Tome","floor":24,"gold_loss":0}],"is_beta":false,"boss_relics":[{"not_picked":["Astrolabe","Coffee Dripper"],"picked":"Velvet Choker"}],"items_purged_floors":[19],"is_endless":false,"potions_floor_spawned":[1,6,14,18],"killed_by":"Slavers","ascension_level":17}