{"gold_per_floor":[111,3,3,13,28,28,55,55,128,128,181,194,194,204,204,303,303,322,337,352,352,352,379,379,270,270,295,307,11,28,39,39,139,139,156,156,176,176,192,192,202,217,299,299,373,405,405,405,405,405],"floor_reached":51,"playtime":2058,"items_purged":["Bite"],"score":847,"play_id":"bd4f2d25-5c43-4362-9bd8-fd4eed19febd","local_time":"20190507141838","is_ascension_mode":false,"campfire_choices":[{"data":"Rampage","floor":6,"key":"SMITH"},{"data":"Brutality","floor":8,"key":"SMITH"},{"data":"Rupture","floor":10,"key":"SMITH"},{"data":"Flame Barrier","floor":13,"key":"SMITH"},{"data":"Bash","floor":15,"key":"SMITH"},{"data":"Heavy Blade","floor":24,"key":"SMITH"},{"data":"Whirlwind","floor":28,"key":"SMITH"},{"floor":32,"key":"REST"},{"data":"Limit Break","floor":40,"key":"SMITH"},{"data":"Armaments","floor":44,"key":"SMITH"},{"data":"Master of Strategy","floor":47,"key":"SMITH"},{"data":"Bite","floor":49,"key":"SMITH"}],"neow_cost":"CURSE","seed_source_timestamp":65687707813393,"circlet_count":0,"master_deck":["Defend_R","Defend_R","Defend_R","Defend_R","Bash+1","Clumsy","Hemokinesis+1","Rupture+1","Rampage+1","Heavy Blade+1","Brutality+1","Flame Barrier+1","Dropkick","Feed","True Grit+1","Shame","Bite+1","Bite","Bite","Bite","Blood for Blood+1","Whirlwind+1","Regret","Armaments+1","Hemokinesis+1","Limit Break+1","Shrug It Off+1","Master of Strategy+1","Writhe","Parasite","Reaper","Dual Wield+1","Pain","Decay"],"relics":["Burning Blood","Gambling Chip","Bag of Preparation","Blue Candle","Orichalcum","Cursed Key","Potion Belt","Meat on the Bone","MawBank","Bottled Tornado","Coffee Dripper","Kunai","The Courier","Oddly Smooth Stone"],"potions_floor_usage":[7,23,33,50,50],"damage_taken":[{"damage":10,"enemies":"Jaw Worm","floor":1,"turns":5},{"damage":2,"enemies":"Cultist","floor":4,"turns":2},{"damage":0,"enemies":"2 Louse","floor":5,"turns":2},{"damage":8,"enemies":"Gremlin Nob","floor":7,"turns":3},{"damage":17,"enemies":"Exordium Thugs","floor":12,"turns":3},{"damage":6,"enemies":"Exordium Wildlife","floor":14,"turns":3},{"damage":22,"enemies":"The Guardian","floor":16,"turns":7},{"damage":12,"enemies":"2 Thieves","floor":18,"turns":3},{"damage":20,"enemies":"3 Byrds","floor":19,"turns":4},{"damage":7,"enemies":"Centurion and Healer","floor":20,"turns":4},{"damage":25,"enemies":"Book of Stabbing","floor":23,"turns":5},{"damage":26,"enemies":"Shelled Parasite and Fungi","floor":27,"turns":4},{"damage":12,"enemies":"Snake Plant","floor":30,"turns":3},{"damage":36,"enemies":"3 Cultists","floor":31,"turns":5},{"damage":32,"enemies":"Automaton","floor":33,"turns":6},{"damage":6,"enemies":"3 Darklings","floor":35,"turns":3},{"damage":8,"enemies":"3 Shapes","floor":37,"turns":3},{"damage":6,"enemies":"Writhing Mass","floor":39,"turns":3},{"damage":12,"enemies":"Maw","floor":41,"turns":4},{"damage":23,"enemies":"4 Shapes","floor":42,"turns":3},{"damage":26,"enemies":"Giant Head","floor":46,"turns":5},{"damage":82,"enemies":"Time Eater","floor":50,"turns":6}],"seed_played":"2122564868013339533","potions_obtained":[{"floor":4,"key":"Fire Potion"},{"floor":5,"key":"Weak Potion"},{"floor":7,"key":"Energy Potion"},{"floor":16,"key":"GamblersBrew"},{"floor":23,"key":"Regen Potion"},{"floor":27,"key":"LiquidBronze"},{"floor":37,"key":"Fire Potion"},{"floor":39,"key":"Fire Potion"},{"floor":41,"key":"FearPotion"},{"floor":48,"key":"FairyPotion"}],"is_trial":false,"path_per_floor":["M","$","?","M","M","R","E","R","T","R","T","M","R","M","R","B",null,"M","M","M","?","?","E","R","$","T","M","R","$","M","M","R","B",null,"M","?","M","?","M","R","M","M","T","R","T","E","R","?","R","B",null],"character_chosen":"IRONCLAD","items_purchased":["Rupture","Rampage","Whirlwind","Bottled Tornado","Armaments"],"campfire_rested":1,"item_purchase_floors":[2,2,25,29,29],"current_hp_per_floor":[76,76,76,80,80,80,78,78,78,78,78,67,67,67,67,51,80,77,66,68,68,62,46,46,46,46,38,38,38,49,42,60,44,62,62,62,65,65,68,68,68,56,56,56,56,52,52,52,52,39],"gold":405,"neow_bonus":"ONE_RARE_RELIC","is_prod":false,"is_daily":false,"chose_seed":false,"campfire_upgraded":11,"win_rate":0,"timestamp":1557253118,"path_taken":["M","$","?","M","M","R","E","R","T","R","?","?","R","M","R","BOSS","M","M","M","?","?","E","R","$","T","M","R","$","?","M","R","BOSS","M","?","M","?","M","R","M","M","T","R","?","E","R","?","R","BOSS"],"build_version":"2019-01-23","purchased_purges":1,"victory":true,"max_hp_per_floor":[80,80,80,80,80,80,80,80,80,80,80,80,80,80,80,80,80,83,86,89,89,62,62,62,62,62,62,62,62,62,62,62,62,62,62,62,65,65,68,68,68,68,68,68,68,68,68,68,68,68],"card_choices":[{"not_picked":["Shockwave","Entrench"],"picked":"Hemokinesis","floor":1},{"not_picked":["True Grit","Cleave"],"picked":"Heavy Blade","floor":4},{"not_picked":["Anger","Body Slam","Warcry"],"picked":"SKIP","floor":5},{"not_picked":["Iron Wave","Clash"],"picked":"Brutality","floor":7},{"not_picked":["Headbutt","Inflame"],"picked":"Flame Barrier","floor":12},{"not_picked":["Shrug It Off","Bloodletting"],"picked":"Dropkick","floor":14},{"not_picked":["Bludgeon","Juggernaut"],"picked":"Feed","floor":16},{"not_picked":["Pommel Strike+1","Havoc","Iron Wave"],"picked":"SKIP","floor":18},{"not_picked":["Thunderclap","Dropkick","Headbutt"],"picked":"SKIP","floor":19},{"not_picked":["Thunderclap","Fire Breathing+1"],"picked":"True Grit+1","floor":20},{"not_picked":["True Grit","Disarm"],"picked":"Blood for Blood+1","floor":23},{"not_picked":["Entrench+1","Feel No Pain","Warcry"],"picked":"SKIP","floor":27},{"not_picked":["Warcry","Power Through+1","Berserk"],"picked":"SKIP","floor":30},{"not_picked":["Entrench","Flex"],"picked":"Hemokinesis+1","floor":31},{"not_picked":["Exhume","Barricade"],"picked":"Limit Break","floor":33},{"not_picked":["Headbutt","Body Slam+1"],"picked":"Shrug It Off+1","floor":35},{"not_picked":["Good Instincts","Dramatic Entrance"],"picked":"Master of Strategy","floor":36},{"not_picked":["Corruption","Iron Wave+1","Sever Soul+1"],"picked":"SKIP","floor":37},{"not_picked":["Body Slam+1","True Grit","Shockwave+1"],"picked":"SKIP","floor":39},{"not_picked":["Uppercut","Thunderclap"],"picked":"Reaper","floor":41},{"not_picked":["Hemokinesis+1","True Grit+1"],"picked":"Dual Wield+1","floor":42},{"not_picked":["Infernal Blade+1","True Grit","Combust+1"],"picked":"SKIP","floor":46}],"player_experience":665738,"relics_obtained":[{"floor":7,"key":"Bag of Preparation"},{"floor":9,"key":"Blue Candle"},{"floor":11,"key":"Orichalcum"},{"floor":23,"key":"Meat on the Bone"},{"floor":26,"key":"MawBank"},{"floor":43,"key":"Kunai"},{"floor":45,"key":"The Courier"},{"floor":46,"key":"Oddly Smooth Stone"}],"event_choices":[{"damage_healed":0,"gold_gain":0,"player_choice":"Grow","damage_taken":0,"max_hp_gain":0,"max_hp_loss":0,"event_name":"Living Wall","floor":3,"gold_loss":0,"cards_upgraded":["Hemokinesis"]},{"damage_healed":0,"gold_gain":0,"player_choice":"Stole Relic","damage_taken":0,"relics_obtained":["Potion Belt"],"max_hp_gain":0,"max_hp_loss":0,"event_name":"Addict","floor":21,"gold_loss":0,"cards_obtained":["Shame"]},{"damage_healed":0,"gold_gain":0,"player_choice":"Became a vampire","damage_taken":0,"max_hp_gain":0,"max_hp_loss":27,"event_name":"Vampires","floor":22,"gold_loss":0,"cards_obtained":["Bite","Bite","Bite","Bite","Bite"]},{"damage_healed":0,"gold_gain":0,"player_choice":"Memory 1","damage_taken":0,"max_hp_gain":0,"max_hp_loss":0,"event_name":"SensoryStone","floor":36,"gold_loss":0},{"damage_healed":16,"gold_gain":0,"player_choice":"Writhe","damage_taken":0,"max_hp_gain":0,"max_hp_loss":0,"event_name":"Winding Halls","floor":38,"gold_loss":0,"cards_obtained":["Writhe"]},{"damage_healed":0,"gold_gain":0,"player_choice":"Got Potions","damage_taken":0,"max_hp_gain":0,"max_hp_loss":0,"event_name":"Lab","floor":48,"gold_loss":0}],"is_beta":false,"boss_relics":[{"not_picked":["Calling Bell","Tiny House"],"picked":"Cursed Key"},{"not_picked":["Lizard Tail","Empty Cage"],"picked":"Coffee Dripper"}],"items_purged_floors":[25],"is_endless":false,"potions_floor_spawned":[4,5,7,16,19,23,27,37,39,41,46],"ascension_level":0}