{"gold_per_floor":[19,30,41,55,72,72,90,90,90,107,107,175,175,140,140,243,243,259,358,378,29,43,43,62,62,116,41,41,57,57,69,69,69],"floor_reached":33,"playtime":1482,"items_purged":[],"score":289,"play_id":"d240d3c0-4358-42d7-8a87-d292ea015efe","local_time":"20190618020307","is_ascension_mode":true,"campfire_choices":[{"floor":6,"key":"REST"},{"data":"Zap","floor":8,"key":"SMITH"},{"data":"Undo","floor":13,"key":"SMITH"},{"data":"Defend_B","floor":15,"key":"SMITH"},{"data":"Buffer","floor":23,"key":"SMITH"},{"floor":25,"key":"REST"},{"floor":28,"key":"REST"},{"floor":32,"key":"REST"}],"neow_cost":"NO_GOLD","seed_source_timestamp":871903092010523,"circlet_count":0,"master_deck":["Strike_B","Strike_B","Strike_B","Defend_B","Defend_B","Defend_B","Defend_B+1","Zap+1","Dualcast","Undo+1","Streamline","Sweeping Beam","Buffer+1","Streamline+1","Go for the Eyes","Melter","Sunder","Beam Cell+1","Leap+1","Rebound+1"],"relics":["Cracked Core","Torii","Calipers","Sozu","Art of War","Dream Catcher","Omamori"],"potions_floor_usage":[4,16,22],"damage_taken":[{"damage":1,"enemies":"Cultist","floor":1,"turns":3},{"damage":6,"enemies":"2 Louse","floor":2,"turns":3},{"damage":1,"enemies":"Jaw Worm","floor":3,"turns":3},{"damage":21,"enemies":"Large Slime","floor":4,"turns":9},{"damage":26,"enemies":"Exordium Wildlife","floor":5,"turns":6},{"damage":1,"enemies":"Blue Slaver","floor":7,"turns":3},{"damage":6,"enemies":"Looter","floor":10,"turns":3},{"damage":11,"enemies":"The Guardian","floor":16,"turns":12},{"damage":15,"enemies":"Shell Parasite","floor":18,"turns":8},{"damage":18,"enemies":"3 Byrds","floor":20,"turns":5},{"damage":1,"enemies":"Snecko","floor":22,"turns":5},{"damage":14,"enemies":"Cultist and Chosen","floor":24,"turns":6},{"damage":30,"enemies":"Snake Plant","floor":29,"turns":4},{"damage":33,"enemies":"Centurion and Healer","floor":31,"turns":5},{"damage":77,"enemies":"Collector","floor":33,"turns":6}],"seed_played":"4219352667992789838","potions_obtained":[{"floor":1,"key":"PowerPotion"},{"floor":7,"key":"Dexterity Potion"},{"floor":16,"key":"Ancient Potion"}],"is_trial":false,"path_per_floor":["M","M","M","M","M","R","M","R","T","M","$","?","R","?","R","B",null,"M","?","M","$","M","R","M","R","T","?","R","M","?","M","R","B"],"character_chosen":"DEFECT","items_purchased":["Go for the Eyes","Art of War","Dream Catcher"],"campfire_rested":4,"item_purchase_floors":[21,21,21],"current_hp_per_floor":[74,68,67,46,20,42,41,41,41,35,35,35,35,53,53,42,75,60,60,42,42,41,41,27,49,49,49,71,41,66,33,55,0],"gold":69,"neow_bonus":"ONE_RARE_RELIC","is_prod":false,"is_daily":false,"chose_seed":false,"campfire_upgraded":4,"win_rate":0,"timestamp":1560848587,"path_taken":["M","M","M","M","M","R","M","R","T","?","$","?","R","?","R","BOSS","M","?","M","$","M","R","M","R","T","?","R","M","?","M","R","BOSS"],"build_version":"2019-01-23","purchased_purges":0,"victory":false,"max_hp_per_floor":[75,75,75,75,75,75,75,75,75,75,75,75,75,75,75,75,75,75,75,75,75,75,75,75,75,75,75,75,75,75,75,75,75],"card_choices":[{"not_picked":["Hologram","Redo"],"picked":"Undo","floor":1},{"not_picked":["Sunder","Steam Power","Compile Driver"],"picked":"SKIP","floor":2},{"not_picked":["Skim","Force Field","Leap"],"picked":"SKIP","floor":3},{"not_picked":["Scrape","Skim","BootSequence"],"picked":"SKIP","floor":4},{"not_picked":["Leap","BootSequence"],"picked":"Streamline","floor":5},{"not_picked":["All For One","Steam","Barrage"],"picked":"SKIP","floor":7},{"not_picked":["Loop","Gash"],"picked":"Sweeping Beam","floor":10},{"not_picked":["Thunder Strike","Core Surge"],"picked":"Buffer","floor":16},{"not_picked":["Beam Cell","Go for the Eyes"],"picked":"Streamline+1","floor":18},{"not_picked":["Streamline","Stack","Storm+1"],"picked":"SKIP","floor":20},{"not_picked":["Reprogram","Beam Cell"],"picked":"Melter","floor":22},{"not_picked":["Compile Driver","Chill+1","Tempest"],"picked":"SKIP","floor":24},{"not_picked":["Ball Lightning","Doom and Gloom+1"],"picked":"Sunder","floor":25},{"not_picked":["Ball Lightning+1","Redo"],"picked":"Beam Cell+1","floor":28},{"not_picked":["Chaos+1","Beam Cell","Steam Power+1"],"picked":"SKIP","floor":29},{"not_picked":["Hello World+1","BootSequence"],"picked":"Leap+1","floor":31},{"not_picked":["Steam","Barrage"],"picked":"Rebound+1","floor":32}],"player_experience":432070,"relics_obtained":[{"floor":9,"key":"Calipers"},{"floor":26,"key":"Omamori"}],"event_choices":[{"damage_healed":0,"gold_gain":68,"player_choice":"Gained Gold","damage_taken":0,"max_hp_gain":0,"max_hp_loss":0,"event_name":"Golden Wing","floor":12,"gold_loss":0},{"damage_healed":18,"gold_gain":0,"player_choice":"Healed","damage_taken":0,"max_hp_gain":0,"max_hp_loss":0,"event_name":"The Cleric","floor":14,"gold_loss":35},{"damage_healed":0,"gold_gain":99,"player_choice":"Stole From Cult","damage_taken":0,"max_hp_gain":0,"max_hp_loss":0,"event_name":"Nest","floor":19,"gold_loss":0},{"cards_removed":["Strike_B"],"damage_healed":0,"gold_gain":0,"player_choice":"Gave Gold","damage_taken":0,"max_hp_gain":0,"max_hp_loss":0,"event_name":"Beggar","floor":27,"gold_loss":75},{"damage_healed":25,"gold_gain":0,"player_choice":"Heal","damage_taken":0,"max_hp_gain":0,"max_hp_loss":0,"event_name":"The Library","floor":30,"gold_loss":0}],"is_beta":false,"boss_relics":[{"not_picked":["Lizard Tail","Black Star"],"picked":"Sozu"}],"items_purged_floors":[],"is_endless":false,"potions_floor_spawned":[1,7,16,22,24,31],"killed_by":"Collector","ascension_level":4}