{"gold_per_floor":[114,124,135,135,135,466,479,479,479,479,502,427,427,444,444,545,545,564,553,458,135,151,151,166,166,235,235,267,267],"floor_reached":29,"playtime":1755,"items_purged":["Strike_R","Rupture+1"],"score":243,"play_id":"80b2a36d-be43-401f-8779-6e59ee4a7959","local_time":"20190514162339","is_ascension_mode":false,"campfire_choices":[{"floor":8,"key":"REST"},{"data":"Sentinel","floor":10,"key":"SMITH"},{"data":"Pommel Strike","floor":13,"key":"SMITH"},{"data":"Rupture","floor":15,"key":"SMITH"},{"floor":23,"key":"REST"},{"floor":27,"key":"REST"}],"neow_cost":"NONE","seed_source_timestamp":98381768367953,"circlet_count":0,"master_deck":["Strike_R","Strike_R","Strike_R","Defend_R","Defend_R","Defend_R","Defend_R","Bash","Purity","Headbutt","Pommel Strike","Armaments","Pommel Strike+1","Combust","Sentinel+1","Dark Embrace","Second Wind","Burning Pact+1","Corruption","Master of Strategy","Sentinel","Reckless Charge+1","Whirlwind","Clash+1","Wild Strike"],"relics":["Burning Blood","Dream Catcher","Old Coin","Bottled Flame","Potion Belt","Runic Cube","Smiling Mask","Regal Pillow"],"potions_floor_usage":[16,28,29],"damage_taken":[{"damage":6,"enemies":"Cultist","floor":1,"turns":3},{"damage":8,"enemies":"Jaw Worm","floor":2,"turns":3},{"damage":5,"enemies":"Small Slimes","floor":3,"turns":3},{"damage":38,"enemies":"3 Sentries","floor":6,"turns":8},{"damage":7,"enemies":"Blue Slaver","floor":7,"turns":4},{"damage":0,"enemies":"Looter","floor":14,"turns":4},{"damage":54,"enemies":"Slime Boss","floor":16,"turns":11},{"damage":25,"enemies":"3 Byrds","floor":18,"turns":5},{"damage":15,"enemies":"2 Thieves","floor":19,"turns":4},{"damage":33,"enemies":"Snake Plant","floor":22,"turns":6},{"damage":39,"enemies":"Sentry and Sphere","floor":24,"turns":6},{"damage":22,"enemies":"Gremlin Leader","floor":28,"turns":5},{"damage":31,"enemies":"3 Cultists","floor":29,"turns":4}],"seed_played":"5581171900200363870","potions_obtained":[{"floor":3,"key":"Poison Potion"},{"floor":6,"key":"Ancient Potion"},{"floor":24,"key":"Explosive Potion"},{"floor":28,"key":"Weak Potion"}],"is_trial":false,"path_per_floor":["M","M","M","?","?","E","M","R","T","R","T","$","R","M","R","B",null,"M","M","?","$","M","R","M","?","T","R","E","M"],"character_chosen":"IRONCLAD","items_purchased":["Corruption","Master of Strategy"],"campfire_rested":3,"item_purchase_floors":[21,21],"current_hp_per_floor":[80,78,79,84,81,49,48,73,73,73,73,73,73,79,79,31,85,66,57,57,57,30,55,22,22,22,47,31,0],"gold":267,"neow_bonus":"RANDOM_COLORLESS","is_prod":false,"is_daily":false,"chose_seed":false,"campfire_upgraded":3,"win_rate":0,"timestamp":1557876219,"path_taken":["M","M","?","?","?","E","M","R","T","R","?","$","R","M","R","BOSS","M","M","?","$","M","R","?","?","T","R","E","M"],"build_version":"2019-01-23","purchased_purges":2,"victory":false,"max_hp_per_floor":[80,80,80,85,85,85,85,85,85,85,85,85,85,85,85,85,85,85,85,85,85,85,85,85,85,85,85,85,85],"card_choices":[{"not_picked":["True Grit","Wild Strike"],"picked":"Headbutt","floor":1},{"not_picked":["Uppercut","Pummel"],"picked":"Pommel Strike","floor":2},{"not_picked":["Twin Strike","Searing Blow"],"picked":"Armaments","floor":3},{"not_picked":["Shrug It Off","Combust"],"picked":"Pommel Strike","floor":6},{"not_picked":["Sword Boomerang","Shockwave"],"picked":"Combust","floor":7},{"not_picked":["Shrug It Off","Havoc"],"picked":"Sentinel","floor":8},{"not_picked":["Twin Strike","Hemokinesis"],"picked":"Rupture","floor":14},{"not_picked":["Demon Form","Feed"],"picked":"Dark Embrace","floor":16},{"not_picked":["True Grit","Sword Boomerang"],"picked":"Second Wind","floor":18},{"not_picked":["Anger","Second Wind+1"],"picked":"Burning Pact+1","floor":19},{"not_picked":["Pommel Strike","Demon Form"],"picked":"Sentinel","floor":22},{"not_picked":["Perfected Strike","Burning Pact+1"],"picked":"Reckless Charge+1","floor":23},{"not_picked":["Sword Boomerang","Heavy Blade+1"],"picked":"Whirlwind","floor":24},{"not_picked":["Shrug It Off","Cleave+1"],"picked":"Clash+1","floor":27},{"not_picked":["Rage","Clash"],"picked":"Wild Strike","floor":28}],"player_experience":202580,"relics_obtained":[{"floor":6,"key":"Old Coin"},{"floor":9,"key":"Bottled Flame"},{"floor":11,"key":"Potion Belt"},{"floor":28,"key":"Regal Pillow"}],"event_choices":[{"damage_healed":0,"gold_gain":0,"player_choice":"Donut","damage_taken":0,"max_hp_gain":5,"max_hp_loss":0,"event_name":"Big Fish","floor":4,"gold_loss":0},{"damage_healed":0,"gold_gain":0,"player_choice":"Success","damage_taken":3,"relics_obtained":["Dream Catcher"],"max_hp_gain":0,"max_hp_loss":0,"event_name":"Scrap Ooze","floor":5,"gold_loss":0},{"damage_healed":0,"gold_gain":0,"player_choice":"Paid Gold","damage_taken":0,"relics_obtained":["Smiling Mask"],"max_hp_gain":0,"max_hp_loss":0,"event_name":"WeMeetAgain","floor":20,"gold_loss":95},{"cards_removed":["Strike_R"],"damage_healed":0,"gold_gain":0,"player_choice":"Offered Basic","damage_taken":0,"max_hp_gain":0,"max_hp_loss":0,"event_name":"Bonfire Elementals","floor":25,"gold_loss":0}],"is_beta":false,"boss_relics":[{"not_picked":["Black Blood","White Beast Statue"],"picked":"Runic Cube"}],"items_purged_floors":[12,21],"is_endless":false,"potions_floor_spawned":[3,6,24,28],"killed_by":"3 Cultists","ascension_level":0}