{"gold_per_floor":[115,127,127,141,141,177,192,210,286,286,306,306,320,361,361,486,486,499,218,218,243,261,261,277,292,292,325,348,348,258,283,283,409,409,424,549,549,612,612,645,666,666,666,666,689,689,710,245,245,245],"floor_reached":51,"playtime":2140,"items_purged":["Injury","Strike_B"],"score":1142,"play_id":"8dcd9b86-adf2-4bcc-9081-477b30ca7cbd","local_time":"20190216204714","is_ascension_mode":true,"campfire_choices":[{"floor":10,"key":"REST"},{"data":"Consume","floor":12,"key":"SMITH"},{"floor":15,"key":"REST"},{"data":"Biased Cognition","floor":23,"key":"SMITH"},{"floor":29,"key":"REST"},{"floor":32,"key":"REST"},{"data":"Buffer","floor":44,"key":"SMITH"},{"data":"Defragment","floor":46,"key":"SMITH"},{"floor":49,"key":"REST"}],"neow_cost":"NONE","seed_source_timestamp":90356476048931,"circlet_count":0,"master_deck":["Strike_B","Strike_B","Defend_B","Defend_B","Defend_B","Defend_B","Zap","Dualcast","Electrodynamics","Auto Shields","Sweeping Beam","Coolheaded","Doom and Gloom","Consume+1","Leap","Ball Lightning","Biased Cognition+1","BootSequence+1","Glacier+1","Conserve Battery","Lockon+1","Static Discharge","Glacier","Coolheaded","Buffer+1","Cold Snap+1","Defragment+1","Coolheaded+1","Barrage+1","Biased Cognition+1","Defragment","Biased Cognition"],"relics":["Cracked Core","Bronze Scales","Golden Idol","Incense Burner","Gremlin Horn","Dream Catcher","Nuclear Battery","Runic Capacitor","Bottled Tornado","Art of War","Sozu","FossilizedHelix","Girya","Du-Vu Doll","Matryoshka","Kunai","Pear","Oddly Smooth Stone","OrangePellets"],"potions_floor_usage":[11,14,14,14,16,25,25,28],"damage_taken":[{"damage":2,"enemies":"Jaw Worm","floor":1,"turns":3},{"damage":0,"enemies":"2 Louse","floor":2,"turns":2},{"damage":0,"enemies":"Cultist","floor":4,"turns":4},{"damage":18,"enemies":"3 Sentries","floor":6,"turns":4},{"damage":15,"enemies":"Large Slime","floor":7,"turns":5},{"damage":0,"enemies":"2 Fungi Beasts","floor":8,"turns":3},{"damage":1,"enemies":"Looter","floor":11,"turns":3},{"damage":0,"enemies":"Blue Slaver","floor":13,"turns":3},{"damage":11,"enemies":"Gremlin Nob","floor":14,"turns":5},{"damage":15,"enemies":"Slime Boss","floor":16,"turns":7},{"damage":12,"enemies":"Chosen","floor":18,"turns":4},{"damage":9,"enemies":"2 Thieves","floor":21,"turns":2},{"damage":0,"enemies":"Chosen and Byrds","floor":22,"turns":5},{"damage":10,"enemies":"Snecko","floor":24,"turns":4},{"damage":4,"enemies":"3 Cultists","floor":25,"turns":3},{"damage":16,"enemies":"Slavers","floor":27,"turns":4},{"damage":0,"enemies":"Cultist and Chosen","floor":28,"turns":4},{"damage":5,"enemies":"Centurion and Healer","floor":31,"turns":3},{"damage":35,"enemies":"Collector","floor":33,"turns":11},{"damage":7,"enemies":"3 Darklings","floor":35,"turns":3},{"damage":0,"enemies":"Mind Bloom Boss Battle","floor":36,"turns":5},{"damage":19,"enemies":"2 Orb Walkers","floor":38,"turns":3},{"damage":0,"enemies":"Nemesis","floor":40,"turns":15},{"damage":0,"enemies":"Orb Walker","floor":41,"turns":2},{"damage":0,"enemies":"Writhing Mass","floor":45,"turns":5},{"damage":0,"enemies":"Jaw Worm Horde","floor":47,"turns":2},{"damage":0,"enemies":"Donu and Deca","floor":50,"turns":8}],"seed_played":"6362813951799133966","potions_obtained":[{"floor":4,"key":"Explosive Potion"},{"floor":6,"key":"GamblersBrew"},{"floor":8,"key":"Weak Potion"},{"floor":11,"key":"EssenceOfSteel"},{"floor":14,"key":"Block Potion"},{"floor":21,"key":"Explosive Potion"},{"floor":24,"key":"Fire Potion"},{"floor":25,"key":"SteroidPotion"},{"floor":33,"key":"FearPotion"}],"is_trial":false,"path_per_floor":["M","M","?","M","?","E","M","M","T","R","M","R","M","E","R","B",null,"M","$","?","M","M","R","M","M","T","E","M","R","?","M","R","B",null,"M","?","?","?","T","E","M","?","T","R","M","R","M","$","R","B",null],"character_chosen":"DEFECT","items_purchased":["Runic Capacitor","Oddly Smooth Stone","OrangePellets"],"campfire_rested":5,"item_purchase_floors":[19,48,48],"current_hp_per_floor":[66,66,54,54,54,36,21,21,21,43,42,42,42,31,53,38,66,54,54,54,45,45,45,35,31,31,15,15,37,37,32,54,19,61,54,54,54,35,35,35,35,35,45,45,45,45,45,45,70,70],"gold":245,"neow_bonus":"ONE_RANDOM_RARE_CARD","is_prod":false,"is_daily":false,"chose_seed":false,"campfire_upgraded":4,"win_rate":0,"timestamp":1550368034,"path_taken":["M","M","?","M","?","E","?","M","T","R","M","R","M","E","R","BOSS","M","$","?","M","M","R","M","M","T","E","M","R","?","M","R","BOSS","M","?","?","?","?","E","?","?","T","R","M","R","M","$","R","BOSS"],"build_version":"2019-01-23","purchased_purges":2,"victory":true,"max_hp_per_floor":[75,75,75,75,75,75,75,75,75,75,75,75,75,75,75,75,75,75,75,75,75,75,75,75,75,75,75,75,75,75,75,75,75,75,75,75,75,75,75,75,75,75,85,85,85,85,85,85,85,85],"card_choices":[{"not_picked":["Barrage","White Noise"],"picked":"Auto Shields","floor":1},{"not_picked":["Stack","Reprogram"],"picked":"Sweeping Beam","floor":2},{"not_picked":["Steam Power","Go for the Eyes"],"picked":"Coolheaded","floor":4},{"not_picked":["Lockon","Beam Cell"],"picked":"Doom and Gloom","floor":6},{"not_picked":["Rebound","Hologram","Auto Shields"],"picked":"SKIP","floor":7},{"not_picked":["Compile Driver","Hyperbeam","Steam"],"picked":"SKIP","floor":8},{"not_picked":["Reinforced Body","Storm"],"picked":"Consume","floor":11},{"not_picked":["Hologram","Gash"],"picked":"Leap","floor":13},{"not_picked":["Fission","Chaos","Go for the Eyes"],"picked":"SKIP","floor":14},{"not_picked":["Auto Shields","Streamline"],"picked":"Ball Lightning","floor":15},{"not_picked":["Seek","All For One"],"picked":"Biased Cognition","floor":16},{"not_picked":["Cold Snap+1","Go for the Eyes"],"picked":"BootSequence+1","floor":18},{"not_picked":["Chaos+1","Consume"],"picked":"Conserve Battery","floor":21},{"not_picked":["Leap","Rebound"],"picked":"Lockon+1","floor":22},{"not_picked":["Hello World","Ball Lightning"],"picked":"Static Discharge","floor":24},{"not_picked":["Stack","Lockon","Hello World"],"picked":"SKIP","floor":25},{"not_picked":["Reinforced Body+1","Consume"],"picked":"Glacier","floor":27},{"not_picked":["Sunder","Steam Power","Go for the Eyes"],"picked":"SKIP","floor":28},{"not_picked":["BootSequence","Ball Lightning+1"],"picked":"Coolheaded","floor":29},{"not_picked":["Lockon","Steam","Go for the Eyes"],"picked":"SKIP","floor":31},{"not_picked":["Seek","Rainbow"],"picked":"Buffer","floor":33},{"not_picked":["Auto Shields","Rip and Tear"],"picked":"Cold Snap+1","floor":35},{"not_picked":["Gash+1","Lockon+1"],"picked":"Defragment","floor":36},{"not_picked":["Streamline","Leap"],"picked":"Coolheaded+1","floor":38},{"not_picked":["Hologram+1","Conserve Battery","Beam Cell"],"picked":"SKIP","floor":40},{"not_picked":["Steam+1","Beam Cell+1"],"picked":"Barrage+1","floor":41},{"not_picked":["Turbo+1","Gash","Auto Shields+1"],"picked":"SKIP","floor":45},{"not_picked":["Doom and Gloom","Coolheaded"],"picked":"Defragment","floor":47},{"not_picked":["Compile Driver","Ball Lightning"],"picked":"Biased Cognition","floor":49}],"player_experience":264148,"relics_obtained":[{"floor":6,"key":"Incense Burner"},{"floor":9,"key":"Gremlin Horn"},{"floor":14,"key":"Dream Catcher"},{"floor":26,"key":"Bottled Tornado"},{"floor":27,"key":"Art of War"},{"floor":36,"key":"FossilizedHelix"},{"floor":38,"key":"Girya"},{"floor":39,"key":"Du-Vu Doll"},{"floor":40,"key":"Matryoshka"},{"floor":43,"key":"Kunai"},{"floor":43,"key":"Pear"}],"event_choices":[{"damage_healed":0,"gold_gain":0,"player_choice":"Success","damage_taken":12,"relics_obtained":["Bronze Scales"],"max_hp_gain":0,"max_hp_loss":0,"event_name":"Scrap Ooze","floor":3,"gold_loss":0},{"damage_healed":0,"gold_gain":0,"player_choice":"Take Wound","damage_taken":0,"relics_obtained":["Golden Idol"],"max_hp_gain":0,"max_hp_loss":0,"event_name":"Golden Idol","floor":5,"gold_loss":0,"cards_obtained":["Injury"]},{"damage_healed":0,"gold_gain":0,"player_choice":"Read","damage_taken":0,"max_hp_gain":0,"max_hp_loss":0,"event_name":"The Library","floor":20,"gold_loss":0,"cards_obtained":["Glacier"]},{"cards_removed":["Strike_B"],"damage_healed":0,"gold_gain":0,"player_choice":"Upgrade and Remove","damage_taken":0,"max_hp_gain":0,"max_hp_loss":0,"event_name":"Designer","floor":30,"gold_loss":90,"cards_upgraded":["Glacier"]},{"damage_healed":0,"gold_gain":0,"player_choice":"Fight","damage_taken":0,"max_hp_gain":0,"max_hp_loss":0,"event_name":"MindBloom","floor":36,"gold_loss":0},{"damage_healed":0,"gold_gain":0,"player_choice":"Ignored","damage_taken":0,"max_hp_gain":0,"max_hp_loss":0,"event_name":"Tomb of Lord Red Mask","floor":37,"gold_loss":0},{"damage_healed":0,"gold_gain":0,"player_choice":"Fight","damage_taken":0,"max_hp_gain":0,"max_hp_loss":0,"event_name":"Mysterious Sphere","floor":38,"gold_loss":0},{"damage_healed":0,"gold_gain":0,"player_choice":"Copied","damage_taken":0,"max_hp_gain":0,"max_hp_loss":0,"event_name":"Duplicator","floor":42,"gold_loss":0,"cards_obtained":["Biased Cognition"]}],"is_beta":false,"boss_relics":[{"not_picked":["Coffee Dripper","Calling Bell"],"picked":"Nuclear Battery"},{"not_picked":["Runic Pyramid","Tiny House"],"picked":"Sozu"}],"items_purged_floors":[19,48],"is_endless":false,"potions_floor_spawned":[4,6,8,11,14,21,24,25,33,35,38,40,45,47],"ascension_level":9}