{"gold_per_floor":[110,121,132,145,158,189,189,224,247,212,212,212,244,259,259,259],"floor_reached":16,"playtime":929,"items_purged":[],"score":134,"play_id":"9857dcfa-59a5-4a90-910a-730516cb4208","local_time":"20190602020210","is_ascension_mode":true,"campfire_choices":[{"floor":7,"key":"REST"},{"floor":11,"key":"REST"},{"floor":15,"key":"REST"}],"neow_cost":"NONE","seed_source_timestamp":539626555592934,"circlet_count":0,"master_deck":["Defend_G","Defend_G","Defend_G","Defend_G+1","Defend_G","Strike_G","Strike_G","Strike_G","Strike_G","Strike_G","Survivor+1","Neutralize","Outmaneuver","Flying Knee","Underhanded Strike","Calculated Gamble","Poisoned Stab+1","Well Laid Plans"],"relics":["Ring of the Snake","NeowsBlessing","Gambling Chip","Boot","War Paint","Pen Nib"],"potions_floor_usage":[5,6,8],"damage_taken":[{"damage":0,"enemies":"Small Slimes","floor":1,"turns":1},{"damage":0,"enemies":"Jaw Worm","floor":2,"turns":1},{"damage":0,"enemies":"Cultist","floor":3,"turns":1},{"damage":3,"enemies":"Blue Slaver","floor":4,"turns":6},{"damage":10,"enemies":"2 Fungi Beasts","floor":5,"turns":3},{"damage":30,"enemies":"Lagavulin","floor":6,"turns":8},{"damage":33,"enemies":"3 Sentries","floor":8,"turns":13},{"damage":37,"enemies":"Lagavulin","floor":13,"turns":7},{"damage":11,"enemies":"Gremlin Gang","floor":14,"turns":5},{"damage":27,"enemies":"Hexaghost","floor":16,"turns":12}],"seed_played":"3854507193168479462","potions_obtained":[{"floor":3,"key":"PowerPotion"},{"floor":5,"key":"Poison Potion"},{"floor":6,"key":"Swift Potion"}],"is_trial":false,"path_per_floor":["M","M","M","M","M","E","R","E","T","?","R","?","E","M","R","B"],"character_chosen":"THE_SILENT","items_purchased":[],"campfire_rested":3,"item_purchase_floors":[],"current_hp_per_floor":[70,70,70,67,57,27,48,15,15,32,53,53,16,5,26,0],"gold":259,"neow_bonus":"THREE_ENEMY_KILL","is_prod":false,"is_daily":false,"chose_seed":false,"campfire_upgraded":0,"win_rate":0,"timestamp":1559466130,"path_taken":["M","M","M","M","M","E","R","E","T","?","R","?","E","M","R","BOSS"],"build_version":"2019-01-23","purchased_purges":0,"victory":false,"max_hp_per_floor":[70,70,70,70,70,70,70,70,70,70,70,70,70,70,70,70],"card_choices":[{"not_picked":["Cloak And Dagger","Underhanded Strike"],"picked":"Outmaneuver","floor":1},{"not_picked":["Blur","PiercingWail"],"picked":"Flying Knee","floor":2},{"not_picked":["Storm of Steel","Dagger Throw","Cloak And Dagger"],"picked":"SKIP","floor":3},{"not_picked":["Deadly Poison","Backflip"],"picked":"Underhanded Strike","floor":4},{"not_picked":["Dash","Deflect","Dagger Throw"],"picked":"SKIP","floor":5},{"not_picked":["Outmaneuver","PiercingWail"],"picked":"Calculated Gamble","floor":6},{"not_picked":["Dodge and Roll","Venomology"],"picked":"Poisoned Stab","floor":8},{"not_picked":["Dodge and Roll","Storm of Steel"],"picked":"Well Laid Plans","floor":13},{"not_picked":["Sucker Punch","Acrobatics","PiercingWail"],"picked":"SKIP","floor":14}],"player_experience":265193,"relics_obtained":[{"floor":6,"key":"Gambling Chip"},{"floor":8,"key":"Boot"},{"floor":9,"key":"War Paint"},{"floor":13,"key":"Pen Nib"}],"event_choices":[{"damage_healed":17,"gold_gain":0,"player_choice":"Healed","damage_taken":0,"max_hp_gain":0,"max_hp_loss":0,"event_name":"The Cleric","floor":10,"gold_loss":35},{"damage_healed":0,"gold_gain":0,"player_choice":"Forge","damage_taken":0,"max_hp_gain":0,"max_hp_loss":0,"event_name":"Accursed Blacksmith","floor":12,"gold_loss":0,"cards_upgraded":["Poisoned Stab"]}],"is_beta":false,"boss_relics":[],"items_purged_floors":[],"is_endless":false,"potions_floor_spawned":[3,5,6],"killed_by":"Hexaghost","ascension_level":2}