{"gold_per_floor":[11,11,11,24,24,58,58,58,58,58,58,74,89,109,109,187,187,197,247,259,279,13,13,45,45,45,45,45,45,45,55,55,55],"floor_reached":33,"playtime":1138,"items_purged":[],"score":595,"play_id":"8b9baec6-5498-4eb9-be6a-f639db01b34e","local_time":"20190619200200","is_ascension_mode":true,"campfire_choices":[{"floor":7,"key":"REST"},{"data":"Melter","floor":11,"key":"SMITH"},{"data":"Darkness","floor":15,"key":"SMITH"},{"floor":23,"key":"REST"},{"floor":25,"key":"REST"},{"data":"Electrodynamics","floor":30,"key":"SMITH"},{"data":"Rebound","floor":32,"key":"SMITH"}],"neow_cost":"NO_GOLD","seed_source_timestamp":593914307291806,"circlet_count":0,"master_deck":["AscendersBane","Strike_B","Strike_B","Strike_B","Defend_B","Defend_B","Defend_B","Zap","Dualcast+1","Buffer+1","Reinforced Body+1","Sweeping Beam+1","Melter+1","Streamline","Darkness+1","Electrodynamics+1","Melter+1","Go for the Eyes+1","Ball Lightning+1","BootSequence","Leap+1","Rebound+1"],"relics":["Cracked Core","Bag of Preparation","Lantern","Kunai","Astrolabe","Toxic Egg 2","Turnip","Frozen Egg 2","Mummified Hand"],"potions_floor_usage":[6,14,18,21,24,33],"damage_taken":[{"damage":0,"enemies":"Small Slimes","floor":1,"turns":4},{"damage":0,"enemies":"Jaw Worm","floor":4,"turns":3},{"damage":15,"enemies":"3 Sentries","floor":6,"turns":10},{"damage":0,"enemies":"2 Louse","floor":12,"turns":2},{"damage":0,"enemies":"Lots of Slimes","floor":13,"turns":1},{"damage":0,"enemies":"Large Slime","floor":14,"turns":5},{"damage":0,"enemies":"Slime Boss","floor":16,"turns":6},{"damage":15,"enemies":"3 Byrds","floor":18,"turns":4},{"damage":0,"enemies":"Spheric Guardian","floor":20,"turns":1},{"damage":0,"enemies":"Snake Plant","floor":21,"turns":4},{"damage":53,"enemies":"Slavers","floor":24,"turns":5},{"damage":0,"enemies":"Sentry and Sphere","floor":31,"turns":3},{"damage":52,"enemies":"Champ","floor":33,"turns":12}],"seed_played":"7480956314053193577","potions_obtained":[{"floor":1,"key":"EssenceOfSteel"},{"floor":6,"key":"Dexterity Potion"},{"floor":16,"key":"FocusPotion"},{"floor":18,"key":"SkillPotion"},{"floor":21,"key":"Regen Potion"},{"floor":31,"key":"Fire Potion"}],"is_trial":false,"path_per_floor":["M","?","?","M","?","E","R","?","T","?","R","M","M","M","R","B",null,"M","?","M","M","$","R","E","R","T","$","?","T","R","M","R","B"],"character_chosen":"DEFECT","items_purchased":["Toxic Egg 2"],"campfire_rested":3,"item_purchase_floors":[22],"current_hp_per_floor":[64,29,52,52,31,16,37,37,37,37,37,37,37,37,37,37,63,48,41,41,41,41,62,23,44,44,44,44,44,44,44,44,0],"gold":55,"neow_bonus":"THREE_RARE_CARDS","is_prod":false,"is_daily":false,"chose_seed":false,"campfire_upgraded":4,"win_rate":0,"timestamp":1560999720,"path_taken":["M","?","?","M","?","E","R","?","T","?","R","?","M","M","R","BOSS","M","?","M","M","$","R","E","R","T","?","?","?","R","M","R","BOSS"],"build_version":"2019-01-23","purchased_purges":0,"victory":false,"max_hp_per_floor":[71,71,71,71,71,71,71,71,71,71,71,71,71,71,71,71,71,71,71,71,71,71,71,71,71,71,71,71,71,71,71,71,71],"card_choices":[{"not_picked":["Amplify","All For One"],"picked":"Buffer","floor":0},{"not_picked":["Aggregate","Turbo"],"picked":"Reinforced Body","floor":1},{"not_picked":["Compile Driver","Turbo"],"picked":"Sweeping Beam","floor":4},{"not_picked":["Tempest","Recycle"],"picked":"Melter","floor":6},{"not_picked":["Multi-Cast","Turbo"],"picked":"Streamline","floor":12},{"not_picked":["Rebound","Beam Cell"],"picked":"Hologram","floor":13},{"not_picked":["Redo","Streamline"],"picked":"Darkness","floor":14},{"not_picked":["Hyperbeam","All For One"],"picked":"Electrodynamics","floor":16},{"not_picked":["Streamline","Reprogram","Force Field"],"picked":"SKIP","floor":18},{"not_picked":["Gash","Ball Lightning","Tempest"],"picked":"SKIP","floor":20},{"not_picked":["Beam Cell","Coolheaded"],"picked":"BootSequence","floor":21},{"not_picked":["Compile Driver","Cold Snap"],"picked":"Leap+1","floor":24},{"not_picked":["Conserve Battery+1","Turbo+1"],"picked":"Rebound","floor":31}],"player_experience":1042537,"relics_obtained":[{"floor":6,"key":"Lantern"},{"floor":9,"key":"Kunai"},{"floor":24,"key":"Turnip"},{"floor":26,"key":"Frozen Egg 2"},{"floor":29,"key":"Mummified Hand"}],"event_choices":[{"damage_healed":0,"gold_gain":0,"player_choice":"Success","damage_taken":35,"relics_obtained":["Bag of Preparation"],"max_hp_gain":0,"max_hp_loss":0,"event_name":"Scrap Ooze","floor":2,"gold_loss":0},{"damage_healed":23,"gold_gain":0,"player_choice":"Banana","damage_taken":0,"max_hp_gain":0,"max_hp_loss":0,"event_name":"Big Fish","floor":3,"gold_loss":0},{"damage_healed":0,"gold_gain":0,"player_choice":"Entered Light","damage_taken":21,"max_hp_gain":0,"max_hp_loss":0,"event_name":"Shining Light","floor":5,"gold_loss":0,"cards_upgraded":["Buffer","Dualcast"]},{"damage_healed":0,"gold_gain":0,"player_choice":"Grow","damage_taken":0,"max_hp_gain":0,"max_hp_loss":0,"event_name":"Living Wall","floor":8,"gold_loss":0,"cards_upgraded":["Reinforced Body"]},{"damage_healed":0,"gold_gain":0,"player_choice":"Upgraded","damage_taken":0,"max_hp_gain":0,"max_hp_loss":0,"event_name":"Upgrade Shrine","floor":10,"gold_loss":0,"cards_upgraded":["Sweeping Beam"]},{"damage_healed":0,"gold_gain":50,"player_choice":"Touch","damage_taken":7,"max_hp_gain":0,"max_hp_loss":0,"event_name":"FaceTrader","floor":19,"gold_loss":0},{"damage_healed":0,"gold_gain":0,"player_choice":"Ignored","damage_taken":0,"max_hp_gain":0,"max_hp_loss":0,"event_name":"Beggar","floor":28,"gold_loss":0}],"is_beta":false,"boss_relics":[{"not_picked":["Busted Crown","White Beast Statue"],"picked":"Astrolabe"}],"items_purged_floors":[],"is_endless":false,"potions_floor_spawned":[1,6,16,18,21,31],"killed_by":"Champ","ascension_level":18}