{"gold_per_floor":[16,34,52,68,68,68,86,99,99,99,110,138,138,288,288,361,361,375,395,395],"floor_reached":20,"playtime":832,"items_purged":[],"score":338,"play_id":"85b79ef2-d84b-431b-93ef-8d59b645ce05","local_time":"20190615170833","is_ascension_mode":true,"campfire_choices":[{"data":"Infernal Blade","floor":6,"key":"SMITH"},{"data":"Havoc","floor":10,"key":"SMITH"},{"data":"Armaments","floor":13,"key":"SMITH"},{"data":"Perfected Strike","floor":15,"key":"SMITH"}],"neow_cost":"NO_GOLD","seed_source_timestamp":238214548220406,"circlet_count":0,"master_deck":["AscendersBane","Strike_R","Strike_R","Strike_R","Strike_R","Defend_R","Defend_R","Defend_R","Bash","Perfected Strike+1","Shrug It Off","Infernal Blade+1","Armaments+1","Shrug It Off","Havoc+1","Feel No Pain","Doubt","Double Tap","Feel No Pain+1","Bludgeon+1","Blood for Blood+1","Warcry","Spot Weakness"],"relics":["Burning Blood","Unceasing Top","Mummified Hand","Art of War","Astrolabe"],"potions_floor_usage":[4,16,16,18],"damage_taken":[{"damage":17,"enemies":"Cultist","floor":1,"turns":4},{"damage":1,"enemies":"2 Louse","floor":2,"turns":3},{"damage":7,"enemies":"Jaw Worm","floor":3,"turns":2},{"damage":6,"enemies":"Looter","floor":4,"turns":2},{"damage":8,"enemies":"Blue Slaver","floor":7,"turns":4},{"damage":9,"enemies":"Red Slaver","floor":8,"turns":4},{"damage":1,"enemies":"2 Fungi Beasts","floor":11,"turns":3},{"damage":13,"enemies":"3 Sentries","floor":12,"turns":11},{"damage":26,"enemies":"Slime Boss","floor":16,"turns":10},{"damage":20,"enemies":"2 Thieves","floor":18,"turns":3},{"damage":27,"enemies":"3 Byrds","floor":19,"turns":7},{"damage":31,"enemies":"Shelled Parasite and Fungi","floor":20,"turns":1}],"seed_played":"-6962283112198968811","potions_obtained":[{"floor":2,"key":"Swift Potion"},{"floor":3,"key":"Energy Potion"},{"floor":7,"key":"SmokeBomb"},{"floor":12,"key":"PowerPotion"},{"floor":16,"key":"SteroidPotion"}],"is_trial":false,"path_per_floor":["M","M","M","M","$","R","M","M","T","R","M","E","R","?","R","B",null,"M","M","M"],"character_chosen":"IRONCLAD","items_purchased":[],"campfire_rested":0,"item_purchase_floors":[],"current_hp_per_floor":[57,62,61,61,61,61,59,56,56,56,61,54,54,54,54,34,65,51,30,0],"gold":395,"neow_bonus":"ONE_RARE_RELIC","is_prod":false,"is_daily":false,"chose_seed":false,"campfire_upgraded":4,"win_rate":0,"timestamp":1560643713,"path_taken":["M","?","M","M","$","R","M","M","T","R","M","E","R","?","R","BOSS","M","M","M"],"build_version":"2019-01-23","purchased_purges":0,"victory":false,"max_hp_per_floor":[75,75,75,75,75,75,75,75,75,75,75,75,75,75,75,75,75,75,75,75],"card_choices":[{"not_picked":["Intimidate","Inflame"],"picked":"Perfected Strike","floor":1},{"not_picked":["Thunderclap","Seeing Red"],"picked":"Shrug It Off","floor":2},{"not_picked":["Thunderclap","Havoc"],"picked":"Infernal Blade","floor":3},{"not_picked":["Clash","Uppercut"],"picked":"Armaments","floor":4},{"not_picked":["Dropkick","Headbutt"],"picked":"Shrug It Off","floor":7},{"not_picked":["Dropkick","Exhume"],"picked":"Havoc","floor":8},{"not_picked":["Carnage","Heavy Blade"],"picked":"Feel No Pain","floor":11},{"not_picked":["Sword Boomerang","Sentinel"],"picked":"Clothesline","floor":12},{"not_picked":["Feed","Offering"],"picked":"Double Tap","floor":16},{"not_picked":["Blood for Blood","Shockwave"],"picked":"Warcry","floor":18},{"not_picked":["Thunderclap+1","Entrench"],"picked":"Spot Weakness","floor":19}],"player_experience":1011518,"relics_obtained":[{"floor":9,"key":"Mummified Hand"},{"floor":12,"key":"Art of War"}],"event_choices":[{"damage_healed":0,"gold_gain":150,"player_choice":"AGREE","damage_taken":0,"max_hp_gain":0,"max_hp_loss":0,"event_name":"Liars Game","floor":14,"gold_loss":0,"cards_obtained":["Doubt"]}],"is_beta":false,"boss_relics":[{"not_picked":["Orrery","Fusion Hammer"],"picked":"Astrolabe"}],"items_purged_floors":[],"is_endless":false,"potions_floor_spawned":[2,3,7,12,16],"killed_by":"Shelled Parasite and Fungi","ascension_level":18}