{"gold_per_floor":[115,290,290,290,315,315,325,325,325,325,22,22,49,68,68,142,142,161,178,178,197,215,247,247,247,294,254,254,254],"floor_reached":29,"playtime":865,"items_purged":[],"score":436,"play_id":"c3aab0eb-2489-454b-9580-5b594084b2f4","local_time":"20190430172339","is_ascension_mode":true,"campfire_choices":[{"floor":6,"key":"REST"},{"data":"Doom and Gloom","floor":8,"key":"SMITH"},{"floor":12,"key":"RECALL"},{"data":"Sunder","floor":15,"key":"SMITH"},{"floor":25,"key":"REST"}],"neow_cost":"NONE","seed_source_timestamp":335379447634485,"circlet_count":0,"master_deck":["AscendersBane","Strike_B","Strike_B+1","Strike_B","Strike_B","Defend_B+1","Defend_B","Defend_B+1","Defend_B+1","Zap+1","Dualcast","Rip and Tear+1","Doom and Gloom+1","FTL","Conserve Battery+1","Sunder+1","Seek","Reinforced Body","Leap","Ball Lightning+1","Creative AI","Decay"],"relics":["Cracked Core","Bag of Preparation","Juzu Bracelet","War Paint","Du-Vu Doll","Nuclear Battery","Boot","Omamori","Art of War"],"potions_floor_usage":[13,13,21,23,23,29],"damage_taken":[{"damage":13,"enemies":"Small Slimes","floor":1,"turns":3},{"damage":2,"enemies":"Jaw Worm","floor":7,"turns":3},{"damage":2,"enemies":"Gremlin Nob","floor":13,"turns":3},{"damage":0,"enemies":"2 Louse","floor":14,"turns":2},{"damage":24,"enemies":"Slime Boss","floor":16,"turns":8},{"damage":3,"enemies":"Spheric Guardian","floor":18,"turns":3},{"damage":1,"enemies":"2 Thieves","floor":19,"turns":2},{"damage":27,"enemies":"Centurion and Healer","floor":21,"turns":6},{"damage":9,"enemies":"Cultist and Chosen","floor":22,"turns":5},{"damage":0,"enemies":"Slavers","floor":23,"turns":3},{"damage":48,"enemies":"Book of Stabbing","floor":29,"turns":4}],"seed_played":"1292839969002503553","potions_obtained":[{"floor":1,"key":"Fire Potion"},{"floor":16,"key":"PowerPotion"},{"floor":18,"key":"GamblersBrew"},{"floor":22,"key":"Block Potion"},{"floor":23,"key":"Strength Potion"}],"is_trial":false,"path_per_floor":["M","?","?","?","T","R","M","R","T","?","$","R","E","M","R","B",null,"M","M","?","M","M","E","?","R","T","?","?","E"],"character_chosen":"DEFECT","items_purchased":["FTL","Conserve Battery","War Paint","Fire Potion"],"campfire_rested":2,"item_purchase_floors":[11,11,11,11],"current_hp_per_floor":[55,55,40,33,33,55,53,53,53,53,53,53,51,51,51,27,63,60,59,59,32,23,23,23,45,45,45,45,0],"gold":254,"neow_bonus":"RANDOM_COMMON_RELIC","is_prod":false,"is_daily":false,"chose_seed":false,"campfire_upgraded":2,"win_rate":0,"timestamp":1556670219,"path_taken":["M","?","?","?","?","R","M","R","T","?","$","R","E","M","R","BOSS","M","M","?","M","M","E","?","R","T","?","?","E"],"build_version":"2019-01-23","purchased_purges":0,"victory":false,"max_hp_per_floor":[75,75,75,75,75,75,75,75,75,75,75,75,75,75,75,75,75,75,75,75,75,75,75,75,75,75,75,75,75],"card_choices":[{"not_picked":["Skim","Go for the Eyes"],"picked":"Rip and Tear","floor":1},{"not_picked":["Rebound","Turbo"],"picked":"Doom and Gloom","floor":7},{"not_picked":["Beam Cell","Double Energy"],"picked":"Sunder","floor":13},{"not_picked":["Genetic Algorithm","Barrage","Gash"],"picked":"SKIP","floor":14},{"not_picked":["Rainbow","Multi-Cast"],"picked":"Seek","floor":16},{"not_picked":["Go for the Eyes","Stack","Beam Cell"],"picked":"SKIP","floor":18},{"not_picked":["Undo","Fusion"],"picked":"Reinforced Body","floor":19},{"not_picked":["Scrape+1","Conserve Battery"],"picked":"Leap","floor":21},{"not_picked":["Rebound","Go for the Eyes"],"picked":"Ball Lightning+1","floor":22},{"not_picked":["Aggregate","Leap"],"picked":"Creative AI","floor":23}],"player_experience":847824,"relics_obtained":[{"floor":5,"key":"Juzu Bracelet"},{"floor":13,"key":"Du-Vu Doll"},{"floor":23,"key":"Boot"},{"floor":26,"key":"Omamori"}],"event_choices":[{"damage_healed":0,"gold_gain":175,"player_choice":"AGREE","damage_taken":0,"max_hp_gain":0,"max_hp_loss":0,"event_name":"Liars Game","floor":2,"gold_loss":0,"cards_obtained":["Doubt"]},{"damage_healed":0,"gold_gain":0,"player_choice":"Entered Light","damage_taken":15,"max_hp_gain":0,"max_hp_loss":0,"event_name":"Shining Light","floor":3,"gold_loss":0,"cards_upgraded":["Defend_B","Defend_B"]},{"cards_removed":["Doubt"],"damage_healed":0,"gold_gain":0,"player_choice":"Card Removal","damage_taken":7,"max_hp_gain":0,"max_hp_loss":0,"event_name":"Golden Wing","floor":4,"gold_loss":0},{"damage_healed":0,"gold_gain":0,"player_choice":"Grow","damage_taken":0,"max_hp_gain":0,"max_hp_loss":0,"event_name":"Living Wall","floor":10,"gold_loss":0,"cards_upgraded":["Rip and Tear"]},{"damage_healed":0,"gold_gain":0,"player_choice":"Ignored","damage_taken":0,"max_hp_gain":0,"max_hp_loss":0,"event_name":"Ghosts","floor":20,"gold_loss":0},{"damage_healed":0,"gold_gain":0,"player_choice":"Smashed Altar","damage_taken":0,"max_hp_gain":0,"max_hp_loss":0,"event_name":"Forgotten Altar","floor":24,"gold_loss":0,"cards_obtained":["Decay"]},{"damage_healed":0,"gold_gain":0,"player_choice":"Upgraded Two","damage_taken":0,"max_hp_gain":0,"max_hp_loss":0,"event_name":"Designer","floor":27,"gold_loss":40,"cards_upgraded":["Strike_B","Zap"]},{"damage_healed":0,"gold_gain":0,"player_choice":"Opened","damage_taken":0,"relics_obtained":["Art of War"],"max_hp_gain":0,"max_hp_loss":0,"event_name":"The Mausoleum","floor":28,"gold_loss":0,"cards_obtained":["Writhe"]}],"is_beta":false,"boss_relics":[{"not_picked":["Calling Bell","Eternal Feather"],"picked":"Nuclear Battery"}],"items_purged_floors":[],"is_endless":false,"potions_floor_spawned":[1,16,18,22,23],"killed_by":"Book of Stabbing","ascension_level":13}