{"gold_per_floor":[118,39,39,57,57,98,110,153,189,224,236,291,303,331,343,355],"floor_reached":16,"playtime":714,"items_purged":["Strike_G"],"score":218,"play_id":"63cf679c-23bc-4245-baa0-8752df2de4e6","local_time":"20190521222456","is_ascension_mode":true,"campfire_choices":[{"floor":7,"key":"REST"},{"floor":11,"key":"REST"},{"floor":13,"key":"REST"},{"data":"Leg Sweep","floor":15,"key":"SMITH"}],"neow_cost":"NONE","seed_source_timestamp":364155259833668,"circlet_count":0,"master_deck":["AscendersBane","Defend_G","Defend_G","Defend_G","Defend_G","Defend_G","Strike_G","Strike_G","Strike_G","Strike_G","Survivor","Neutralize","Dash","Dagger Spray","Poisoned Stab","Well Laid Plans","Leg Sweep+1","Tools of the Trade+1","Cloak And Dagger"],"relics":["Ring of the Snake","Smiling Mask","Golden Idol","MawBank","Frozen Egg 2","Oddly Smooth Stone","Orichalcum"],"potions_floor_usage":[8,12],"damage_taken":[{"damage":2,"enemies":"Small Slimes","floor":1,"turns":3},{"damage":7,"enemies":"Jaw Worm","floor":4,"turns":4},{"damage":34,"enemies":"Gremlin Nob","floor":6,"turns":5},{"damage":20,"enemies":"3 Sentries","floor":8,"turns":7},{"damage":0,"enemies":"2 Louse","floor":10,"turns":4},{"damage":27,"enemies":"Gremlin Nob","floor":12,"turns":6},{"damage":3,"enemies":"Exordium Thugs","floor":14,"turns":5},{"damage":21,"enemies":"Hexaghost","floor":16,"turns":16}],"seed_played":"690081379610492507","potions_obtained":[{"floor":6,"key":"Strength Potion"},{"floor":10,"key":"SteroidPotion"},{"floor":14,"key":"GhostInAJar"}],"is_trial":false,"path_per_floor":["M","$","?","M","?","E","R","E","T","M","R","E","R","M","R","B"],"character_chosen":"THE_SILENT","items_purchased":["Dagger Spray"],"campfire_rested":3,"item_purchase_floors":[2],"current_hp_per_floor":[57,57,57,50,50,16,34,14,14,14,32,5,23,20,20,0],"gold":355,"neow_bonus":"RANDOM_COMMON_RELIC","is_prod":false,"is_daily":false,"chose_seed":false,"campfire_upgraded":1,"win_rate":0,"timestamp":1558491896,"path_taken":["M","$","?","M","?","E","R","E","T","M","R","E","R","M","R","BOSS"],"build_version":"2019-01-23","purchased_purges":1,"victory":false,"max_hp_per_floor":[66,66,66,66,60,60,60,60,60,60,60,60,60,60,60,60],"card_choices":[{"not_picked":["Backflip","Expertise"],"picked":"Dash","floor":1},{"not_picked":["Deflect","Crippling Poison"],"picked":"Poisoned Stab","floor":4},{"not_picked":["Blade Dance","Eviscerate"],"picked":"Well Laid Plans","floor":6},{"not_picked":["PiercingWail","Accuracy","All Out Attack"],"picked":"SKIP","floor":8},{"not_picked":["Reflex","Terror"],"picked":"Leg Sweep","floor":10},{"not_picked":["Dodge and Roll","Slice"],"picked":"Tools of the Trade+1","floor":12},{"not_picked":["Blade Dance","Dagger Spray"],"picked":"Cloak And Dagger","floor":14}],"player_experience":738753,"relics_obtained":[{"floor":6,"key":"MawBank"},{"floor":8,"key":"Frozen Egg 2"},{"floor":9,"key":"Oddly Smooth Stone"},{"floor":12,"key":"Orichalcum"}],"event_choices":[{"damage_healed":0,"gold_gain":0,"player_choice":"Ignored","damage_taken":0,"max_hp_gain":0,"max_hp_loss":0,"event_name":"Shining Light","floor":3,"gold_loss":0},{"damage_healed":0,"gold_gain":0,"player_choice":"Lose Max HP","damage_taken":0,"relics_obtained":["Golden Idol"],"max_hp_gain":0,"max_hp_loss":6,"event_name":"Golden Idol","floor":5,"gold_loss":0}],"is_beta":false,"boss_relics":[],"items_purged_floors":[2],"is_endless":false,"potions_floor_spawned":[6,10,14],"killed_by":"Hexaghost","ascension_level":17}