{"gold_per_floor":[112,187,337,347,347,347,347,347,374,417,486,499,526,545,545,635,635,659,675,689,390,409,409,409],"floor_reached":24,"playtime":670,"items_purged":["Doubt"],"score":398,"play_id":"3a769405-0fcb-4f3c-9148-f7aa01b3a2f3","local_time":"20190601165753","is_ascension_mode":true,"campfire_choices":[{"data":"Sunder","floor":6,"key":"SMITH"},{"data":"Zap","floor":8,"key":"SMITH"},{"floor":15,"key":"REST"},{"floor":23,"key":"REST"}],"neow_cost":"NONE","seed_source_timestamp":5657477916255,"circlet_count":0,"master_deck":["AscendersBane","Strike_B","Strike_B","Strike_B","Strike_B","Defend_B","Defend_B","Defend_B","Defend_B","Zap+1","Dualcast","Sunder+1","Rebound","Doom and Gloom","Coolheaded","Self Repair","Creative AI","Conserve Battery","FTL","Leap","Glacier"],"relics":["Cracked Core","NeowsBlessing","Golden Idol","Question Card","Strawberry","Incense Burner","Pen Nib","Sozu","Bronze Scales"],"potions_floor_usage":[14],"damage_taken":[{"damage":0,"enemies":"2 Louse","floor":1,"turns":1},{"damage":0,"enemies":"Jaw Worm","floor":4,"turns":1},{"damage":0,"enemies":"Lagavulin","floor":10,"turns":1},{"damage":5,"enemies":"Small Slimes","floor":12,"turns":3},{"damage":0,"enemies":"2 Fungi Beasts","floor":14,"turns":1},{"damage":35,"enemies":"The Guardian","floor":16,"turns":11},{"damage":0,"enemies":"Spheric Guardian","floor":18,"turns":2},{"damage":19,"enemies":"2 Thieves","floor":19,"turns":5},{"damage":35,"enemies":"Shelled Parasite and Fungi","floor":20,"turns":6},{"damage":4,"enemies":"3 Cultists","floor":22,"turns":5},{"damage":47,"enemies":"Book of Stabbing","floor":24,"turns":6}],"seed_played":"-5873803219766162694","potions_obtained":[{"floor":10,"key":"AttackPotion"},{"floor":14,"key":"SteroidPotion"}],"is_trial":false,"path_per_floor":["M","?","?","M","?","R","?","R","T","E","?","M","T","M","R","B",null,"M","M","M","$","M","R","E"],"character_chosen":"DEFECT","items_purchased":["Leap","Bronze Scales"],"campfire_rested":2,"item_purchase_floors":[21,21],"current_hp_per_floor":[64,53,53,53,53,53,35,35,42,42,42,37,37,37,58,30,61,61,49,21,21,24,45,0],"gold":409,"neow_bonus":"THREE_ENEMY_KILL","is_prod":false,"is_daily":false,"chose_seed":false,"campfire_upgraded":2,"win_rate":0,"timestamp":1559433473,"path_taken":["M","?","?","M","?","R","?","R","T","E","?","M","?","M","R","BOSS","M","M","M","$","M","R","E"],"build_version":"2019-01-23","purchased_purges":1,"victory":false,"max_hp_per_floor":[71,71,71,71,64,64,64,64,71,71,71,71,71,71,71,71,71,71,71,71,71,71,71,71],"card_choices":[{"not_picked":["Coolheaded","Turbo"],"picked":"Sunder","floor":1},{"not_picked":["Recycle","Steam"],"picked":"Rebound","floor":4},{"not_picked":["Biased Cognition","Static Discharge","Gash"],"picked":"Doom and Gloom","floor":10},{"not_picked":["White Noise","Rebound","Compile Driver"],"picked":"Coolheaded","floor":12},{"not_picked":["Turbo","FTL","Cold Snap"],"picked":"Self Repair","floor":14},{"not_picked":["Seek","Rainbow","Biased Cognition"],"picked":"Creative AI","floor":16},{"not_picked":["Loop","Barrage","Undo+1"],"picked":"Conserve Battery","floor":18},{"not_picked":["Gash","Fusion","Sweeping Beam"],"picked":"FTL","floor":19},{"not_picked":["Hello World","Scrape","Go for the Eyes","Coolheaded"],"picked":"SKIP","floor":20},{"not_picked":["FTL","Creative AI","Leap"],"picked":"Glacier","floor":22}],"player_experience":934536,"relics_obtained":[{"floor":9,"key":"Strawberry"},{"floor":10,"key":"Incense Burner"},{"floor":13,"key":"Pen Nib"}],"event_choices":[{"damage_healed":0,"gold_gain":75,"player_choice":"Gather Gold","damage_taken":11,"max_hp_gain":0,"max_hp_loss":0,"event_name":"World of Goop","floor":2,"gold_loss":0},{"damage_healed":0,"gold_gain":150,"player_choice":"AGREE","damage_taken":0,"max_hp_gain":0,"max_hp_loss":0,"event_name":"Liars Game","floor":3,"gold_loss":0,"cards_obtained":["Doubt"]},{"damage_healed":0,"gold_gain":0,"player_choice":"Lose Max HP","damage_taken":0,"relics_obtained":["Golden Idol"],"max_hp_gain":0,"max_hp_loss":7,"event_name":"Golden Idol","floor":5,"gold_loss":0},{"damage_healed":0,"gold_gain":0,"player_choice":"Success","damage_taken":18,"relics_obtained":["Question Card"],"max_hp_gain":0,"max_hp_loss":0,"event_name":"Scrap Ooze","floor":7,"gold_loss":0},{"damage_healed":0,"gold_gain":69,"player_choice":"Gained Gold","damage_taken":0,"max_hp_gain":0,"max_hp_loss":0,"event_name":"Golden Wing","floor":11,"gold_loss":0}],"is_beta":false,"boss_relics":[{"not_picked":["Orrery","Philosopher\u0027s Stone"],"picked":"Sozu"}],"items_purged_floors":[21],"is_endless":false,"potions_floor_spawned":[10,14,19,22],"killed_by":"Book of Stabbing","ascension_level":16}