{"gold_per_floor":[112,132,16,26,101,101,117,151,151,151,116,128,141,172,172,274,274,293,320,336,336,59,59,72,72,72,72,86,102,102,118,118,214,214,226,226,2,15,15,15,26,26,96,9,20,20,20,30,30,30],"floor_reached":50,"playtime":2266,"items_purged":["Twin Strike"],"score":726,"play_id":"d601d727-fb96-4faa-a4d5-8a19614afe60","local_time":"20190314200703","is_ascension_mode":true,"campfire_choices":[{"data":"Rampage","floor":6,"key":"SMITH"},{"floor":15,"key":"REST"},{"data":"Double Tap","floor":23,"key":"SMITH"},{"floor":25,"key":"REST"},{"data":"Armaments","floor":27,"key":"SMITH"},{"data":"Entrench","floor":30,"key":"SMITH"},{"floor":32,"key":"REST"},{"floor":40,"key":"REST"},{"floor":42,"key":"REST"},{"floor":49,"key":"REST"}],"neow_cost":"NONE","seed_source_timestamp":2330674137985098,"circlet_count":0,"master_deck":["AscendersBane","Bash","Disarm","Whirlwind","Rampage+1","Armaments+1","Shrug It Off","Carnage","Shrug It Off","Thunderclap","Double Tap+1","Seeing Red","Bludgeon","Bludgeon","Havoc","Whirlwind","Clothesline","Entrench+1","Ghostly Armor","Ghostly Armor","True Grit","Anger","Exhume","Reaper","Shrug It Off","Armaments","Feel No Pain","Iron Wave+1"],"relics":["Burning Blood","NeowsBlessing","Shuriken","Ornamental Fan","Bottled Flame","Matryoshka","Pandora\u0027s Box","Kunai","Omamori","Question Card","Chemical X","Ancient Tea Set","Pear","Fusion Hammer","Molten Egg 2"],"potions_floor_usage":[8,14,16,33,33,48,48],"damage_taken":[{"damage":0,"enemies":"Cultist","floor":1,"turns":1},{"damage":0,"enemies":"Jaw Worm","floor":2,"turns":1},{"damage":0,"enemies":"Small Slimes","floor":4,"turns":1},{"damage":8,"enemies":"Exordium Wildlife","floor":7,"turns":6},{"damage":42,"enemies":"Gremlin Nob","floor":8,"turns":6},{"damage":2,"enemies":"Red Slaver","floor":12,"turns":5},{"damage":21,"enemies":"Exordium Thugs","floor":13,"turns":8},{"damage":16,"enemies":"Lagavulin","floor":14,"turns":7},{"damage":46,"enemies":"Slime Boss","floor":16,"turns":13},{"damage":31,"enemies":"2 Thieves","floor":18,"turns":4},{"damage":8,"enemies":"Chosen","floor":20,"turns":3},{"damage":18,"enemies":"Snecko","floor":24,"turns":3},{"damage":16,"enemies":"Snake Plant","floor":28,"turns":3},{"damage":5,"enemies":"Centurion and Healer","floor":29,"turns":2},{"damage":6,"enemies":"Snecko","floor":31,"turns":3},{"damage":68,"enemies":"Automaton","floor":33,"turns":12},{"damage":6,"enemies":"Orb Walker","floor":35,"turns":4},{"damage":33,"enemies":"3 Shapes","floor":38,"turns":7},{"damage":20,"enemies":"Jaw Worm Horde","floor":41,"turns":3},{"damage":61,"enemies":"Transient","floor":45,"turns":5},{"damage":34,"enemies":"Writhing Mass","floor":48,"turns":10},{"damage":43,"enemies":"Awakened One","floor":50,"turns":3}],"seed_played":"2844562040819461762","potions_obtained":[{"floor":1,"key":"Dexterity Potion"},{"floor":7,"key":"PowerPotion"},{"floor":8,"key":"PowerPotion"},{"floor":24,"key":"Explosive Potion"},{"floor":29,"key":"FearPotion"},{"floor":31,"key":"Block Potion"},{"floor":35,"key":"SpeedPotion"},{"floor":45,"key":"Fire Potion"},{"floor":48,"key":"GamblersBrew"}],"is_trial":false,"path_per_floor":["M","M","$","M","?","R","M","E","T","T","?","M","M","E","R","B",null,"M","T","M","?","$","R","M","R","T","R","M","M","R","M","R","B",null,"M","?","$","M","?","R","M","R","T","$","M","$","?","M","R","B"],"character_chosen":"IRONCLAD","items_purchased":["Rampage","Armaments","Ghostly Armor","Chemical X","Reaper","Armaments","Feel No Pain"],"campfire_rested":6,"item_purchase_floors":[3,3,22,22,37,44,44],"current_hp_per_floor":[78,80,80,80,69,69,67,31,31,31,51,55,40,30,54,14,64,39,39,37,37,37,37,25,49,59,59,49,50,50,50,77,15,71,71,71,71,52,52,79,65,90,90,90,39,39,39,15,42,0],"gold":30,"neow_bonus":"THREE_ENEMY_KILL","is_prod":false,"is_daily":false,"chose_seed":false,"campfire_upgraded":4,"win_rate":0,"timestamp":1552608423,"path_taken":["M","?","$","M","?","R","M","E","T","?","?","M","?","E","R","BOSS","M","?","?","?","$","R","M","R","T","R","M","M","R","?","R","BOSS","M","?","$","M","?","R","M","R","T","$","M","?","?","?","R","BOSS"],"build_version":"2019-01-23","purchased_purges":1,"victory":false,"max_hp_per_floor":[80,80,80,80,80,80,80,80,80,80,80,80,80,80,80,80,80,80,80,80,80,80,80,80,80,90,90,90,90,90,90,90,90,90,90,90,90,90,90,90,90,90,90,90,90,90,90,90,90,90],"card_choices":[{"not_picked":["Burning Pact","Infernal Blade"],"picked":"Disarm","floor":1},{"not_picked":["Thunderclap","Headbutt"],"picked":"Whirlwind","floor":2},{"not_picked":["Feel No Pain","Shockwave"],"picked":"Shrug It Off","floor":4},{"not_picked":["Perfected Strike","Clothesline","Infernal Blade"],"picked":"SKIP","floor":7},{"not_picked":["Cleave","Burning Pact"],"picked":"Carnage","floor":8},{"not_picked":["Flex","Evolve"],"picked":"Shrug It Off","floor":12},{"not_picked":["Havoc","Twin Strike"],"picked":"Thunderclap","floor":13},{"not_picked":["Shockwave","Body Slam","Iron Wave"],"picked":"SKIP","floor":14},{"not_picked":["Impervious","Fiend Fire"],"picked":"Double Tap","floor":16},{"not_picked":["Disarm","Spot Weakness"],"picked":"Entrench","floor":18},{"not_picked":["Infernal Blade","Cleave+1","Heavy Blade"],"picked":"SKIP","floor":20},{"not_picked":["Whirlwind","Entrench","Warcry+1","Second Wind"],"picked":"SKIP","floor":24},{"not_picked":["Sever Soul+1","Thunderclap","Disarm"],"picked":"Ghostly Armor","floor":28},{"not_picked":["Shockwave","Sentinel","Warcry"],"picked":"True Grit","floor":29},{"not_picked":["Uppercut","Perfected Strike","Shockwave"],"picked":"Anger","floor":31},{"not_picked":["Berserk","Offering","Bludgeon"],"picked":"Exhume","floor":33},{"not_picked":["Cleave","Flex","Heavy Blade"],"picked":"Clash+1","floor":35},{"not_picked":["Anger","Warcry+1","Headbutt","Rupture"],"picked":"SKIP","floor":38},{"not_picked":["Twin Strike","Havoc","Dark Embrace"],"picked":"Shrug It Off","floor":41},{"not_picked":["Sword Boomerang+1","Cleave+1","Flex"],"picked":"Iron Wave+1","floor":45},{"not_picked":["Heavy Blade+1","Twin Strike+1","Shrug It Off","Seeing Red"],"picked":"SKIP","floor":48}],"player_experience":387216,"relics_obtained":[{"floor":8,"key":"Shuriken"},{"floor":9,"key":"Ornamental Fan"},{"floor":10,"key":"Bottled Flame"},{"floor":14,"key":"Matryoshka"},{"floor":19,"key":"Kunai"},{"floor":19,"key":"Omamori"},{"floor":26,"key":"Ancient Tea Set"},{"floor":26,"key":"Pear"},{"floor":43,"key":"Molten Egg 2"}],"event_choices":[{"damage_healed":0,"gold_gain":75,"player_choice":"Gather Gold","damage_taken":11,"max_hp_gain":0,"max_hp_loss":0,"event_name":"World of Goop","floor":5,"gold_loss":0},{"damage_healed":20,"gold_gain":0,"player_choice":"Healed","damage_taken":0,"max_hp_gain":0,"max_hp_loss":0,"event_name":"The Cleric","floor":11,"gold_loss":35},{"cards_removed":["Twin Strike"],"damage_healed":0,"gold_gain":0,"player_choice":"Gave Card","damage_taken":0,"relics_obtained":["Question Card"],"max_hp_gain":0,"max_hp_loss":0,"event_name":"WeMeetAgain","floor":21,"gold_loss":0},{"damage_healed":0,"gold_gain":0,"player_choice":"Ignored","damage_taken":0,"max_hp_gain":0,"max_hp_loss":0,"event_name":"Mysterious Sphere","floor":36,"gold_loss":0},{"cards_removed":["Clash"],"damage_healed":0,"gold_gain":0,"player_choice":"Removed Attack","damage_taken":0,"max_hp_gain":0,"max_hp_loss":0,"event_name":"Falling","floor":39,"gold_loss":0},{"cards_removed":["Cleave"],"damage_healed":0,"gold_gain":0,"player_choice":"Purged","damage_taken":0,"max_hp_gain":0,"max_hp_loss":0,"event_name":"Purifier","floor":47,"gold_loss":0}],"is_beta":false,"boss_relics":[{"not_picked":["Snecko Eye","Tiny House"],"picked":"Pandora\u0027s Box"},{"not_picked":["Orrery","Runic Cube"],"picked":"Fusion Hammer"}],"items_purged_floors":[37],"is_endless":false,"potions_floor_spawned":[1,7,8,24,29,31,35,45,48],"killed_by":"Awakened One","ascension_level":12}