{"gold_per_floor":[218,238,6,6,21,21,21,21,46,76,151,151,207,225,225,299,299,310,328,328,38,38,38,63,63,63,88,88,88,103,119,119,190,190,210,1209,501,513,513],"floor_reached":39,"playtime":1298,"items_purged":["Normality"],"score":759,"play_id":"a89fbe27-43f3-413a-a386-42f4a409d903","local_time":"20190502222359","is_ascension_mode":true,"campfire_choices":[{"data":"Apotheosis","floor":6,"key":"SMITH"},{"data":"Inflame","floor":8,"key":"SMITH"},{"floor":12,"key":"REST"},{"floor":15,"key":"REST"},{"data":"Impervious","floor":23,"key":"SMITH"},{"floor":28,"key":"REST"},{"floor":32,"key":"REST"}],"neow_cost":"NONE","seed_source_timestamp":525767154981380,"circlet_count":0,"master_deck":["AscendersBane","Defend_R+1","Defend_R+1","Defend_R+1","Defend_R+1","Bash","Ghostly Armor+1","Shockwave+1","Apotheosis+1","Inflame+1","Metallicize","Carnage","Impervious+1","Heavy Blade+1","Wild Strike+1","Bite","Bite","Bite","Bite","Bite","Shrug It Off+1","Body Slam","Impervious+1","Havoc+1","Shrug It Off+1","Flex+1","Pommel Strike","Bludgeon","Twin Strike","Normality","Offering+1","Clothesline+1"],"relics":["Burning Blood","Bronze Scales","Tiny Chest","Happy Flower","Sozu","Toxic Egg 2","Smiling Mask","Prayer Wheel","War Paint","Cursed Key","Juzu Bracelet","Lee\u0027s Waffle","Lantern"],"potions_floor_usage":[5,13,24,24],"damage_taken":[{"damage":15,"enemies":"Small Slimes","floor":1,"turns":4},{"damage":0,"enemies":"Cultist","floor":2,"turns":4},{"damage":3,"enemies":"2 Louse","floor":5,"turns":2},{"damage":28,"enemies":"Lagavulin Event","floor":13,"turns":4},{"damage":3,"enemies":"Looter","floor":14,"turns":4},{"damage":9,"enemies":"The Guardian","floor":16,"turns":9},{"damage":13,"enemies":"Spheric Guardian","floor":18,"turns":4},{"damage":6,"enemies":"Chosen","floor":19,"turns":5},{"damage":63,"enemies":"Gremlin Leader","floor":24,"turns":10},{"damage":34,"enemies":"Slavers","floor":27,"turns":5},{"damage":24,"enemies":"Snake Plant","floor":30,"turns":4},{"damage":14,"enemies":"Shelled Parasite and Fungi","floor":31,"turns":3},{"damage":56,"enemies":"Champ","floor":33,"turns":12},{"damage":0,"enemies":"Orb Walker","floor":35,"turns":3},{"damage":0,"enemies":"3 Shapes","floor":38,"turns":4},{"damage":63,"enemies":"Writhing Mass","floor":39,"turns":3}],"seed_played":"-6232961210167739459","potions_obtained":[{"floor":1,"key":"FearPotion"},{"floor":2,"key":"AttackPotion"},{"floor":13,"key":"GamblersBrew"},{"floor":16,"key":"Regen Potion"}],"is_trial":false,"path_per_floor":["M","M","$","?","M","R","$","R","T","?","?","R","?","M","R","B",null,"M","M","?","$","?","R","E","?","T","E","R","?","M","M","R","B",null,"M","?","$","M","M"],"character_chosen":"IRONCLAD","items_purchased":["Apotheosis","Inflame","Toxic Egg 2","Shrug It Off+1","Juzu Bracelet","Lee\u0027s Waffle","Lantern","Offering+1"],"campfire_rested":4,"item_purchase_floors":[3,3,21,21,37,37,37,37],"current_hp_per_floor":[59,65,65,65,68,68,68,68,68,57,46,68,46,49,71,68,73,66,66,52,52,52,52,35,35,35,23,38,38,29,33,48,32,47,52,52,59,59,0],"gold":513,"neow_bonus":"HUNDRED_GOLD","is_prod":false,"is_daily":false,"chose_seed":false,"campfire_upgraded":3,"win_rate":0,"timestamp":1556861039,"path_taken":["M","M","$","?","?","R","$","R","T","?","?","R","?","M","R","BOSS","M","M","?","$","?","R","E","?","T","E","R","?","M","M","R","BOSS","M","?","$","M","M"],"build_version":"2019-01-23","purchased_purges":1,"victory":false,"max_hp_per_floor":[75,75,75,75,75,75,75,75,75,75,75,75,75,75,75,75,75,75,75,52,52,52,52,52,52,52,52,52,52,52,52,52,52,52,52,52,59,59,59],"card_choices":[{"not_picked":["Infernal Blade","Searing Blow"],"picked":"Ghostly Armor","floor":1},{"not_picked":["Body Slam","Flex"],"picked":"Shockwave","floor":2},{"not_picked":["Armaments","Intimidate","Rage"],"picked":"SKIP","floor":5},{"not_picked":["Headbutt","Havoc"],"picked":"Metallicize","floor":13},{"not_picked":["Fiend Fire","Feel No Pain"],"picked":"Carnage","floor":14},{"not_picked":["Double Tap","Brutality"],"picked":"Impervious","floor":16},{"not_picked":["Havoc","Shrug It Off"],"picked":"Heavy Blade+1","floor":18},{"not_picked":["Rage","Dual Wield+1"],"picked":"Wild Strike+1","floor":19},{"not_picked":["Wild Strike","Reckless Charge"],"picked":"Body Slam","floor":24},{"not_picked":["Armaments+1","Evolve"],"picked":"Impervious+1","floor":27},{"not_picked":["Iron Wave","Shockwave+1"],"picked":"Havoc+1","floor":30},{"not_picked":["Clothesline","Shockwave+1"],"picked":"Shrug It Off+1","floor":30},{"not_picked":["Body Slam","Warcry+1"],"picked":"Flex+1","floor":31},{"not_picked":["Wild Strike","Dual Wield+1"],"picked":"Pommel Strike","floor":31},{"not_picked":["Reaper","Dark Embrace"],"picked":"Bludgeon","floor":33},{"not_picked":["Combust+1","Cleave"],"picked":"Twin Strike","floor":35},{"not_picked":["Clash+1","Wild Strike","Perfected Strike"],"picked":"SKIP","floor":35},{"not_picked":["Warcry+1","Shockwave+1"],"picked":"Clothesline+1","floor":38},{"not_picked":["Headbutt+1","Perfected Strike","Uppercut"],"picked":"SKIP","floor":38}],"player_experience":861612,"relics_obtained":[{"floor":9,"key":"Bronze Scales"},{"floor":13,"key":"Happy Flower"},{"floor":24,"key":"Smiling Mask"},{"floor":26,"key":"Prayer Wheel"},{"floor":27,"key":"War Paint"}],"event_choices":[{"cards_removed":["Strike_R"],"damage_healed":0,"gold_gain":0,"player_choice":"Card Removal","damage_taken":0,"max_hp_gain":0,"max_hp_loss":0,"event_name":"Wheel of Change","floor":4,"gold_loss":0},{"damage_healed":0,"gold_gain":0,"player_choice":"Success","damage_taken":11,"relics_obtained":["Tiny Chest"],"max_hp_gain":0,"max_hp_loss":0,"event_name":"Scrap Ooze","floor":10,"gold_loss":0},{"damage_healed":0,"gold_gain":75,"player_choice":"Gather Gold","damage_taken":11,"max_hp_gain":0,"max_hp_loss":0,"event_name":"World of Goop","floor":11,"gold_loss":0},{"damage_healed":0,"gold_gain":30,"player_choice":"Searched \u00272\u0027 times","damage_taken":0,"max_hp_gain":0,"max_hp_loss":0,"event_name":"Dead Adventurer","floor":13,"gold_loss":0},{"damage_healed":0,"gold_gain":0,"player_choice":"Became a vampire","damage_taken":0,"max_hp_gain":0,"max_hp_loss":23,"event_name":"Vampires","floor":20,"gold_loss":0,"cards_obtained":["Bite","Bite","Bite","Bite","Bite"]},{"damage_healed":0,"gold_gain":0,"player_choice":"Simplicity","damage_taken":0,"max_hp_gain":0,"max_hp_loss":0,"event_name":"Back to Basics","floor":25,"gold_loss":0,"cards_upgraded":["Defend_R","Defend_R","Defend_R","Defend_R"]},{"damage_healed":0,"gold_gain":0,"player_choice":"Ignored","damage_taken":0,"max_hp_gain":0,"max_hp_loss":0,"event_name":"Ghosts","floor":29,"gold_loss":0},{"damage_healed":0,"gold_gain":999,"player_choice":"Gold","damage_taken":0,"max_hp_gain":0,"max_hp_loss":0,"event_name":"MindBloom","floor":36,"gold_loss":0,"cards_obtained":["Normality","Normality"]}],"is_beta":false,"boss_relics":[{"not_picked":["Pandora\u0027s Box","Lizard Tail"],"picked":"Sozu"},{"not_picked":["Black Star","Coffee Dripper"],"picked":"Cursed Key"}],"items_purged_floors":[37],"is_endless":false,"potions_floor_spawned":[1,2,13,16,24,27],"killed_by":"Writhing Mass","ascension_level":15}