{"gold_per_floor":[113,127,127,143,143,177,189,189,271,296,106,185,185,203,203,203],"floor_reached":16,"playtime":984,"items_purged":[],"score":110,"play_id":"79c19983-1994-4c58-85e6-5a4ad423494a","local_time":"20190513231247","is_ascension_mode":false,"campfire_choices":[{"data":"Fire Breathing","floor":8,"key":"SMITH"},{"floor":15,"key":"REST"}],"neow_cost":"NONE","seed_source_timestamp":37301519635608,"circlet_count":0,"master_deck":["Strike_R","Strike_R","Strike_R","Strike_R","Defend_R","Defend_R","Defend_R","Defend_R","Bash+1","Fire Breathing+1","Pummel","Evolve+1","Pommel Strike"],"relics":["Burning Blood","WingedGreaves","Frozen Egg 2","Regal Pillow","Strange Spoon","Potion Belt"],"potions_floor_usage":[6,6,6,7,16],"damage_taken":[{"damage":0,"enemies":"2 Louse","floor":1,"turns":3},{"damage":6,"enemies":"Cultist","floor":2,"turns":4},{"damage":5,"enemies":"Small Slimes","floor":4,"turns":3},{"damage":21,"enemies":"Lagavulin","floor":6,"turns":5},{"damage":6,"enemies":"2 Fungi Beasts","floor":7,"turns":4},{"damage":48,"enemies":"3 Sentries","floor":10,"turns":10},{"damage":10,"enemies":"Looter","floor":14,"turns":3},{"damage":71,"enemies":"Slime Boss","floor":16,"turns":9}],"seed_played":"6069623905689645462","potions_obtained":[{"floor":1,"key":"Strength Potion"},{"floor":4,"key":"BloodPotion"},{"floor":5,"key":"AttackPotion"},{"floor":6,"key":"AttackPotion"},{"floor":14,"key":"Fire Potion"}],"is_trial":false,"path_per_floor":["M","M","?","M","?","E","M","R","T","E","$","?","?","M","R","B"],"character_chosen":"IRONCLAD","items_purchased":["Strange Spoon"],"campfire_rested":1,"item_purchase_floors":[11],"current_hp_per_floor":[80,80,80,80,80,73,73,73,73,31,31,31,28,24,63,0],"gold":203,"neow_bonus":"REMOVE_CARD","is_prod":false,"is_daily":false,"chose_seed":false,"campfire_upgraded":1,"win_rate":0,"timestamp":1557814367,"path_taken":["M","M","?","M","?","E","?","R","T","E","$","?","?","M","R","BOSS"],"build_version":"2019-01-23","purchased_purges":0,"victory":false,"max_hp_per_floor":[80,80,80,80,80,80,80,80,80,80,80,80,80,80,80,80],"card_choices":[{"not_picked":["Searing Blow","Wild Strike"],"picked":"Fire Breathing","floor":1},{"not_picked":["Warcry","Uppercut","Feel No Pain"],"picked":"SKIP","floor":2},{"not_picked":["Metallicize","Shrug It Off","Warcry"],"picked":"SKIP","floor":4},{"not_picked":["Entrench","Second Wind","Burning Pact"],"picked":"SKIP","floor":6},{"not_picked":["Battle Trance","Intimidate"],"picked":"Pummel","floor":7},{"not_picked":["Barricade+1","Headbutt"],"picked":"Evolve+1","floor":10},{"not_picked":["Searing Blow","Inflame+1"],"picked":"Pommel Strike","floor":14}],"player_experience":184502,"relics_obtained":[{"floor":6,"key":"WingedGreaves"},{"floor":9,"key":"Frozen Egg 2"},{"floor":10,"key":"Regal Pillow"}],"event_choices":[{"damage_healed":0,"gold_gain":0,"player_choice":"Grow","damage_taken":0,"max_hp_gain":0,"max_hp_loss":0,"event_name":"Living Wall","floor":3,"gold_loss":0,"cards_upgraded":["Bash"]},{"damage_healed":0,"gold_gain":0,"player_choice":"Got Potions","damage_taken":0,"max_hp_gain":0,"max_hp_loss":0,"event_name":"Lab","floor":5,"gold_loss":0},{"damage_healed":0,"gold_gain":79,"player_choice":"Gained Gold","damage_taken":0,"max_hp_gain":0,"max_hp_loss":0,"event_name":"Golden Wing","floor":12,"gold_loss":0},{"damage_healed":0,"gold_gain":0,"player_choice":"Success","damage_taken":3,"relics_obtained":["Potion Belt"],"max_hp_gain":0,"max_hp_loss":0,"event_name":"Scrap Ooze","floor":13,"gold_loss":0}],"is_beta":false,"boss_relics":[],"items_purged_floors":[],"is_endless":false,"potions_floor_spawned":[1,4,6,14],"killed_by":"Slime Boss","ascension_level":0}