{"gold_per_floor":[359,73,73,92,92,122,142,142,142,142,85,114,124,89,89,161,161,175,191,210,80,97,97,128,142,168,168,185,205,78,78,78,151,151,170,187,287,303,29,29,29,29,29,29,29,29,40,56,56,56],"floor_reached":51,"playtime":1984,"items_purged":["Strike_B","Strike_B"],"score":1298,"play_id":"b99beb72-9404-4373-b3d0-3ee4c4e2b4da","local_time":"20190413212754","is_ascension_mode":true,"campfire_choices":[{"floor":8,"key":"REST"},{"data":"Zap","floor":10,"key":"SMITH"},{"floor":15,"key":"REST"},{"floor":23,"key":"REST"},{"floor":27,"key":"REST"},{"floor":32,"key":"REST"},{"floor":40,"key":"REST"},{"floor":42,"key":"REST"},{"data":"FTL","floor":44,"key":"SMITH"},{"floor":49,"key":"REST"}],"neow_cost":"TEN_PERCENT_HP_LOSS","seed_source_timestamp":330406548992468,"circlet_count":0,"master_deck":["AscendersBane","Strike_B+1","Strike_B+1","Defend_B+1","Defend_B+1","Defend_B+1","Defend_B+1","Zap+1","Dualcast","Tempest","Multi-Cast+1","Defragment+1","Redo+1","Machine Learning+1","Leap+1","Darkness+1","Conserve Battery+1","FTL+1","Coolheaded+1","Glacier+1","Chaos+1","Storm+1","Chill+1","Defragment+1","Multi-Cast+1","Buffer+1","Capacitor+1","Stack+1","Biased Cognition+1","Fusion+1","Conserve Battery+1","Conserve Battery+1","Double Energy+1","Glacier+1","Lockon+1"],"relics":["Cracked Core","Frozen Egg 2","Symbiotic Virus","Toxic Egg 2","Mummified Hand","Dream Catcher","Philosopher\u0027s Stone","Omamori","Smiling Mask","Cursed Key","Turnip","Runic Capacitor","Blue Candle"],"potions_floor_usage":[12,24,24,28,33,33,36,47,50],"damage_taken":[{"damage":2,"enemies":"2 Louse","floor":1,"turns":4},{"damage":10,"enemies":"Small Slimes","floor":4,"turns":4},{"damage":32,"enemies":"Gremlin Nob","floor":6,"turns":4},{"damage":0,"enemies":"Cultist","floor":7,"turns":3},{"damage":15,"enemies":"Lagavulin","floor":12,"turns":4},{"damage":6,"enemies":"Looter","floor":13,"turns":2},{"damage":28,"enemies":"Slime Boss","floor":16,"turns":6},{"damage":24,"enemies":"Spheric Guardian","floor":18,"turns":4},{"damage":0,"enemies":"Chosen","floor":19,"turns":3},{"damage":10,"enemies":"Snake Plant","floor":20,"turns":3},{"damage":13,"enemies":"Centurion and Healer","floor":22,"turns":4},{"damage":9,"enemies":"Book of Stabbing","floor":24,"turns":5},{"damage":21,"enemies":"Cultist and Chosen","floor":25,"turns":6},{"damage":13,"enemies":"Snake Plant","floor":28,"turns":2},{"damage":15,"enemies":"Centurion and Healer","floor":29,"turns":6},{"damage":25,"enemies":"Automaton","floor":33,"turns":7},{"damage":8,"enemies":"3 Shapes","floor":35,"turns":4},{"damage":6,"enemies":"3 Darklings","floor":36,"turns":4},{"damage":3,"enemies":"Mind Bloom Boss Battle","floor":37,"turns":7},{"damage":0,"enemies":"Maw","floor":38,"turns":5},{"damage":7,"enemies":"Transient","floor":47,"turns":6},{"damage":18,"enemies":"Spire Growth","floor":48,"turns":4},{"damage":55,"enemies":"Awakened One","floor":50,"turns":14}],"seed_played":"-6306171535340737364","potions_obtained":[{"floor":1,"key":"FearPotion"},{"floor":6,"key":"Dexterity Potion"},{"floor":22,"key":"Regen Potion"},{"floor":24,"key":"Explosive Potion"},{"floor":25,"key":"SneckoOil"},{"floor":28,"key":"Strength Potion"},{"floor":33,"key":"PowerPotion"},{"floor":37,"key":"Energy Potion"},{"floor":38,"key":"Weak Potion"}],"is_trial":false,"path_per_floor":["M","$","?","M","?","E","M","R","T","R","?","E","M","?","R","B",null,"M","M","M","$","M","R","E","M","T","R","M","M","$","?","R","B",null,"M","M","?","M","$","R","$","R","T","R","?","?","M","M","R","B",null],"character_chosen":"DEFECT","items_purchased":["Frozen Egg 2","Conserve Battery+1","Defragment+1","Runic Capacitor","Conserve Battery+1"],"campfire_rested":8,"item_purchase_floors":[2,21,30,39,39],"current_hp_per_floor":[62,62,67,57,57,25,25,45,45,45,45,30,24,41,61,33,60,36,36,26,26,13,33,38,17,17,37,24,9,9,9,29,4,53,45,39,36,36,36,56,56,69,69,69,69,66,59,41,60,5],"gold":56,"neow_bonus":"TWO_FIFTY_GOLD","is_prod":false,"is_daily":false,"chose_seed":false,"campfire_upgraded":2,"win_rate":0,"timestamp":1555205274,"path_taken":["M","$","?","M","?","E","?","R","T","R","?","E","M","?","R","BOSS","M","M","M","$","M","R","E","M","T","R","M","M","$","?","R","BOSS","M","M","?","M","$","R","$","R","T","R","?","?","?","M","R","BOSS"],"build_version":"2019-01-23","purchased_purges":2,"victory":true,"max_hp_per_floor":[64,64,69,69,69,69,69,69,69,69,69,69,69,69,69,69,69,69,69,69,69,69,69,69,69,69,69,69,69,69,69,69,69,69,69,69,69,69,69,69,69,69,69,69,69,66,66,66,66,66],"card_choices":[{"not_picked":["Heatsinks","Gash"],"picked":"Chaos","floor":1},{"not_picked":["Compile Driver","Force Field"],"picked":"Tempest","floor":4},{"not_picked":["Auto Shields","Loop+1"],"picked":"Multi-Cast","floor":6},{"not_picked":["Go for the Eyes","Tempest+1"],"picked":"Defragment+1","floor":7},{"not_picked":["Beam Cell","Turbo+1"],"picked":"Redo+1","floor":12},{"not_picked":["Hologram+1","Beam Cell"],"picked":"Go for the Eyes","floor":13},{"not_picked":["All For One","Buffer+1"],"picked":"Machine Learning+1","floor":16},{"not_picked":["Stack+1","Hologram+1"],"picked":"Leap+1","floor":18},{"not_picked":["Barrage","BootSequence+1"],"picked":"Darkness+1","floor":19},{"not_picked":["Doom and Gloom","Cold Snap","Rebound+1"],"picked":"SKIP","floor":20},{"not_picked":["Reprogram+1","Barrage"],"picked":"FTL","floor":22},{"not_picked":["Ball Lightning","Compile Driver"],"picked":"Coolheaded+1","floor":23},{"not_picked":["Beam Cell","Sweeping Beam"],"picked":"Glacier+1","floor":24},{"not_picked":["Reprogram+1","Compile Driver","Ball Lightning"],"picked":"SKIP","floor":25},{"not_picked":["Barrage+1","Turbo+1"],"picked":"Chaos+1","floor":27},{"not_picked":["Reinforced Body+1","Beam Cell+1"],"picked":"Storm+1","floor":28},{"not_picked":["Steam+1","Gash"],"picked":"Chill+1","floor":29},{"not_picked":["Gash","Leap+1"],"picked":"Multi-Cast+1","floor":32},{"not_picked":["Thunder Strike","All For One"],"picked":"Buffer+1","floor":33},{"not_picked":["Hologram+1","Cold Snap"],"picked":"Capacitor+1","floor":35},{"not_picked":["Leap+1","Compile Driver"],"picked":"Stack+1","floor":36},{"not_picked":["Gash","Go for the Eyes"],"picked":"Biased Cognition+1","floor":37},{"not_picked":["Cold Snap","Streamline"],"picked":"Fusion+1","floor":38},{"not_picked":["Aggregate+1","Tempest+1"],"picked":"Conserve Battery+1","floor":40},{"not_picked":["Beam Cell","Heatsinks+1"],"picked":"Double Energy+1","floor":42},{"not_picked":["Rebound","Redo+1","Streamline+1"],"picked":"SKIP","floor":47},{"not_picked":["Coolheaded+1","Compile Driver"],"picked":"Glacier+1","floor":48},{"not_picked":["Auto Shields+1","Ball Lightning+1"],"picked":"Lockon+1","floor":49}],"player_experience":577948,"relics_obtained":[{"floor":6,"key":"Toxic Egg 2"},{"floor":9,"key":"Mummified Hand"},{"floor":12,"key":"Dream Catcher"},{"floor":24,"key":"Omamori"},{"floor":26,"key":"Smiling Mask"},{"floor":37,"key":"Turnip"},{"floor":43,"key":"Blue Candle"}],"event_choices":[{"damage_healed":0,"gold_gain":0,"player_choice":"Donut","damage_taken":0,"max_hp_gain":5,"max_hp_loss":0,"event_name":"Big Fish","floor":3,"gold_loss":0},{"cards_removed":["Chaos"],"damage_healed":0,"gold_gain":0,"player_choice":"Gave Card","damage_taken":0,"relics_obtained":["Symbiotic Virus"],"max_hp_gain":0,"max_hp_loss":0,"event_name":"WeMeetAgain","floor":5,"gold_loss":0},{"damage_healed":0,"gold_gain":0,"player_choice":"Left Gold","damage_taken":0,"max_hp_gain":0,"max_hp_loss":0,"event_name":"World of Goop","floor":11,"gold_loss":57},{"damage_healed":17,"gold_gain":0,"player_choice":"Healed","damage_taken":0,"max_hp_gain":0,"max_hp_loss":0,"event_name":"The Cleric","floor":14,"gold_loss":35},{"damage_healed":0,"gold_gain":0,"player_choice":"Simplicity","damage_taken":0,"max_hp_gain":0,"max_hp_loss":0,"event_name":"Back to Basics","floor":31,"gold_loss":0,"cards_upgraded":["Strike_B","Strike_B","Defend_B","Defend_B","Defend_B","Defend_B"]},{"damage_healed":0,"gold_gain":0,"player_choice":"Fight","damage_taken":0,"max_hp_gain":0,"max_hp_loss":0,"event_name":"MindBloom","floor":37,"gold_loss":0},{"cards_removed":["Go for the Eyes"],"damage_healed":0,"gold_gain":0,"player_choice":"Removed Attack","damage_taken":0,"max_hp_gain":0,"max_hp_loss":0,"event_name":"Falling","floor":45,"gold_loss":0},{"damage_healed":0,"gold_gain":0,"player_choice":"Max HP","damage_taken":0,"max_hp_gain":0,"max_hp_loss":3,"event_name":"Winding Halls","floor":46,"gold_loss":0}],"is_beta":false,"boss_relics":[{"not_picked":["Snecko Eye","Pandora\u0027s Box"],"picked":"Philosopher\u0027s Stone"},{"not_picked":["Calling Bell","Runic Dome"],"picked":"Cursed Key"}],"items_purged_floors":[21,30],"is_endless":false,"potions_floor_spawned":[1,6,7,22,24,25,28,33,37,38],"ascension_level":19}