{"gold_per_floor":[119,72,86,41,41,41,72,72,72,91,106,119,157,157,157,280,280,299,69,83,107,7,7,7],"floor_reached":24,"playtime":1548,"items_purged":["Strike_R","Injury"],"score":231,"play_id":"9d6985e6-3b93-4703-9a5f-e36b3a40cd32","local_time":"20190201150037","is_ascension_mode":false,"campfire_choices":[{"data":"Armaments","floor":6,"key":"SMITH"},{"data":"Rupture","floor":8,"key":"SMITH"},{"floor":15,"key":"REST"}],"neow_cost":"NONE","seed_source_timestamp":108111308849121,"circlet_count":0,"master_deck":["Strike_R","Strike_R","Strike_R","Defend_R","Defend_R","Defend_R","Defend_R","Bash","Cleave","Iron Wave","Rupture+1","Armaments+1","Bloodletting","Sword Boomerang","Disarm","True Grit+1","Sentinel","Brutality","Shrug It Off","Inflame"],"relics":["Burning Blood","NeowsBlessing","Golden Idol","Bottled Lightning","Ginger","Omamori","Runic Pyramid","Red Skull"],"potions_floor_usage":[13,16,16,16,16,20,21],"damage_taken":[{"damage":0,"enemies":"Cultist","floor":1,"turns":1},{"damage":0,"enemies":"Jaw Worm","floor":3,"turns":1},{"damage":0,"enemies":"3 Sentries","floor":7,"turns":1},{"damage":5,"enemies":"Small Slimes","floor":10,"turns":3},{"damage":17,"enemies":"Gremlin Gang","floor":11,"turns":4},{"damage":7,"enemies":"Red Slaver","floor":12,"turns":5},{"damage":44,"enemies":"Lagavulin","floor":13,"turns":13},{"damage":11,"enemies":"Hexaghost","floor":16,"turns":6},{"damage":45,"enemies":"Spheric Guardian","floor":18,"turns":9},{"damage":22,"enemies":"2 Thieves","floor":20,"turns":4},{"damage":7,"enemies":"Centurion and Healer","floor":21,"turns":7},{"damage":26,"enemies":"3 Cultists","floor":24,"turns":4}],"seed_played":"2675806773192930323","potions_obtained":[{"floor":7,"key":"Weak Potion"},{"floor":10,"key":"PowerPotion"},{"floor":12,"key":"EntropicBrew"},{"floor":18,"key":"Explosive Potion"}],"is_trial":false,"path_per_floor":["M","$","M","$","?","R","E","R","T","M","M","M","E","?","R","B",null,"M","$","M","M","$","?","M"],"character_chosen":"IRONCLAD","items_purchased":["Iron Wave","Armaments","Red Skull"],"campfire_rested":1,"item_purchase_floors":[2,4,19],"current_hp_per_floor":[80,80,80,80,80,80,80,80,80,80,69,68,30,30,54,49,80,41,41,25,24,24,24,0],"gold":7,"neow_bonus":"THREE_ENEMY_KILL","is_prod":false,"is_daily":false,"chose_seed":false,"campfire_upgraded":2,"win_rate":0.0,"timestamp":1549051237,"path_taken":["M","?","M","?","?","R","E","R","T","M","M","M","E","?","R","BOSS","M","$","?","M","$","?","M"],"build_version":"2019-01-23","purchased_purges":2,"victory":false,"max_hp_per_floor":[80,80,80,80,80,80,80,80,80,80,80,80,80,80,80,80,80,80,80,80,80,80,80,80],"card_choices":[{"not_picked":["Pommel Strike","Warcry"],"picked":"Cleave","floor":1},{"not_picked":["Evolve","Warcry"],"picked":"Rupture","floor":3},{"not_picked":["Feed","Combust"],"picked":"Bloodletting","floor":7},{"not_picked":["Intimidate","Clothesline"],"picked":"Sword Boomerang","floor":10},{"not_picked":["Anger","Armaments"],"picked":"Disarm","floor":11},{"not_picked":["Body Slam","Sword Boomerang"],"picked":"True Grit","floor":12},{"not_picked":["Iron Wave","Juggernaut"],"picked":"Sentinel","floor":13},{"not_picked":["Barricade","Juggernaut"],"picked":"Brutality","floor":16},{"not_picked":["Seeing Red","Uppercut+1"],"picked":"Shrug It Off","floor":18},{"not_picked":["Anger","Warcry","Sword Boomerang+1"],"picked":"SKIP","floor":20},{"not_picked":["Rage","Iron Wave"],"picked":"Inflame","floor":21}],"player_experience":100876,"relics_obtained":[{"floor":7,"key":"Bottled Lightning"},{"floor":9,"key":"Ginger"},{"floor":13,"key":"Omamori"}],"event_choices":[{"damage_healed":0,"gold_gain":0,"player_choice":"Take Wound","damage_taken":0,"relics_obtained":["Golden Idol"],"max_hp_gain":0,"max_hp_loss":0,"event_name":"Golden Idol","floor":5,"gold_loss":0,"cards_obtained":["Injury"]},{"damage_healed":0,"gold_gain":0,"player_choice":"Upgraded","damage_taken":0,"max_hp_gain":0,"max_hp_loss":0,"event_name":"Upgrade Shrine","floor":14,"gold_loss":0,"cards_upgraded":["True Grit"]},{"cards_removed":["Strike_R"],"damage_healed":0,"gold_gain":0,"player_choice":"Elegance","damage_taken":0,"max_hp_gain":0,"max_hp_loss":0,"event_name":"Back to Basics","floor":23,"gold_loss":0}],"is_beta":false,"boss_relics":[{"not_picked":["Fusion Hammer","Runic Dome"],"picked":"Runic Pyramid"}],"items_purged_floors":[19,22],"is_endless":false,"potions_floor_spawned":[7,10,12,18],"killed_by":"3 Cultists","ascension_level":0}