{"gold_per_floor":[109,121,121,46,57,57,76,101,101,101,127,141,174,26,26,123,123,136,148,148,164,164,194,194,228,252,252,266,277,277,294,294,389,389,409,178,178,195,205,205,217,167,192,212,212,312,312,107,107,107,107,107,9,39,39],"floor_reached":55,"playtime":2657,"items_purged":["Strike_G","Defend_G","Strike_G","Strike_G","Strike_G"],"score":752,"play_id":"1cd18d51-2150-41fc-b139-2f8cfa453fa5","local_time":"20190616004758","is_ascension_mode":false,"campfire_choices":[{"data":"Skewer","floor":6,"key":"SMITH"},{"data":"Slice","floor":10,"key":"SMITH"},{"floor":15,"key":"REST"},{"data":"Backflip","floor":24,"key":"SMITH"},{"data":"Survivor","floor":27,"key":"SMITH"},{"data":"Die Die Die","floor":30,"key":"SMITH"},{"floor":32,"key":"REST"},{"data":"Bullet Time","floor":40,"key":"SMITH"},{"data":"Mayhem","floor":45,"key":"SMITH"},{"data":"Concentrate","floor":47,"key":"SMITH"},{"floor":49,"key":"RECALL"},{"data":"Finisher","floor":52,"key":"SMITH"}],"neow_cost":"NONE","seed_source_timestamp":693415174914131,"circlet_count":0,"master_deck":["Defend_G","Defend_G+1","Defend_G","Defend_G+1","Survivor+1","Neutralize","Dagger Spray","Flying Knee","Skewer+1","Backflip+1","Slice+1","Slice","Die Die Die+1","Slice","Dash+1","Defend_G","Flying Knee+1","Bullet Time+1","Dagger Throw","Mayhem+1","Outmaneuver+1","Finisher+1","Concentrate+1","Choke"],"relics":["Ring of the Snake","NeowsBlessing","Mummified Hand","Shuriken","Pear","Mercury Hourglass","Oddly Smooth Stone","Runic Pyramid","Smiling Mask","Centennial Puzzle","WristBlade","Pen Nib","Tingsha","War Paint","Art of War"],"potions_floor_usage":[8,12,16,16,21,23,28,39,41,41,50,50,55],"damage_taken":[{"damage":0,"enemies":"Small Slimes","floor":1,"turns":1},{"damage":0,"enemies":"Jaw Worm","floor":2,"turns":1},{"damage":0,"enemies":"Cultist","floor":5,"turns":1},{"damage":1,"enemies":"Exordium Wildlife","floor":7,"turns":3},{"damage":12,"enemies":"Gremlin Nob","floor":8,"turns":4},{"damage":17,"enemies":"3 Sentries","floor":11,"turns":7},{"damage":0,"enemies":"2 Fungi Beasts","floor":12,"turns":2},{"damage":18,"enemies":"Lagavulin","floor":13,"turns":5},{"damage":0,"enemies":"Slime Boss","floor":16,"turns":6},{"damage":11,"enemies":"2 Thieves","floor":18,"turns":3},{"damage":0,"enemies":"Spheric Guardian","floor":19,"turns":3},{"damage":11,"enemies":"Snecko","floor":21,"turns":6},{"damage":0,"enemies":"Gremlin Leader","floor":23,"turns":4},{"damage":15,"enemies":"Book of Stabbing","floor":25,"turns":6},{"damage":0,"enemies":"3 Cultists","floor":28,"turns":3},{"damage":0,"enemies":"Centurion and Healer","floor":29,"turns":4},{"damage":0,"enemies":"Cultist and Chosen","floor":31,"turns":4},{"damage":72,"enemies":"Collector","floor":33,"turns":9},{"damage":2,"enemies":"3 Darklings","floor":35,"turns":3},{"damage":1,"enemies":"Orb Walker","floor":38,"turns":3},{"damage":21,"enemies":"4 Shapes","floor":39,"turns":3},{"damage":0,"enemies":"Jaw Worm Horde","floor":41,"turns":4},{"damage":1,"enemies":"Transient","floor":44,"turns":5},{"damage":0,"enemies":"Mind Bloom Boss Battle","floor":46,"turns":4},{"damage":23,"enemies":"Donu and Deca","floor":50,"turns":8},{"damage":15,"enemies":"Shield and Spear","floor":54,"turns":5},{"damage":76,"enemies":"The Heart","floor":55,"turns":3}],"seed_played":"-340204734842164","potions_obtained":[{"floor":5,"key":"Dexterity Potion"},{"floor":11,"key":"Poison Potion"},{"floor":12,"key":"FairyPotion"},{"floor":13,"key":"PowerPotion"},{"floor":19,"key":"Fruit Juice"},{"floor":21,"key":"AttackPotion"},{"floor":25,"key":"Energy Potion"},{"floor":33,"key":"GamblersBrew"},{"floor":39,"key":"Fire Potion"},{"floor":44,"key":"Strength Potion"},{"floor":46,"key":"Strength Potion"}],"is_trial":false,"path_per_floor":["M","M","?","$","M","R","M","E","T","R","E","M","E","$","R","B",null,"M","M","?","M","?","E","R","E","T","R","M","M","R","M","R","B",null,"M","$","?","M","M","R","M","$","T","M","R","?","R","$","R","B",null,"R","$","E","B"],"character_chosen":"THE_SILENT","items_purchased":["Energy Potion","Mayhem","PowerPotion","War Paint","Energy Potion"],"campfire_rested":2,"item_purchase_floors":[14,36,36,48,53],"current_hp_per_floor":[70,70,67,67,67,67,66,54,64,64,47,47,29,29,53,53,80,69,69,69,63,63,63,63,48,48,48,48,48,48,48,73,1,85,83,83,81,80,59,59,59,59,59,58,58,58,58,58,58,35,81,81,81,66,0],"gold":39,"neow_bonus":"THREE_ENEMY_KILL","is_prod":false,"is_daily":false,"chose_seed":false,"campfire_upgraded":9,"win_rate":0,"timestamp":1560671278,"path_taken":["M","M","?","$","M","R","M","E","T","R","E","M","E","$","R","BOSS","M","M","?","?","?","E","R","E","T","R","M","M","R","M","R","BOSS","M","$","?","M","M","R","M","$","T","M","R","?","R","$","R","BOSS","R","$","E","BOSS"],"build_version":"2019-01-23","purchased_purges":5,"victory":false,"max_hp_per_floor":[70,70,70,70,70,70,70,70,80,80,80,80,80,80,80,80,80,80,80,80,85,85,85,85,85,85,85,85,85,85,85,85,85,85,85,85,81,81,81,81,81,81,81,81,81,81,81,81,81,81,81,81,81,81,81],"card_choices":[{"not_picked":["Poisoned Stab","Reflex"],"picked":"Dagger Spray","floor":1},{"not_picked":["Blade Dance","Heel Hook"],"picked":"Flying Knee","floor":2},{"not_picked":["Quick Slash","Deadly Poison"],"picked":"Skewer","floor":5},{"not_picked":["Flying Knee","Blade Dance"],"picked":"Backflip","floor":7},{"not_picked":["Deflect","Bullet Time"],"picked":"Slice","floor":8},{"not_picked":["Quick Slash","Sucker Punch","Predator"],"picked":"SKIP","floor":11},{"not_picked":["Choke","Predator","Outmaneuver"],"picked":"SKIP","floor":12},{"not_picked":["Acrobatics","Expertise"],"picked":"Slice","floor":13},{"not_picked":["Corpse Explosion","A Thousand Cuts"],"picked":"Die Die Die","floor":16},{"not_picked":["Caltrops+1","Dagger Throw"],"picked":"Slice","floor":18},{"not_picked":["Underhanded Strike","Quick Slash+1"],"picked":"Dash+1","floor":19},{"not_picked":["Prepared","Blade Dance","Corpse Explosion"],"picked":"SKIP","floor":21},{"not_picked":["Deadly Poison+1","Outmaneuver"],"picked":"Flying Knee+1","floor":23},{"not_picked":["Bouncing Flask","Sucker Punch+1","Dagger Spray+1"],"picked":"SKIP","floor":25},{"not_picked":["All Out Attack","Flying Knee","Deadly Poison"],"picked":"SKIP","floor":28},{"not_picked":["Underhanded Strike","Cloak And Dagger","Distraction"],"picked":"SKIP","floor":29},{"not_picked":["Poisoned Stab+1","Phantasmal Killer","Acrobatics"],"picked":"SKIP","floor":31},{"not_picked":["Grand Finale","Corpse Explosion"],"picked":"Bullet Time","floor":33},{"not_picked":["Blade Dance+1","Bane"],"picked":"Dagger Throw","floor":35},{"not_picked":["Catalyst+1","Crippling Poison+1","Dodge and Roll"],"picked":"SKIP","floor":38},{"not_picked":["Acrobatics+1","Dodge and Roll"],"picked":"Outmaneuver+1","floor":39},{"not_picked":["Prepared","Infinite Blades","Flying Knee+1"],"picked":"SKIP","floor":41},{"not_picked":["PiercingWail","Masterful Stab"],"picked":"Finisher","floor":44},{"not_picked":["Backstab","Venomology"],"picked":"Concentrate","floor":46},{"not_picked":["PiercingWail+1","Slice+1"],"picked":"Choke","floor":54}],"player_experience":403954,"relics_obtained":[{"floor":8,"key":"Shuriken"},{"floor":9,"key":"Pear"},{"floor":11,"key":"Mercury Hourglass"},{"floor":13,"key":"Oddly Smooth Stone"},{"floor":23,"key":"Smiling Mask"},{"floor":25,"key":"Centennial Puzzle"},{"floor":43,"key":"Pen Nib"},{"floor":46,"key":"Tingsha"},{"floor":54,"key":"Art of War"}],"event_choices":[{"damage_healed":0,"gold_gain":0,"player_choice":"Success","damage_taken":3,"relics_obtained":["Mummified Hand"],"max_hp_gain":0,"max_hp_loss":0,"event_name":"Scrap Ooze","floor":3,"gold_loss":0},{"cards_removed":["Strike_G"],"damage_healed":0,"gold_gain":0,"player_choice":"Took Card","damage_taken":0,"max_hp_gain":0,"max_hp_loss":0,"event_name":"NoteForYourself","floor":20,"gold_loss":0,"cards_obtained":["Defend_G"]},{"damage_healed":0,"gold_gain":0,"player_choice":"Ignored","damage_taken":0,"max_hp_gain":0,"max_hp_loss":0,"event_name":"The Mausoleum","floor":22,"gold_loss":0},{"damage_healed":0,"gold_gain":0,"player_choice":"Max HP","damage_taken":0,"max_hp_gain":0,"max_hp_loss":4,"event_name":"Winding Halls","floor":37,"gold_loss":0},{"damage_healed":0,"gold_gain":0,"player_choice":"Fight","damage_taken":0,"max_hp_gain":0,"max_hp_loss":0,"event_name":"MindBloom","floor":46,"gold_loss":0}],"is_beta":false,"boss_relics":[{"not_picked":["Cursed Key","Black Star"],"picked":"Runic Pyramid"},{"not_picked":["Snecko Eye","Pandora\u0027s Box"],"picked":"WristBlade"}],"items_purged_floors":[4,14,42,48,53],"is_endless":false,"potions_floor_spawned":[5,11,12,13,19,21,25,33,39,44,46],"killed_by":"The Heart","ascension_level":0}