{"gold_per_floor":[114,131,143,218,235,261,261,17,40,40,40,65,15,31,31,31],"floor_reached":16,"playtime":997,"items_purged":["Defend_R"],"score":110,"play_id":"a90b09b1-f428-4316-a64a-bc6a3e0d25f6","local_time":"20190506224322","is_ascension_mode":false,"campfire_choices":[{"floor":7,"key":"REST"},{"data":"Forethought","floor":10,"key":"SMITH"},{"floor":15,"key":"REST"}],"neow_cost":"NONE","seed_source_timestamp":738977073211687,"circlet_count":0,"master_deck":["Strike_R","Strike_R","Strike_R","Strike_R","Strike_R","Defend_R","Defend_R","Defend_R","Bash","Forethought+1","Iron Wave","Perfected Strike","Shrug It Off","Metallicize","Dual Wield","Armaments","Seeing Red","Iron Wave"],"relics":["Burning Blood","Smiling Mask","Sling","Dream Catcher"],"potions_floor_usage":[5,6],"damage_taken":[{"damage":5,"enemies":"Jaw Worm","floor":1,"turns":4},{"damage":4,"enemies":"2 Louse","floor":2,"turns":3},{"damage":5,"enemies":"Small Slimes","floor":3,"turns":3},{"damage":1,"enemies":"Exordium Thugs","floor":5,"turns":4},{"damage":33,"enemies":"Lagavulin","floor":6,"turns":8},{"damage":15,"enemies":"Gremlin Nob","floor":12,"turns":4},{"damage":2,"enemies":"2 Fungi Beasts","floor":14,"turns":5},{"damage":80,"enemies":"Hexaghost","floor":16,"turns":16}],"seed_played":"-2726552035994947900","potions_obtained":[{"floor":3,"key":"FearPotion"},{"floor":5,"key":"Explosive Potion"}],"is_trial":false,"path_per_floor":["M","M","M","?","M","E","R","$","T","R","$","E","$","M","R","B"],"character_chosen":"IRONCLAD","items_purchased":["Sling","Armaments"],"campfire_rested":2,"item_purchase_floors":[8,13],"current_hp_per_floor":[80,80,80,69,74,47,71,71,71,71,71,62,62,66,80,0],"gold":31,"neow_bonus":"RANDOM_COLORLESS","is_prod":false,"is_daily":false,"chose_seed":false,"campfire_upgraded":1,"win_rate":0,"timestamp":1557207802,"path_taken":["M","M","M","?","M","E","R","$","T","R","$","E","$","M","R","BOSS"],"build_version":"2019-01-23","purchased_purges":1,"victory":false,"max_hp_per_floor":[80,80,80,80,80,80,80,80,80,80,80,80,80,80,80,80],"card_choices":[{"not_picked":["Seeing Red","Reckless Charge"],"picked":"Iron Wave","floor":1},{"not_picked":["Uppercut","Anger"],"picked":"Perfected Strike","floor":2},{"not_picked":["Havoc","Corruption","Disarm"],"picked":"SKIP","floor":3},{"not_picked":["Twin Strike","Sword Boomerang"],"picked":"Shrug It Off","floor":5},{"not_picked":["Pummel","Hemokinesis"],"picked":"Metallicize","floor":6},{"not_picked":["Wild Strike","Headbutt"],"picked":"Dual Wield","floor":12},{"not_picked":["Twin Strike","Metallicize"],"picked":"Seeing Red","floor":14},{"not_picked":["Perfected Strike","Heavy Blade"],"picked":"Iron Wave","floor":15}],"player_experience":125245,"relics_obtained":[{"floor":6,"key":"Smiling Mask"},{"floor":12,"key":"Dream Catcher"}],"event_choices":[{"damage_healed":0,"gold_gain":75,"player_choice":"Gather Gold","damage_taken":11,"max_hp_gain":0,"max_hp_loss":0,"event_name":"World of Goop","floor":4,"gold_loss":0}],"is_beta":false,"boss_relics":[],"items_purged_floors":[8],"is_endless":false,"potions_floor_spawned":[3,5],"killed_by":"Hexaghost","ascension_level":0}