{"gold_per_floor":[112,122,122,135,135,162,142,142,142,159,159,159,178,203],"floor_reached":14,"playtime":423,"items_purged":[],"score":120,"play_id":"703e6cc3-d689-44e3-93c2-630e96e21118","local_time":"20190207214213","is_ascension_mode":true,"campfire_choices":[{"floor":8,"key":"REST"},{"floor":12,"key":"REST"}],"neow_cost":"TEN_PERCENT_HP_LOSS","seed_source_timestamp":651752906408133,"circlet_count":0,"master_deck":["Strike_R","Strike_R","Strike_R","Strike_R","Defend_R","Defend_R","Defend_R","Bash","Sword Boomerang","Heavy Blade+1","Thunderclap","Perfected Strike","True Grit","True Grit","Power Through"],"relics":["Burning Blood","Du-Vu Doll","Matryoshka","Darkstone Periapt"],"potions_floor_usage":[10],"damage_taken":[{"damage":0,"enemies":"2 Louse","floor":1,"turns":2},{"damage":9,"enemies":"Jaw Worm","floor":2,"turns":3},{"damage":6,"enemies":"Cultist","floor":4,"turns":3},{"damage":55,"enemies":"Lagavulin","floor":6,"turns":7},{"damage":19,"enemies":"Blue Slaver","floor":10,"turns":5},{"damage":11,"enemies":"Looter","floor":13,"turns":4},{"damage":32,"enemies":"Gremlin Nob","floor":14,"turns":4}],"seed_played":"-260127573056710776","potions_obtained":[{"floor":2,"key":"GamblersBrew"},{"floor":4,"key":"BloodPotion"},{"floor":7,"key":"SmokeBomb"}],"is_trial":false,"path_per_floor":["M","M","?","M","$","E","?","R","T","M","?","R","M","E"],"character_chosen":"IRONCLAD","items_purchased":[],"campfire_rested":2,"item_purchase_floors":[],"current_hp_per_floor":[72,69,69,69,69,20,20,41,41,35,28,49,44,18],"gold":203,"neow_bonus":"TRANSFORM_TWO_CARDS","is_prod":false,"is_daily":false,"chose_seed":false,"campfire_upgraded":0,"win_rate":0,"timestamp":1549593733,"path_taken":["M","M","?","M","$","E","?","R","T","?","?","R","M","E"],"build_version":"2019-01-23","purchased_purges":0,"victory":false,"max_hp_per_floor":[72,72,72,72,72,72,72,72,72,72,72,72,72,72],"card_choices":[{"not_picked":["Flex","Infernal Blade"],"picked":"Heavy Blade","floor":1},{"not_picked":["Carnage","Disarm"],"picked":"Thunderclap","floor":2},{"not_picked":["Pommel Strike","Havoc"],"picked":"Perfected Strike","floor":4},{"not_picked":["Pummel","Twin Strike"],"picked":"True Grit","floor":6},{"not_picked":["Berserk","Clothesline"],"picked":"True Grit","floor":10},{"not_picked":["Wild Strike","Sword Boomerang","Battle Trance"],"picked":"SKIP","floor":13},{"not_picked":["Twin Strike","Searing Blow"],"picked":"Power Through","floor":14}],"player_experience":173889,"relics_obtained":[{"floor":6,"key":"Du-Vu Doll"},{"floor":9,"key":"Matryoshka"},{"floor":14,"key":"Darkstone Periapt"}],"event_choices":[{"damage_healed":0,"gold_gain":0,"player_choice":"Grow","damage_taken":0,"max_hp_gain":0,"max_hp_loss":0,"event_name":"Living Wall","floor":3,"gold_loss":0,"cards_upgraded":["Heavy Blade"]},{"damage_healed":0,"gold_gain":0,"player_choice":"Bought 1 Potion","damage_taken":0,"max_hp_gain":0,"max_hp_loss":0,"event_name":"The Woman in Blue","floor":7,"gold_loss":0},{"cards_removed":["Sever Soul"],"damage_healed":0,"gold_gain":0,"player_choice":"Card Removal","damage_taken":7,"max_hp_gain":0,"max_hp_loss":0,"event_name":"Golden Wing","floor":11,"gold_loss":0}],"is_beta":false,"boss_relics":[],"items_purged_floors":[],"is_endless":false,"potions_floor_spawned":[2,4],"killed_by":"Gremlin Nob","ascension_level":4}