{"gold_per_floor":[110,35,53,53,67,98,98,114,196,196,213,60,60,15,15,115,115,131,95,95,95,195,195],"floor_reached":23,"playtime":570,"items_purged":["Doubt"],"score":187,"play_id":"c7e07a54-4a2e-4049-9f58-344e35a1cc6f","local_time":"20190414191312","is_ascension_mode":false,"campfire_choices":[{"floor":7,"key":"REST"},{"data":"Defragment","floor":10,"key":"SMITH"},{"data":"Storm","floor":13,"key":"SMITH"},{"data":"Streamline","floor":15,"key":"SMITH"}],"neow_cost":"CURSE","seed_source_timestamp":410146977368442,"circlet_count":0,"master_deck":["Strike_B","Strike_B","Strike_B","Strike_B","Defend_B","Defend_B","Defend_B","Defend_B","Zap","Dualcast","Seek","Loop","Defragment+1","Sweeping Beam","Cold Snap","White Noise","Storm+1","Streamline+1","Electrodynamics","Doom and Gloom","Defragment","Decay","Melter"],"relics":["Cracked Core","Ornamental Fan","Art of War","Pear","DataDisk","Inserter","Torii","Sundial"],"potions_floor_usage":[22,22,22],"damage_taken":[{"damage":4,"enemies":"Cultist","floor":1,"turns":4},{"damage":10,"enemies":"Small Slimes","floor":3,"turns":3},{"damage":1,"enemies":"Jaw Worm","floor":5,"turns":3},{"damage":26,"enemies":"Gremlin Nob","floor":6,"turns":4},{"damage":21,"enemies":"Large Slime","floor":8,"turns":6},{"damage":11,"enemies":"Red Slaver","floor":11,"turns":4},{"damage":9,"enemies":"Hexaghost","floor":16,"turns":7},{"damage":12,"enemies":"Spheric Guardian","floor":18,"turns":4},{"damage":0,"enemies":"Colosseum Slavers","floor":22,"turns":1},{"damage":39,"enemies":"Colosseum Nobs","floor":22,"turns":4},{"damage":37,"enemies":"Slavers","floor":23,"turns":2}],"seed_played":"1459706987409207206","potions_obtained":[{"floor":3,"key":"Energy Potion"},{"floor":11,"key":"SneckoOil"},{"floor":16,"key":"GamblersBrew"},{"floor":18,"key":"Energy Potion"}],"is_trial":false,"path_per_floor":["M","$","M","T","M","E","R","M","T","R","M","$","R","$","R","B",null,"M","$","?","$","?","E"],"character_chosen":"DEFECT","items_purchased":["DataDisk","Streamline","Defragment"],"campfire_rested":1,"item_purchase_floors":[12,14,19],"current_hp_per_floor":[71,71,61,61,60,34,56,35,45,45,34,34,34,34,34,25,85,73,73,73,73,34,0],"gold":195,"neow_bonus":"THREE_RARE_CARDS","is_prod":false,"is_daily":false,"chose_seed":false,"campfire_upgraded":3,"win_rate":0,"timestamp":1555283592,"path_taken":["M","$","?","?","M","E","R","M","T","R","M","$","R","$","R","BOSS","M","$","?","$","?","E"],"build_version":"2019-01-23","purchased_purges":1,"victory":false,"max_hp_per_floor":[75,75,75,75,75,75,75,75,85,85,85,85,85,85,85,85,85,85,85,85,85,85,85],"card_choices":[{"not_picked":["Hyperbeam","Amplify"],"picked":"Seek","floor":0},{"not_picked":["Compile Driver","Hologram"],"picked":"Loop","floor":1},{"not_picked":["Streamline","Sweeping Beam"],"picked":"Defragment","floor":3},{"not_picked":["BootSequence","Reprogram"],"picked":"Sweeping Beam","floor":5},{"not_picked":["Reboot","Compile Driver"],"picked":"Cold Snap","floor":6},{"not_picked":["Cold Snap","Blizzard"],"picked":"White Noise","floor":8},{"not_picked":["Coolheaded","Rip and Tear"],"picked":"Storm","floor":11},{"not_picked":["Hyperbeam","Rainbow"],"picked":"Electrodynamics","floor":16},{"not_picked":["Compile Driver","Rebound"],"picked":"Doom and Gloom","floor":18},{"not_picked":["Go for the Eyes","Hologram"],"picked":"Melter","floor":22}],"player_experience":587537,"relics_obtained":[{"floor":4,"key":"Ornamental Fan"},{"floor":6,"key":"Art of War"},{"floor":9,"key":"Pear"},{"floor":22,"key":"Torii"},{"floor":22,"key":"Sundial"}],"event_choices":[{"damage_healed":0,"gold_gain":0,"player_choice":"Smashed Altar","damage_taken":0,"max_hp_gain":0,"max_hp_loss":0,"event_name":"Forgotten Altar","floor":20,"gold_loss":0,"cards_obtained":["Decay"]},{"damage_healed":0,"gold_gain":0,"player_choice":"Fight","damage_taken":0,"max_hp_gain":0,"max_hp_loss":0,"event_name":"Colosseum","floor":22,"gold_loss":0},{"damage_healed":0,"gold_gain":0,"player_choice":"Fought Nobs","damage_taken":0,"max_hp_gain":0,"max_hp_loss":0,"event_name":"Colosseum","floor":22,"gold_loss":0}],"is_beta":false,"boss_relics":[{"not_picked":["Eternal Feather","Astrolabe"],"picked":"Inserter"}],"items_purged_floors":[2],"is_endless":false,"potions_floor_spawned":[3,11,16,18],"killed_by":"Slavers","ascension_level":0}