{"gold_per_floor":[118,118,43,43,62,62,89,108,108,133,143,173,173,184,184,258,258,272,272,49,49,63,91,110,110,110,110,110,124,124,135,135,135],"floor_reached":33,"playtime":1170,"items_purged":["Regret"],"score":563,"play_id":"57d77533-9cfd-486b-b986-271fa09842e2","local_time":"20190331130140","is_ascension_mode":true,"campfire_choices":[{"data":"Zap","floor":6,"key":"SMITH"},{"floor":13,"key":"REST"},{"data":"Dualcast","floor":15,"key":"SMITH"},{"data":"Defend_B","floor":25,"key":"PURGE"},{"data":"Electrodynamics","floor":28,"key":"SMITH"},{"data":"Defend_B","floor":30,"key":"PURGE"},{"data":"Defend_B","floor":32,"key":"PURGE"}],"neow_cost":"NONE","seed_source_timestamp":933148360914180,"circlet_count":0,"master_deck":["AscendersBane","Defend_B","Zap+1","Dualcast+1","Self Repair+1","Leap","Ball Lightning","Sweeping Beam","Stack+1","Conserve Battery+1","Leap+1","Biased Cognition","Undo+1","Bite","Bite","Bite","Bite","Bite","Leap+1","Electrodynamics+1","Leap+1"],"relics":["Cracked Core","Whetstone","Unceasing Top","Pear","Toxic Egg 2","PreservedInsect","Bronze Scales","Coffee Dripper","Lee\u0027s Waffle","Peace Pipe","Omamori"],"potions_floor_usage":[11,12,12,16,24,33,33],"damage_taken":[{"damage":2,"enemies":"2 Louse","floor":1,"turns":2},{"damage":2,"enemies":"Jaw Worm","floor":5,"turns":3},{"damage":40,"enemies":"3 Sentries","floor":7,"turns":9},{"damage":0,"enemies":"Cultist","floor":8,"turns":3},{"damage":32,"enemies":"Gremlin Nob","floor":10,"turns":4},{"damage":13,"enemies":"Blue Slaver","floor":11,"turns":3},{"damage":19,"enemies":"Lagavulin","floor":12,"turns":4},{"damage":0,"enemies":"Looter","floor":14,"turns":2},{"damage":17,"enemies":"The Guardian","floor":16,"turns":9},{"damage":24,"enemies":"2 Thieves","floor":18,"turns":4},{"damage":0,"enemies":"Spheric Guardian","floor":22,"turns":3},{"damage":32,"enemies":"Book of Stabbing","floor":23,"turns":5},{"damage":16,"enemies":"Shelled Parasite and Fungi","floor":24,"turns":4},{"damage":0,"enemies":"Centurion and Healer","floor":29,"turns":4},{"damage":21,"enemies":"Snake Plant","floor":31,"turns":4},{"damage":107,"enemies":"Automaton","floor":33,"turns":12}],"seed_played":"1609124053780661852","potions_obtained":[{"floor":4,"key":"SmokeBomb"},{"floor":4,"key":"SneckoOil"},{"floor":7,"key":"Dexterity Potion"},{"floor":10,"key":"AttackPotion"},{"floor":11,"key":"AttackPotion"},{"floor":12,"key":"SkillPotion"},{"floor":22,"key":"Ancient Potion"},{"floor":23,"key":"SpeedPotion"},{"floor":31,"key":"EntropicBrew"}],"is_trial":false,"path_per_floor":["M","?","$","?","M","R","E","M","T","E","M","E","R","M","R","B",null,"M","?","$","?","M","E","M","R","T","?","R","M","R","M","R","B"],"character_chosen":"DEFECT","items_purchased":["Lee\u0027s Waffle"],"campfire_rested":1,"item_purchase_floors":[20],"current_hp_per_floor":[62,62,62,62,67,67,44,51,51,26,20,8,32,32,32,22,66,49,49,63,63,63,45,49,49,49,49,49,63,63,58,58,0],"gold":135,"neow_bonus":"RANDOM_COMMON_RELIC","is_prod":false,"is_daily":false,"chose_seed":false,"campfire_upgraded":3,"win_rate":0,"timestamp":1554051700,"path_taken":["M","?","$","?","M","R","E","?","T","E","M","E","R","M","R","BOSS","M","?","$","?","M","E","?","R","T","?","R","M","R","M","R","BOSS"],"build_version":"2019-01-23","purchased_purges":1,"victory":false,"max_hp_per_floor":[71,71,71,71,71,71,81,81,81,81,81,81,81,81,81,81,81,81,56,63,63,63,63,63,63,63,63,63,63,63,63,63,63],"card_choices":[{"not_picked":["Beam Cell","Rip and Tear"],"picked":"Self Repair","floor":1},{"not_picked":["Stack","Melter","Sunder"],"picked":"SKIP","floor":5},{"not_picked":["Recycle","Turbo"],"picked":"Leap","floor":7},{"not_picked":["Streamline","Chaos"],"picked":"Ball Lightning","floor":8},{"not_picked":["Auto Shields+1","Compile Driver"],"picked":"Sweeping Beam","floor":10},{"not_picked":["Compile Driver","Sweeping Beam"],"picked":"Stack+1","floor":11},{"not_picked":["Compile Driver","Reinforced Body+1"],"picked":"Conserve Battery+1","floor":12},{"not_picked":["Rebound","Hologram+1"],"picked":"Leap+1","floor":14},{"not_picked":["Multi-Cast+1","Fission+1"],"picked":"Biased Cognition","floor":16},{"not_picked":["BootSequence+1","Genetic Algorithm+1"],"picked":"Undo+1","floor":18},{"not_picked":["Scrape","Stack+1"],"picked":"Leap+1","floor":22},{"not_picked":["Leap+1","Barrage"],"picked":"Electrodynamics","floor":23},{"not_picked":["Go for the Eyes","Blizzard+1","Double Energy+1"],"picked":"SKIP","floor":24},{"not_picked":["Go for the Eyes","Rebound"],"picked":"Leap+1","floor":29},{"not_picked":["Sweeping Beam","Reprogram+1","Fusion+1"],"picked":"SKIP","floor":31}],"player_experience":483243,"relics_obtained":[{"floor":7,"key":"Pear"},{"floor":9,"key":"Toxic Egg 2"},{"floor":10,"key":"PreservedInsect"},{"floor":12,"key":"Bronze Scales"},{"floor":23,"key":"Peace Pipe"},{"floor":26,"key":"Omamori"}],"event_choices":[{"damage_healed":0,"gold_gain":0,"player_choice":"Box","damage_taken":0,"relics_obtained":["Unceasing Top"],"max_hp_gain":0,"max_hp_loss":0,"event_name":"Big Fish","floor":2,"gold_loss":0,"cards_obtained":["Regret"]},{"damage_healed":0,"gold_gain":0,"player_choice":"Got Potions","damage_taken":0,"max_hp_gain":0,"max_hp_loss":0,"event_name":"Lab","floor":4,"gold_loss":0},{"damage_healed":0,"gold_gain":0,"player_choice":"Became a vampire","damage_taken":0,"max_hp_gain":0,"max_hp_loss":25,"event_name":"Vampires","floor":19,"gold_loss":0,"cards_obtained":["Bite","Bite","Bite","Bite","Bite"]},{"damage_healed":0,"gold_gain":0,"player_choice":"Forge","damage_taken":0,"max_hp_gain":0,"max_hp_loss":0,"event_name":"Accursed Blacksmith","floor":21,"gold_loss":0,"cards_upgraded":["Self Repair"]},{"damage_healed":0,"gold_gain":0,"player_choice":"Smashed Altar","damage_taken":0,"max_hp_gain":0,"max_hp_loss":0,"event_name":"Forgotten Altar","floor":27,"gold_loss":0,"cards_obtained":["Decay"]}],"is_beta":false,"boss_relics":[{"not_picked":["Lizard Tail","Runic Dome"],"picked":"Coffee Dripper"}],"items_purged_floors":[3],"is_endless":false,"potions_floor_spawned":[7,8,10,11,12,22,23,31],"killed_by":"Automaton","ascension_level":16}