{"gold_per_floor":[113,140,140,154,154,154,8,22,49,86,173,228,167,191,191,191],"floor_reached":16,"playtime":484,"items_purged":[],"score":175,"play_id":"e9b74c1d-8ab4-477f-bf26-1d5f5fa105ae","local_time":"20190503191151","is_ascension_mode":true,"campfire_choices":[{"data":"Ball Lightning","floor":6,"key":"SMITH"},{"data":"Creative AI","floor":15,"key":"SMITH"}],"neow_cost":"NONE","seed_source_timestamp":601456954168816,"circlet_count":0,"master_deck":["AscendersBane","Strike_B","Strike_B","Strike_B","Strike_B","Defend_B","Defend_B","Defend_B","Defend_B","Zap","Dualcast","Sweeping Beam","Ball Lightning+1","Creative AI+1","Compile Driver","Reinforced Body","Self Repair","Sweeping Beam"],"relics":["Cracked Core","NeowsBlessing","Dream Catcher","FaceOfCleric","Golden Idol","Juzu Bracelet","MawBank","Darkstone Periapt"],"potions_floor_usage":[16,16],"damage_taken":[{"damage":0,"enemies":"Cultist","floor":1,"turns":1},{"damage":0,"enemies":"2 Louse","floor":4,"turns":1},{"damage":0,"enemies":"Small Slimes","floor":8,"turns":1},{"damage":1,"enemies":"3 Louse","floor":10,"turns":3},{"damage":16,"enemies":"Lagavulin","floor":12,"turns":6},{"damage":14,"enemies":"Looter","floor":14,"turns":4},{"damage":50,"enemies":"The Guardian","floor":16,"turns":11}],"seed_played":"-7528795082913814561","potions_obtained":[{"floor":1,"key":"Block Potion"},{"floor":4,"key":"Regen Potion"}],"is_trial":false,"path_per_floor":["M","T","?","M","?","R","$","M","T","M","?","E","$","M","R","B"],"character_chosen":"DEFECT","items_purchased":["Juzu Bracelet","Self Repair"],"campfire_rested":0,"item_purchase_floors":[7,13],"current_hp_per_floor":[64,64,64,65,65,65,65,66,66,66,55,40,40,34,34,0],"gold":191,"neow_bonus":"THREE_ENEMY_KILL","is_prod":false,"is_daily":false,"chose_seed":false,"campfire_upgraded":2,"win_rate":0,"timestamp":1556935911,"path_taken":["M","?","?","?","?","R","$","M","T","M","?","E","$","M","R","BOSS"],"build_version":"2019-01-23","purchased_purges":0,"victory":false,"max_hp_per_floor":[71,71,71,72,65,65,65,66,66,67,67,68,68,69,69,69],"card_choices":[{"not_picked":["Skim","Aggregate"],"picked":"Sweeping Beam","floor":1},{"not_picked":["Reprogram","Leap"],"picked":"Ball Lightning","floor":4},{"not_picked":["Capacitor","Undo"],"picked":"Creative AI","floor":8},{"not_picked":["Reprogram","Lockon"],"picked":"Compile Driver","floor":10},{"not_picked":["Loop","Storm"],"picked":"Reinforced Body","floor":12},{"not_picked":["Turbo","Gash"],"picked":"Sweeping Beam","floor":14}],"player_experience":901480,"relics_obtained":[{"floor":2,"key":"Dream Catcher"},{"floor":9,"key":"MawBank"},{"floor":12,"key":"Darkstone Periapt"}],"event_choices":[{"damage_healed":0,"gold_gain":0,"player_choice":"Trade","damage_taken":0,"relics_obtained":["FaceOfCleric"],"max_hp_gain":0,"max_hp_loss":0,"event_name":"FaceTrader","floor":3,"gold_loss":0},{"damage_healed":0,"gold_gain":0,"player_choice":"Lose Max HP","damage_taken":0,"relics_obtained":["Golden Idol"],"max_hp_gain":0,"max_hp_loss":7,"event_name":"Golden Idol","floor":5,"gold_loss":0},{"damage_healed":0,"gold_gain":75,"player_choice":"Gather Gold","damage_taken":11,"max_hp_gain":0,"max_hp_loss":0,"event_name":"World of Goop","floor":11,"gold_loss":0}],"is_beta":false,"boss_relics":[],"items_purged_floors":[],"is_endless":false,"potions_floor_spawned":[1,4,10],"killed_by":"The Guardian","ascension_level":15}