{"gold_per_floor":[118,129,143,103,120,150,150,164,164,198,214,231,231,201,201,306,306,326,346,4,4,19,19,49,49,49,69,88,98,98],"floor_reached":30,"playtime":1963,"items_purged":["Strike_G"],"score":266,"play_id":"12e82d35-7c99-4725-9f93-c94463d12b5b","local_time":"20190508233113","is_ascension_mode":false,"campfire_choices":[{"floor":7,"key":"REST"},{"data":"Backflip","floor":13,"key":"SMITH"},{"floor":15,"key":"REST"},{"floor":23,"key":"REST"},{"floor":25,"key":"REST"}],"neow_cost":"NONE","seed_source_timestamp":913678897199389,"circlet_count":0,"master_deck":["Defend_G","Defend_G","Defend_G","Defend_G","Defend_G","Strike_G","Strike_G","Strike_G","Strike_G","Survivor","Neutralize","Cloak And Dagger","Poisoned Stab","Blade Dance","Flying Knee","Backflip+1","Flying Knee","Cloak And Dagger","Caltrops+1","Corpse Explosion","Backflip","Bandage Up","Quick Slash","Escape Plan","Catalyst","Escape Plan","Bane+1"],"relics":["Ring of the Snake","Bag of Marbles","Pocketwatch","Mango","Frozen Egg 2","Eternal Feather","Art of War","The Specimen","Shuriken"],"potions_floor_usage":[5,6,10,16,16,18,22,22,24,27,28],"damage_taken":[{"damage":0,"enemies":"Cultist","floor":1,"turns":4},{"damage":0,"enemies":"Small Slimes","floor":2,"turns":3},{"damage":0,"enemies":"2 Louse","floor":3,"turns":3},{"damage":3,"enemies":"Gremlin Gang","floor":5,"turns":4},{"damage":19,"enemies":"Lagavulin","floor":6,"turns":6},{"damage":4,"enemies":"Blue Slaver","floor":8,"turns":4},{"damage":12,"enemies":"Gremlin Nob","floor":10,"turns":5},{"damage":6,"enemies":"Red Slaver","floor":11,"turns":4},{"damage":0,"enemies":"Large Slime","floor":12,"turns":5},{"damage":22,"enemies":"The Guardian","floor":16,"turns":13},{"damage":10,"enemies":"Shell Parasite","floor":18,"turns":8},{"damage":22,"enemies":"2 Thieves","floor":19,"turns":4},{"damage":14,"enemies":"Shelled Parasite and Fungi","floor":22,"turns":9},{"damage":48,"enemies":"Slavers","floor":24,"turns":5},{"damage":54,"enemies":"Snecko","floor":27,"turns":6},{"damage":14,"enemies":"Centurion and Healer","floor":28,"turns":6},{"damage":23,"enemies":"Cultist and Chosen","floor":29,"turns":5},{"damage":11,"enemies":"Snake Plant","floor":30,"turns":2}],"seed_played":"-2029452575049255122","potions_obtained":[{"floor":4,"key":"Swift Potion"},{"floor":4,"key":"Weak Potion"},{"floor":4,"key":"Fire Potion"},{"floor":8,"key":"Poison Potion"},{"floor":12,"key":"SkillPotion"},{"floor":16,"key":"EssenceOfSteel"},{"floor":21,"key":"EssenceOfSteel"},{"floor":21,"key":"Strength Potion"},{"floor":21,"key":"PowerPotion"},{"floor":24,"key":"Regen Potion"},{"floor":27,"key":"Block Potion"}],"is_trial":false,"path_per_floor":["M","M","M","?","M","E","R","M","T","E","M","M","R","?","R","B",null,"M","M","$","?","M","R","E","R","T","M","M","M","M"],"character_chosen":"THE_SILENT","items_purchased":["Art of War","Bandage Up","Quick Slash"],"campfire_rested":4,"item_purchase_floors":[20,20,20],"current_hp_per_floor":[70,70,70,70,67,48,69,65,79,67,61,61,61,61,84,62,84,74,52,52,52,42,79,35,75,75,39,29,10,0],"gold":98,"neow_bonus":"RANDOM_COMMON_RELIC","is_prod":false,"is_daily":false,"chose_seed":false,"campfire_upgraded":1,"win_rate":0,"timestamp":1557383473,"path_taken":["M","M","M","?","M","E","R","M","T","E","M","?","R","?","R","BOSS","M","M","$","?","M","R","E","R","T","M","M","M","M"],"build_version":"2019-01-23","purchased_purges":1,"victory":false,"max_hp_per_floor":[70,70,70,70,70,70,70,70,84,84,84,84,84,84,84,84,84,84,84,84,84,84,84,84,84,84,84,84,84,84],"card_choices":[{"not_picked":["Blade Dance","Outmaneuver"],"picked":"Cloak And Dagger","floor":1},{"not_picked":["Slice","Underhanded Strike"],"picked":"Poisoned Stab","floor":2},{"not_picked":["Expertise","Slice"],"picked":"Blade Dance","floor":3},{"not_picked":["Backstab","Backflip"],"picked":"Flying Knee","floor":5},{"not_picked":["Storm of Steel","Slice","Blur"],"picked":"SKIP","floor":6},{"not_picked":["Well Laid Plans","Infinite Blades"],"picked":"Backflip","floor":8},{"not_picked":["Prepared","Blade Dance"],"picked":"Flying Knee","floor":10},{"not_picked":["PiercingWail","Dagger Spray"],"picked":"Cloak And Dagger","floor":11},{"not_picked":["Calculated Gamble","Blade Dance"],"picked":"Caltrops+1","floor":12},{"not_picked":["Unload","Adrenaline"],"picked":"Corpse Explosion","floor":16},{"not_picked":["Skewer","Concentrate","Deflect"],"picked":"SKIP","floor":18},{"not_picked":["Slice+1","Dagger Spray+1"],"picked":"Backflip","floor":19},{"not_picked":["Skewer","Outmaneuver+1"],"picked":"Escape Plan","floor":22},{"not_picked":["Deflect+1","Heel Hook+1"],"picked":"Catalyst","floor":24},{"not_picked":["Prepared","Caltrops+1"],"picked":"Escape Plan","floor":27},{"not_picked":["Tools of the Trade+1","Crippling Poison"],"picked":"Bane+1","floor":28},{"not_picked":["Quick Slash","Eviscerate+1","Heel Hook"],"picked":"SKIP","floor":29}],"player_experience":139273,"relics_obtained":[{"floor":6,"key":"Pocketwatch"},{"floor":9,"key":"Mango"},{"floor":10,"key":"Frozen Egg 2"},{"floor":24,"key":"The Specimen"},{"floor":26,"key":"Shuriken"}],"event_choices":[{"damage_healed":0,"gold_gain":0,"player_choice":"Bought 3 Potions","damage_taken":0,"max_hp_gain":0,"max_hp_loss":0,"event_name":"The Woman in Blue","floor":4,"gold_loss":0},{"damage_healed":0,"gold_gain":0,"player_choice":"Left Gold","damage_taken":0,"max_hp_gain":0,"max_hp_loss":0,"event_name":"World of Goop","floor":14,"gold_loss":30},{"damage_healed":0,"gold_gain":0,"player_choice":"Got Potions","damage_taken":0,"max_hp_gain":0,"max_hp_loss":0,"event_name":"Lab","floor":21,"gold_loss":0}],"is_beta":false,"boss_relics":[{"not_picked":["Black Star","Tiny House"],"picked":"Eternal Feather"}],"items_purged_floors":[20],"is_endless":false,"potions_floor_spawned":[8,12,16,24,27],"killed_by":"Snake Plant","ascension_level":0}