{"gold_per_floor":[14,24,42,60,60,95,95,130,153,167,182,182,194,206,206,311,311,321,35,35,35,55,55,55,55,55,55,5,0,11,11,11,106,106,116,126,76,76,76],"floor_reached":39,"playtime":4277,"items_purged":["Strike_R","Dual Wield","Strike_R"],"score":418,"play_id":"582e0bed-ea61-4fea-a875-13ad14c4ef62","local_time":"20190130163610","is_ascension_mode":false,"campfire_choices":[{"data":"Perfected Strike","floor":7,"key":"SMITH"},{"data":"Limit Break","floor":15,"key":"SMITH"},{"floor":23,"key":"REST"},{"data":"Barricade","floor":27,"key":"SMITH"},{"floor":32,"key":"REST"}],"neow_cost":"NO_GOLD","seed_source_timestamp":1054385609246262,"circlet_count":0,"master_deck":["Strike_R","Strike_R","Strike_R","Defend_R","Defend_R","Defend_R","Defend_R","Shockwave","Flame Barrier","Power Through","Burning Pact","Perfected Strike+1","Iron Wave","Infernal Blade","Flex","Inflame","Limit Break+1","True Grit","Armaments","Barricade+1","Demon Form","Mind Blast","Ghostly Armor","Flex","Limit Break","True Grit+1","Entrench+1"],"relics":["Black Blood","Prayer Wheel","Red Skull","Blood Vial","Smiling Mask","Runic Pyramid","Orichalcum","Nilry\u0027s Codex","Anchor","Champion Belt","Bottled Lightning"],"potions_floor_usage":[6,16,16,33,33,36,39],"damage_taken":[{"damage":7,"enemies":"2 Louse","floor":1,"turns":4},{"damage":4,"enemies":"Cultist","floor":2,"turns":3},{"damage":2,"enemies":"Jaw Worm","floor":3,"turns":5},{"damage":5,"enemies":"Looter","floor":4,"turns":3},{"damage":10,"enemies":"3 Sentries","floor":6,"turns":8},{"damage":22,"enemies":"Lagavulin","floor":8,"turns":8},{"damage":2,"enemies":"2 Fungi Beasts","floor":10,"turns":4},{"damage":11,"enemies":"Lots of Slimes","floor":11,"turns":5},{"damage":8,"enemies":"Red Slaver","floor":13,"turns":3},{"damage":4,"enemies":"Large Slime","floor":14,"turns":6},{"damage":34,"enemies":"Slime Boss","floor":16,"turns":16},{"damage":25,"enemies":"Chosen","floor":18,"turns":5},{"damage":16,"enemies":"2 Thieves","floor":20,"turns":4},{"damage":30,"enemies":"Centurion and Healer","floor":22,"turns":9},{"damage":19,"enemies":"Shelled Parasite and Fungi","floor":30,"turns":8},{"damage":10,"enemies":"Champ","floor":33,"turns":28},{"damage":13,"enemies":"Orb Walker","floor":35,"turns":5},{"damage":65,"enemies":"3 Darklings","floor":36,"turns":11},{"damage":47,"enemies":"4 Shapes","floor":39,"turns":3}],"seed_played":"-9208964546433455691","potions_obtained":[{"floor":2,"key":"SkillPotion"},{"floor":4,"key":"Dexterity Potion"},{"floor":5,"key":"Explosive Potion"},{"floor":6,"key":"Weak Potion"},{"floor":16,"key":"BloodPotion"},{"floor":18,"key":"SteroidPotion"},{"floor":36,"key":"SneckoOil"}],"is_trial":false,"path_per_floor":["M","M","M","M","?","E","R","E","T","M","M","?","M","M","R","B",null,"M","$","M","?","M","R","?","?","T","R","$","?","M","?","R","B",null,"M","M","$","T","M"],"character_chosen":"IRONCLAD","items_purchased":["Orichalcum","Mind Blast"],"campfire_rested":2,"item_purchase_floors":[19,19],"current_hp_per_floor":[79,80,80,80,80,76,76,60,60,66,63,63,63,67,67,41,80,61,61,53,38,16,41,25,25,25,25,25,25,14,14,39,45,85,82,29,29,29,0],"gold":76,"neow_bonus":"ONE_RARE_RELIC","is_prod":false,"is_daily":false,"chose_seed":false,"campfire_upgraded":3,"win_rate":0.0,"timestamp":1548884170,"path_taken":["M","M","M","M","?","E","R","E","T","M","?","?","M","M","R","BOSS","M","$","M","?","M","R","?","?","T","R","$","?","M","?","R","BOSS","M","M","$","?","?"],"build_version":"2019-01-23","purchased_purges":3,"victory":false,"max_hp_per_floor":[80,80,80,80,80,80,80,80,80,80,80,80,80,80,80,80,80,80,80,80,85,85,85,85,85,85,85,85,85,85,85,85,85,85,85,85,85,85,85],"card_choices":[{"not_picked":["Wild Strike","Warcry"],"picked":"Shockwave","floor":1},{"not_picked":["Searing Blow","Reckless Charge"],"picked":"Clothesline","floor":1},{"not_picked":["Warcry","Twin Strike"],"picked":"Flame Barrier","floor":2},{"not_picked":["Wild Strike","Seeing Red"],"picked":"Power Through","floor":2},{"not_picked":["Evolve","Warcry"],"picked":"Burning Pact","floor":3},{"not_picked":["Bloodletting","Heavy Blade"],"picked":"Perfected Strike","floor":3},{"not_picked":["Sword Boomerang","Spot Weakness"],"picked":"Iron Wave","floor":4},{"not_picked":["Dropkick","Disarm"],"picked":"Dual Wield","floor":4},{"not_picked":["Anger","Body Slam"],"picked":"Infernal Blade","floor":6},{"not_picked":["Battle Trance","Warcry","Pummel"],"picked":"SKIP","floor":8},{"not_picked":["Dual Wield","Twin Strike"],"picked":"Flex","floor":10},{"not_picked":["Sword Boomerang","Warcry"],"picked":"Inflame","floor":10},{"not_picked":["Thunderclap","Sword Boomerang"],"picked":"Limit Break","floor":11},{"not_picked":["Anger","Intimidate","Havoc"],"picked":"SKIP","floor":11},{"not_picked":["Headbutt","Flex"],"picked":"True Grit","floor":13},{"not_picked":["Body Slam","Twin Strike"],"picked":"Armaments","floor":13},{"not_picked":["True Grit","Clash"],"picked":"Barricade","floor":14},{"not_picked":["Uppercut","Clothesline","Havoc"],"picked":"SKIP","floor":14},{"not_picked":["Double Tap","Impervious"],"picked":"Demon Form","floor":16},{"not_picked":["Pommel Strike","Havoc","Blood for Blood+1"],"picked":"SKIP","floor":18},{"not_picked":["Twin Strike","Intimidate","Clothesline"],"picked":"SKIP","floor":18},{"not_picked":["Searing Blow","Sword Boomerang+1"],"picked":"Ghostly Armor","floor":20},{"not_picked":["Metallicize","Pummel","Heavy Blade+1"],"picked":"SKIP","floor":20},{"not_picked":["Rage","Second Wind+1","Uppercut"],"picked":"SKIP","floor":22},{"not_picked":["Metallicize","Heavy Blade","Dual Wield"],"picked":"SKIP","floor":22},{"not_picked":["Sentinel","Headbutt"],"picked":"Flex","floor":30},{"not_picked":["Shrug It Off","Headbutt+1","Feel No Pain+1"],"picked":"SKIP","floor":30},{"not_picked":["Feed","Offering"],"picked":"Limit Break","floor":33},{"not_picked":["Headbutt","Pommel Strike"],"picked":"True Grit+1","floor":35},{"not_picked":["Warcry","Whirlwind","Spot Weakness"],"picked":"SKIP","floor":35},{"not_picked":["Shrug It Off+1","Havoc+1"],"picked":"Entrench+1","floor":36},{"not_picked":["Perfected Strike","Cleave+1","Clash"],"picked":"SKIP","floor":36}],"player_experience":83361,"relics_obtained":[{"floor":6,"key":"Red Skull"},{"floor":8,"key":"Blood Vial"},{"floor":9,"key":"Smiling Mask"},{"floor":24,"key":"Nilry\u0027s Codex"},{"floor":26,"key":"Champion Belt"},{"floor":38,"key":"Bottled Lightning"}],"event_choices":[{"damage_healed":0,"gold_gain":0,"player_choice":"Got Potions","damage_taken":0,"max_hp_gain":0,"max_hp_loss":0,"event_name":"Lab","floor":5,"gold_loss":0},{"cards_removed":["Bash"],"damage_healed":0,"gold_gain":0,"player_choice":"Purged","damage_taken":0,"max_hp_gain":0,"max_hp_loss":0,"event_name":"Purifier","floor":12,"gold_loss":0},{"damage_healed":0,"gold_gain":0,"player_choice":"Shed Blood","damage_taken":20,"max_hp_gain":5,"max_hp_loss":0,"event_name":"Forgotten Altar","floor":21,"gold_loss":0},{"damage_healed":0,"gold_gain":0,"player_choice":"Obtained Book","damage_taken":16,"max_hp_gain":0,"max_hp_loss":0,"event_name":"Cursed Tome","floor":24,"gold_loss":0},{"damage_healed":0,"gold_gain":0,"player_choice":"Opened","damage_taken":0,"relics_obtained":["Anchor"],"max_hp_gain":0,"max_hp_loss":0,"event_name":"The Mausoleum","floor":25,"gold_loss":0},{"damage_healed":0,"gold_gain":0,"player_choice":"Paid Fearfully","damage_taken":0,"max_hp_gain":0,"max_hp_loss":0,"event_name":"Masked Bandits","floor":29,"gold_loss":5},{"cards_removed":["Clothesline"],"damage_healed":0,"gold_gain":0,"player_choice":"Purged","damage_taken":0,"max_hp_gain":0,"max_hp_loss":0,"event_name":"Purifier","floor":31,"gold_loss":0}],"is_beta":false,"boss_relics":[{"not_picked":["Black Star","Astrolabe"],"picked":"Runic Pyramid"},{"not_picked":["Eternal Feather","Coffee Dripper"],"picked":"Black Blood"}],"items_purged_floors":[19,28,37],"is_endless":false,"potions_floor_spawned":[2,4,6,14,16,18,22,30,36],"killed_by":"4 Shapes","ascension_level":0}