{"gold_per_floor":[110,126,126,143,158,186,186,200,200,229,199,199,199,218,218,318,318,258,258,258,258,258,258,258,258,258,208,208,208,208,208,208,208],"floor_reached":33,"playtime":1335,"items_purged":[],"score":417,"play_id":"86a071a7-765e-47bf-ad75-2619e89fead3","local_time":"20190226194748","is_ascension_mode":true,"campfire_choices":[{"data":"Spot Weakness","floor":7,"key":"SMITH"},{"data":"Armaments","floor":13,"key":"SMITH"},{"data":"Inflame","floor":15,"key":"SMITH"},{"floor":23,"key":"REST"},{"data":"Armaments","floor":32,"key":"SMITH"}],"neow_cost":"NONE","seed_source_timestamp":951625725965162,"circlet_count":0,"master_deck":["AscendersBane","Defend_R+1","Defend_R+1","Defend_R","Defend_R","Bash","Seeing Red","Spot Weakness+1","Clothesline","Metallicize","Immolate","Inflame+1","Armaments+1","Dual Wield","Limit Break","Battle Trance","Bite","Bite","Bite","Bite","Bite","RitualDagger","Armaments+1","Uppercut","Thunderclap"],"relics":["Burning Blood","NeowsBlessing","Turnip","Self Forming Clay","Omamori","Ectoplasm","Du-Vu Doll","Dream Catcher"],"potions_floor_usage":[10,10,14,16,18,28,28,29],"damage_taken":[{"damage":0,"enemies":"2 Louse","floor":1,"turns":2},{"damage":0,"enemies":"Cultist","floor":2,"turns":1},{"damage":0,"enemies":"Small Slimes","floor":4,"turns":2},{"damage":10,"enemies":"2 Fungi Beasts","floor":5,"turns":4},{"damage":29,"enemies":"3 Sentries","floor":6,"turns":10},{"damage":0,"enemies":"Lots of Slimes","floor":8,"turns":1},{"damage":5,"enemies":"Lagavulin","floor":10,"turns":7},{"damage":2,"enemies":"Blue Slaver","floor":14,"turns":3},{"damage":53,"enemies":"Hexaghost","floor":16,"turns":13},{"damage":32,"enemies":"2 Thieves","floor":18,"turns":4},{"damage":17,"enemies":"Chosen","floor":19,"turns":6},{"damage":24,"enemies":"Snecko","floor":22,"turns":5},{"damage":19,"enemies":"Snake Plant","floor":28,"turns":3},{"damage":17,"enemies":"Centurion and Healer","floor":29,"turns":8},{"damage":9,"enemies":"Cultist and Chosen","floor":30,"turns":6},{"damage":17,"enemies":"Snecko","floor":31,"turns":4},{"damage":74,"enemies":"Automaton","floor":33,"turns":6}],"seed_played":"1305047995437905397","potions_obtained":[{"floor":1,"key":"Dexterity Potion"},{"floor":4,"key":"BloodPotion"},{"floor":6,"key":"Energy Potion"},{"floor":11,"key":"Explosive Potion"},{"floor":11,"key":"Fire Potion"},{"floor":19,"key":"FearPotion"},{"floor":22,"key":"PowerPotion"},{"floor":28,"key":"Weak Potion"},{"floor":31,"key":"FearPotion"}],"is_trial":false,"path_per_floor":["M","M","?","M","M","E","R","M","T","E","?","$","R","M","R","B",null,"M","M","?","?","M","R","?","?","T","?","M","M","M","M","R","B"],"character_chosen":"IRONCLAD","items_purchased":[],"campfire_rested":1,"item_purchase_floors":[],"current_hp_per_floor":[78,80,64,70,66,43,43,49,49,50,50,50,50,54,54,15,64,38,27,27,27,9,33,33,27,27,27,16,27,44,39,39,0],"gold":208,"neow_bonus":"THREE_ENEMY_KILL","is_prod":false,"is_daily":false,"chose_seed":false,"campfire_upgraded":4,"win_rate":0,"timestamp":1551228468,"path_taken":["M","M","?","M","M","E","R","M","T","E","?","$","R","?","R","BOSS","M","M","?","?","?","R","?","?","T","?","M","M","M","M","R","BOSS"],"build_version":"2019-01-23","purchased_purges":0,"victory":false,"max_hp_per_floor":[80,80,80,80,80,80,80,80,80,80,80,80,80,80,80,80,80,80,80,80,80,80,80,56,56,56,56,56,56,56,56,56,56],"card_choices":[{"not_picked":["Bloodletting","Flex"],"picked":"Seeing Red","floor":1},{"not_picked":["Iron Wave","Clothesline"],"picked":"Spot Weakness","floor":2},{"not_picked":["Iron Wave","Havoc"],"picked":"Clothesline","floor":4},{"not_picked":["True Grit","Immolate"],"picked":"Metallicize","floor":5},{"not_picked":["Flex","Intimidate"],"picked":"Immolate","floor":6},{"not_picked":["Clothesline","Thunderclap"],"picked":"Inflame","floor":8},{"not_picked":["Reckless Charge","Dark Embrace"],"picked":"Armaments","floor":10},{"not_picked":["Sword Boomerang","True Grit"],"picked":"Dual Wield","floor":14},{"not_picked":["Brutality","Bludgeon"],"picked":"Limit Break","floor":16},{"not_picked":["True Grit","Pommel Strike","Evolve"],"picked":"SKIP","floor":18},{"not_picked":["Anger","Infernal Blade"],"picked":"Battle Trance","floor":19},{"not_picked":["Sword Boomerang","Hemokinesis","Dropkick"],"picked":"SKIP","floor":22},{"not_picked":["Pommel Strike","Exhume"],"picked":"Armaments","floor":28},{"not_picked":["Clothesline","Twin Strike+1","Warcry"],"picked":"SKIP","floor":29},{"not_picked":["Combust+1","Havoc+1"],"picked":"Uppercut","floor":30},{"not_picked":["Twin Strike","Wild Strike"],"picked":"Thunderclap","floor":31}],"player_experience":327338,"relics_obtained":[{"floor":6,"key":"Turnip"},{"floor":9,"key":"Self Forming Clay"},{"floor":10,"key":"Omamori"},{"floor":26,"key":"Dream Catcher"}],"event_choices":[{"damage_healed":0,"gold_gain":0,"player_choice":"Entered Light","damage_taken":16,"max_hp_gain":0,"max_hp_loss":0,"event_name":"Shining Light","floor":3,"gold_loss":0,"cards_upgraded":["Defend_R","Defend_R"]},{"damage_healed":0,"gold_gain":0,"player_choice":"Bought 2 Potions","damage_taken":0,"max_hp_gain":0,"max_hp_loss":0,"event_name":"The Woman in Blue","floor":11,"gold_loss":0},{"damage_healed":0,"gold_gain":0,"player_choice":"Opened","damage_taken":0,"relics_obtained":["Du-Vu Doll"],"max_hp_gain":0,"max_hp_loss":0,"event_name":"The Mausoleum","floor":20,"gold_loss":0,"cards_obtained":["Writhe"]},{"cards_removed":["Strike_R"],"damage_healed":0,"gold_gain":0,"player_choice":"Card Removal","damage_taken":0,"max_hp_gain":0,"max_hp_loss":0,"event_name":"Wheel of Change","floor":21,"gold_loss":0},{"damage_healed":0,"gold_gain":0,"player_choice":"Became a vampire","damage_taken":0,"max_hp_gain":0,"max_hp_loss":24,"event_name":"Vampires","floor":24,"gold_loss":0,"cards_obtained":["Bite","Bite","Bite","Bite","Bite"]},{"damage_healed":0,"gold_gain":0,"player_choice":"Joined the Cult","damage_taken":6,"max_hp_gain":0,"max_hp_loss":0,"event_name":"Nest","floor":25,"gold_loss":0,"cards_obtained":["RitualDagger"]},{"damage_healed":0,"gold_gain":100,"player_choice":"Bet on Murderer","damage_taken":0,"max_hp_gain":0,"max_hp_loss":0,"event_name":"The Joust","floor":27,"gold_loss":50}],"is_beta":false,"boss_relics":[{"not_picked":["Calling Bell","Runic Dome"],"picked":"Ectoplasm"}],"items_purged_floors":[],"is_endless":false,"potions_floor_spawned":[1,4,6,8,19,22,28,31],"killed_by":"Automaton","ascension_level":10}