{"gold_per_floor":[117,129,49,63,73,104,104,116,142,69,69,69,69,96,96,96],"floor_reached":16,"playtime":730,"items_purged":[],"score":110,"play_id":"c3346321-5883-4099-9392-785d94036fbd","local_time":"20190612225419","is_ascension_mode":false,"campfire_choices":[{"data":"Bullet Time","floor":7,"key":"SMITH"},{"data":"Eviscerate","floor":13,"key":"SMITH"},{"floor":15,"key":"REST"}],"neow_cost":"NONE","seed_source_timestamp":429314721381523,"circlet_count":0,"master_deck":["Defend_G","Defend_G+1","Defend_G","Defend_G","Defend_G+1","Strike_G","Strike_G","Strike_G","Strike_G","Strike_G","Survivor","Neutralize","Bullet Time+1","Dagger Spray","Eviscerate+1","Footwork","Escape Plan","Masterful Stab","Quick Slash"],"relics":["Ring of the Snake","War Paint","Lantern"],"potions_floor_usage":[6,8,14,16],"damage_taken":[{"damage":2,"enemies":"Cultist","floor":1,"turns":4},{"damage":0,"enemies":"2 Louse","floor":2,"turns":1},{"damage":0,"enemies":"Small Slimes","floor":4,"turns":5},{"damage":7,"enemies":"Blue Slaver","floor":5,"turns":5},{"damage":18,"enemies":"3 Sentries","floor":6,"turns":9},{"damage":0,"enemies":"3 Louse","floor":8,"turns":2},{"damage":47,"enemies":"Gremlin Nob","floor":14,"turns":6},{"damage":59,"enemies":"Slime Boss","floor":16,"turns":9}],"seed_played":"-1823026236754628559","potions_obtained":[{"floor":5,"key":"PowerPotion"},{"floor":6,"key":"AttackPotion"},{"floor":8,"key":"Energy Potion"},{"floor":14,"key":"Regen Potion"}],"is_trial":false,"path_per_floor":["M","M","$","M","M","E","R","M","T","$","?","?","R","E","R","B"],"character_chosen":"THE_SILENT","items_purchased":["Footwork","Masterful Stab"],"campfire_rested":1,"item_purchase_floors":[3,10],"current_hp_per_floor":[68,68,68,68,61,43,43,43,43,43,66,66,66,19,40,0],"gold":96,"neow_bonus":"ONE_RANDOM_RARE_CARD","is_prod":false,"is_daily":false,"chose_seed":false,"campfire_upgraded":2,"win_rate":0,"timestamp":1560405259,"path_taken":["M","M","?","M","M","E","R","M","T","$","?","?","R","E","R","BOSS"],"build_version":"2019-01-23","purchased_purges":0,"victory":false,"max_hp_per_floor":[70,70,70,70,70,70,70,70,70,70,70,70,70,70,70,70],"card_choices":[{"not_picked":["Skewer","Escape Plan"],"picked":"Dagger Spray","floor":1},{"not_picked":["Dodge and Roll","Catalyst"],"picked":"Eviscerate","floor":2},{"not_picked":["Blade Dance","Sucker Punch"],"picked":"Escape Plan","floor":4},{"not_picked":["Deadly Poison","Noxious Fumes","Poisoned Stab"],"picked":"SKIP","floor":5},{"not_picked":["Reflex","Sucker Punch","Acrobatics"],"picked":"SKIP","floor":6},{"not_picked":["Dodge and Roll","Noxious Fumes","All Out Attack"],"picked":"SKIP","floor":8},{"not_picked":["Cloak And Dagger","Riddle With Holes"],"picked":"Quick Slash","floor":14}],"player_experience":360292,"relics_obtained":[{"floor":6,"key":"War Paint"},{"floor":14,"key":"Lantern"}],"event_choices":[{"damage_healed":23,"gold_gain":0,"player_choice":"Banana","damage_taken":0,"max_hp_gain":0,"max_hp_loss":0,"event_name":"Big Fish","floor":11,"gold_loss":0},{"damage_healed":0,"gold_gain":0,"player_choice":"Ignored","damage_taken":0,"max_hp_gain":0,"max_hp_loss":0,"event_name":"Golden Idol","floor":12,"gold_loss":0}],"is_beta":false,"boss_relics":[],"items_purged_floors":[],"is_endless":false,"potions_floor_spawned":[5,6,8,14],"killed_by":"Slime Boss","ascension_level":0}