{"gold_per_floor":[118,132,150,168,181,181,212,212,259,259,270,290,300,188,188,286,286,306,59,79,79,91,91,109,109,109,208,225,238,238,238,238,340,340,352,352,77,95,106,106,106,120,120,120,84,84,95,129,129,129],"floor_reached":51,"playtime":2675,"items_purged":["Strike_B","Strike_B","Rip and Tear"],"score":683,"play_id":"d7e71e86-7dde-46cb-bb1b-f26e099fb034","local_time":"20190629110655","is_ascension_mode":false,"campfire_choices":[{"floor":6,"key":"REST"},{"floor":8,"key":"REST"},{"data":"Genetic Algorithm","floor":15,"key":"SMITH"},{"data":"Echo Form","floor":23,"key":"SMITH"},{"data":"Hologram","floor":25,"key":"SMITH"},{"data":"Defragment","floor":30,"key":"SMITH"},{"data":"Auto Shields","floor":32,"key":"SMITH"},{"data":"Reboot","floor":40,"key":"SMITH"},{"data":"Machine Learning","floor":44,"key":"SMITH"},{"data":"Heatsinks","floor":46,"key":"SMITH"},{"data":"Biased Cognition","floor":49,"key":"SMITH"}],"neow_cost":"NONE","seed_source_timestamp":552709007769839,"circlet_count":0,"master_deck":["Zap+1","Dualcast","Genetic Algorithm+1","FTL","Hologram+1","Streamline","Sweeping Beam","Ball Lightning","Machine Learning+1","Go for the Eyes","Electrodynamics","Auto Shields+1","Echo Form+1","Stack","Reinforced Body","Necronomicurse","Aggregate+1","Go for the Eyes+1","Defragment+1","Reboot+1","Biased Cognition+1","Fusion","Glacier","FTL","Heatsinks+1","Coolheaded+1","Leap+1","Self Repair","Tempest","Chaos+1"],"relics":["Cracked Core","Ornamental Fan","Art of War","Coffee Dripper","Oddly Smooth Stone","Necronomicon","DataDisk","Pandora\u0027s Box","Blood Vial","Anchor","Dodecahedron"],"potions_floor_usage":[7,11,18,22,24,24,39,48,50,50],"damage_taken":[{"damage":4,"enemies":"2 Louse","floor":1,"turns":2},{"damage":6,"enemies":"Cultist","floor":2,"turns":3},{"damage":5,"enemies":"Small Slimes","floor":3,"turns":3},{"damage":0,"enemies":"Looter","floor":4,"turns":3},{"damage":11,"enemies":"3 Louse","floor":5,"turns":3},{"damage":23,"enemies":"Lagavulin","floor":7,"turns":5},{"damage":0,"enemies":"Red Slaver","floor":11,"turns":3},{"damage":0,"enemies":"Lots of Slimes","floor":12,"turns":1},{"damage":0,"enemies":"Large Slime","floor":13,"turns":4},{"damage":6,"enemies":"Slime Boss","floor":16,"turns":5},{"damage":0,"enemies":"Spheric Guardian","floor":18,"turns":3},{"damage":2,"enemies":"Shell Parasite","floor":20,"turns":5},{"damage":0,"enemies":"Sentry and Sphere","floor":22,"turns":3},{"damage":13,"enemies":"Snake Plant","floor":24,"turns":3},{"damage":0,"enemies":"Snecko","floor":28,"turns":4},{"damage":4,"enemies":"Centurion and Healer","floor":29,"turns":6},{"damage":12,"enemies":"Champ","floor":33,"turns":12},{"damage":9,"enemies":"3 Shapes","floor":35,"turns":3},{"damage":2,"enemies":"Orb Walker","floor":38,"turns":3},{"damage":8,"enemies":"Writhing Mass","floor":39,"turns":4},{"damage":0,"enemies":"Transient","floor":42,"turns":5},{"damage":0,"enemies":"Maw","floor":47,"turns":7},{"damage":16,"enemies":"Giant Head","floor":48,"turns":11},{"damage":42,"enemies":"Donu and Deca","floor":50,"turns":6}],"seed_played":"223104369577875041","potions_obtained":[{"floor":3,"key":"PowerPotion"},{"floor":7,"key":"EssenceOfSteel"},{"floor":12,"key":"Strength Potion"},{"floor":13,"key":"Dexterity Potion"},{"floor":18,"key":"PowerPotion"},{"floor":20,"key":"Explosive Potion"},{"floor":33,"key":"AttackPotion"},{"floor":42,"key":"Regen Potion"},{"floor":47,"key":"Fire Potion"},{"floor":48,"key":"SneckoOil"}],"is_trial":false,"path_per_floor":["M","M","M","M","M","R","E","R","T","?","M","M","M","$","R","B",null,"M","$","M","?","M","R","M","R","T","?","M","M","R","?","R","B",null,"M","?","$","M","M","R","?","M","T","R","$","R","M","E","R","B",null],"character_chosen":"DEFECT","items_purchased":["Auto Shields","Oddly Smooth Stone","Blood Vial","Self Repair"],"campfire_rested":2,"item_purchase_floors":[14,19,37,45],"current_hp_per_floor":[71,65,60,60,49,71,48,70,70,70,70,70,70,70,70,64,75,75,75,73,57,57,57,44,44,44,44,44,40,40,40,40,28,75,66,66,66,66,60,60,60,62,62,62,62,62,71,73,73,33],"gold":129,"neow_bonus":"UPGRADE_CARD","is_prod":false,"is_daily":false,"chose_seed":false,"campfire_upgraded":9,"win_rate":0,"timestamp":1561831615,"path_taken":["M","M","M","M","M","R","E","R","T","?","M","M","?","?","R","BOSS","M","$","M","?","M","R","M","R","T","?","M","M","R","?","R","BOSS","M","?","$","M","M","R","?","?","T","R","?","R","?","E","R","BOSS"],"build_version":"2019-01-23","purchased_purges":3,"victory":true,"max_hp_per_floor":[75,75,75,75,75,75,75,75,75,75,75,75,75,75,75,75,75,75,75,75,75,75,75,75,75,75,75,75,75,75,75,75,75,75,75,75,75,75,75,75,75,75,75,75,75,75,75,75,75,75],"card_choices":[{"not_picked":["Redo","Compile Driver"],"picked":"Genetic Algorithm","floor":1},{"not_picked":["Barrage","Rebound"],"picked":"FTL","floor":2},{"not_picked":["Compile Driver","Storm"],"picked":"Hologram","floor":3},{"not_picked":["Recycle","Heatsinks"],"picked":"Streamline","floor":4},{"not_picked":["Coolheaded","White Noise"],"picked":"Sweeping Beam","floor":5},{"not_picked":["Sunder","Skim"],"picked":"Ball Lightning","floor":7},{"not_picked":["Chill","Hologram","Gash"],"picked":"SKIP","floor":11},{"not_picked":["Steam","Hologram"],"picked":"Go for the Eyes","floor":12},{"not_picked":["Streamline","Ball Lightning"],"picked":"Electrodynamics","floor":13},{"not_picked":["Electrodynamics","Biased Cognition"],"picked":"Echo Form","floor":16},{"not_picked":["Heatsinks","Go for the Eyes+1"],"picked":"Stack","floor":18},{"not_picked":["Coolheaded","Gash"],"picked":"Reinforced Body","floor":20},{"not_picked":["BootSequence","Leap"],"picked":"Aggregate+1","floor":22},{"not_picked":["Coolheaded","Auto Shields"],"picked":"Go for the Eyes+1","floor":24},{"not_picked":["FTL","Barrage+1","Chaos"],"picked":"SKIP","floor":28},{"not_picked":["Skim","Force Field"],"picked":"Defragment","floor":29},{"not_picked":["Hyperbeam","Buffer"],"picked":"Reboot","floor":33},{"not_picked":["Static Discharge","Gash+1","Beam Cell"],"picked":"SKIP","floor":35},{"not_picked":["Reprogram+1","Sweeping Beam","Gash"],"picked":"SKIP","floor":38},{"not_picked":["Barrage+1","Genetic Algorithm"],"picked":"Coolheaded","floor":39},{"not_picked":["Auto Shields","Streamline"],"picked":"Leap+1","floor":42},{"not_picked":["Doom and Gloom+1","Barrage"],"picked":"Tempest","floor":47},{"not_picked":["Reboot","Compile Driver+1"],"picked":"Chaos+1","floor":48}],"player_experience":520279,"relics_obtained":[{"floor":7,"key":"Ornamental Fan"},{"floor":9,"key":"Art of War"},{"floor":21,"key":"Necronomicon"},{"floor":26,"key":"DataDisk"},{"floor":43,"key":"Anchor"},{"floor":48,"key":"Dodecahedron"}],"event_choices":[{"damage_healed":0,"gold_gain":0,"player_choice":"1 cards matched","damage_taken":0,"max_hp_gain":0,"max_hp_loss":0,"event_name":"Match and Keep!","floor":10,"gold_loss":0,"cards_obtained":["Machine Learning"]},{"damage_healed":0,"gold_gain":0,"player_choice":"Obtained Book","damage_taken":16,"max_hp_gain":0,"max_hp_loss":0,"event_name":"Cursed Tome","floor":21,"gold_loss":0},{"damage_healed":0,"gold_gain":99,"player_choice":"Stole From Cult","damage_taken":0,"max_hp_gain":0,"max_hp_loss":0,"event_name":"Nest","floor":27,"gold_loss":0},{"damage_healed":0,"gold_gain":0,"player_choice":"Ignored","damage_taken":0,"max_hp_gain":0,"max_hp_loss":0,"event_name":"The Mausoleum","floor":31,"gold_loss":0},{"damage_healed":0,"gold_gain":0,"player_choice":"Ignored","damage_taken":0,"max_hp_gain":0,"max_hp_loss":0,"event_name":"Tomb of Lord Red Mask","floor":36,"gold_loss":0},{"damage_healed":0,"gold_gain":0,"player_choice":"Forge","damage_taken":0,"max_hp_gain":0,"max_hp_loss":0,"event_name":"Accursed Blacksmith","floor":41,"gold_loss":0,"cards_upgraded":["Coolheaded"]}],"is_beta":false,"boss_relics":[{"not_picked":["Orrery","Runic Dome"],"picked":"Coffee Dripper"},{"not_picked":["Tiny House","Lizard Tail"],"picked":"Pandora\u0027s Box"}],"items_purged_floors":[14,19,37],"is_endless":false,"potions_floor_spawned":[3,7,12,13,18,20,33,42,47,48],"ascension_level":0}