{"gold_per_floor":[118,137,137,212,212,212,223,254,278,278,113,133,144,176,176,253,253,268,279,293,293,293,332,344,367,456,468,496,520,532,557,569,655,667,698,710,722,753,815,827,869,893,932,944,971,1001,1026,1052,1064,1076],"floor_reached":51,"playtime":3512,"items_purged":[],"score":1293,"play_id":"8474bc6d-b0ff-4487-953b-22a9f241a6ad","local_time":"20190512000224","is_ascension_mode":true,"campfire_choices":[{"data":"Neutralize","floor":6,"key":"SMITH"},{"data":"All Out Attack","floor":10,"key":"SMITH"},{"data":"Noxious Fumes","floor":15,"key":"SMITH"},{"data":"After Image","floor":24,"key":"SMITH"},{"data":"Backflip","floor":27,"key":"SMITH"},{"data":"Blur","floor":30,"key":"SMITH"},{"data":"Catalyst","floor":32,"key":"SMITH"},{"data":"Mind Blast","floor":40,"key":"SMITH"},{"data":"Survivor","floor":44,"key":"SMITH"},{"data":"Footwork","floor":49,"key":"SMITH"}],"neow_cost":"NONE","seed_source_timestamp":501450604636683,"circlet_count":0,"master_deck":["AscendersBane","Defend_G","Defend_G","Defend_G","Defend_G","Defend_G","Strike_G","Strike_G","Strike_G","Strike_G","Survivor+1","Neutralize+1","Glass Knife+1","Well Laid Plans","Backflip+1","All Out Attack+1","Escape Plan","Noxious Fumes+1","Dash","Blur+1","After Image+1","Prepared","Leg Sweep+1","Writhe","Catalyst+1","Calculated Gamble","PiercingWail+1","Bouncing Flask+1","Dagger Spray","Bullet Time+1","Backflip+1","Cloak And Dagger+1","Escape Plan+1","Backflip+1","Acrobatics+1","Leg Sweep+1","Mind Blast+1","Underhanded Strike","Blur+1","Backflip+1","Parasite","Blur+1","Footwork+1","Catalyst+1"],"relics":["Ring of the Snake","Anchor","Ninja Scroll","Blood Vial","Paper Crane","Sozu","MawBank","Smiling Mask","Toxic Egg 2","Orrery","Letter Opener","Bag of Preparation"],"potions_floor_usage":[14,23,23],"damage_taken":[{"damage":0,"enemies":"Jaw Worm","floor":1,"turns":3},{"damage":2,"enemies":"Small Slimes","floor":2,"turns":4},{"damage":0,"enemies":"2 Louse","floor":7,"turns":3},{"damage":10,"enemies":"3 Sentries","floor":8,"turns":7},{"damage":0,"enemies":"Exordium Thugs","floor":12,"turns":3},{"damage":0,"enemies":"Lots of Slimes","floor":13,"turns":1},{"damage":7,"enemies":"Lagavulin","floor":14,"turns":5},{"damage":15,"enemies":"The Guardian","floor":16,"turns":13},{"damage":4,"enemies":"2 Thieves","floor":18,"turns":4},{"damage":0,"enemies":"Chosen","floor":19,"turns":5},{"damage":0,"enemies":"Snake Plant","floor":20,"turns":6},{"damage":12,"enemies":"Gremlin Leader","floor":23,"turns":9},{"damage":6,"enemies":"Sentry and Sphere","floor":25,"turns":7},{"damage":13,"enemies":"Chosen and Byrds","floor":28,"turns":8},{"damage":0,"enemies":"Snake Plant","floor":29,"turns":6},{"damage":0,"enemies":"Sentry and Sphere","floor":31,"turns":5},{"damage":3,"enemies":"Collector","floor":33,"turns":12},{"damage":0,"enemies":"3 Shapes","floor":35,"turns":6},{"damage":2,"enemies":"Orb Walker","floor":38,"turns":5},{"damage":3,"enemies":"Nemesis","floor":41,"turns":7},{"damage":0,"enemies":"Jaw Worm Horde","floor":42,"turns":4},{"damage":3,"enemies":"Writhing Mass","floor":45,"turns":9},{"damage":9,"enemies":"Transient","floor":46,"turns":5},{"damage":0,"enemies":"Sphere and 2 Shapes","floor":47,"turns":5},{"damage":0,"enemies":"Maw","floor":48,"turns":8},{"damage":6,"enemies":"Awakened One","floor":50,"turns":21}],"seed_played":"1915161981032147876","potions_obtained":[{"floor":1,"key":"FearPotion"},{"floor":8,"key":"AttackPotion"},{"floor":14,"key":"Weak Potion"},{"floor":16,"key":"Regen Potion"}],"is_trial":false,"path_per_floor":["M","M","?","?","?","R","M","E","T","R","$","M","M","E","R","B",null,"M","M","M","?","?","E","R","M","T","R","M","M","R","M","R","B",null,"M","?","?","M","?","R","E","M","T","R","M","M","M","M","R","B",null],"character_chosen":"THE_SILENT","items_purchased":["Noxious Fumes","Dash"],"campfire_rested":0,"item_purchase_floors":[11,11],"current_hp_per_floor":[59,57,52,41,41,41,41,31,31,31,31,33,35,30,30,17,54,52,54,56,56,56,56,56,52,52,52,41,43,43,45,45,44,61,63,63,63,63,63,63,62,64,64,64,63,56,58,60,60,56],"gold":1088,"neow_bonus":"ONE_RANDOM_RARE_CARD","is_prod":false,"is_daily":false,"chose_seed":false,"campfire_upgraded":10,"win_rate":0,"timestamp":1557644544,"path_taken":["M","M","?","?","?","R","M","E","T","R","$","M","?","E","R","BOSS","M","M","M","?","?","E","R","?","T","R","M","?","R","M","R","BOSS","M","?","?","M","?","R","E","M","T","R","M","M","M","M","R","BOSS"],"build_version":"2019-01-23","purchased_purges":0,"victory":true,"max_hp_per_floor":[66,66,66,66,66,66,66,66,66,66,66,66,66,66,66,66,66,66,66,66,66,66,66,66,66,66,66,66,66,66,66,66,66,66,66,66,66,66,66,66,66,66,66,66,66,66,66,66,66,66],"card_choices":[{"not_picked":["Acrobatics","Heel Hook"],"picked":"Well Laid Plans","floor":1},{"not_picked":["Masterful Stab","Bane"],"picked":"Backflip","floor":2},{"not_picked":["Outmaneuver","Acrobatics"],"picked":"All Out Attack","floor":7},{"not_picked":["Outmaneuver","Slice"],"picked":"Escape Plan","floor":8},{"not_picked":["Blade Dance","Backstab","Skewer"],"picked":"SKIP","floor":12},{"not_picked":["Choke","Terror"],"picked":"Blur","floor":13},{"not_picked":["Bane","Distraction","Dagger Throw"],"picked":"SKIP","floor":14},{"not_picked":["Die Die Die","Grand Finale"],"picked":"After Image","floor":16},{"not_picked":["Outmaneuver","Poisoned Stab","Blade Dance"],"picked":"SKIP","floor":18},{"not_picked":["Distraction","Infinite Blades"],"picked":"Prepared","floor":19},{"not_picked":["Flying Knee","Acrobatics"],"picked":"Leg Sweep+1","floor":20},{"not_picked":["Skewer","Backflip"],"picked":"Catalyst","floor":23},{"not_picked":["Backstab+1","Poisoned Stab+1"],"picked":"Calculated Gamble","floor":25},{"not_picked":["Escape Plan+1","Venomology+1"],"picked":"PiercingWail+1","floor":28},{"not_picked":["Reflex+1","Skewer"],"picked":"Bouncing Flask+1","floor":29},{"not_picked":["Blade Dance+1","Poisoned Stab"],"picked":"Dagger Spray","floor":31},{"not_picked":["Wraith Form v2","Glass Knife"],"picked":"Bullet Time+1","floor":33},{"not_picked":["Deflect+1","Deadly Poison+1"],"picked":"Backflip+1","floor":34},{"not_picked":["Eviscerate+1","Flechettes+1"],"picked":"Cloak And Dagger+1","floor":34},{"not_picked":["Prepared+1","PiercingWail+1"],"picked":"Escape Plan+1","floor":34},{"not_picked":["Deadly Poison+1","Dagger Spray"],"picked":"Backflip+1","floor":34},{"not_picked":["PiercingWail+1","Dash"],"picked":"Acrobatics+1","floor":34},{"not_picked":["Blade Dance+1","Bane+1"],"picked":"Leg Sweep+1","floor":35},{"not_picked":["Chrysalis+1","Dramatic Entrance"],"picked":"Mind Blast","floor":37},{"not_picked":["Riddle With Holes","Calculated Gamble+1"],"picked":"Underhanded Strike","floor":38},{"not_picked":["Outmaneuver+1","Sucker Punch"],"picked":"Blur+1","floor":41},{"not_picked":["Sucker Punch","Dash"],"picked":"Backflip+1","floor":42},{"not_picked":["Deadly Poison+1","PiercingWail+1"],"picked":"Blur+1","floor":45},{"not_picked":["Flying Knee","Endless Agony+1","Predator"],"picked":"SKIP","floor":46},{"not_picked":["Accuracy","Poisoned Stab"],"picked":"Footwork","floor":47},{"not_picked":["Acrobatics+1","Flying Knee"],"picked":"Catalyst+1","floor":48}],"player_experience":916164,"relics_obtained":[{"floor":8,"key":"Ninja Scroll"},{"floor":9,"key":"Blood Vial"},{"floor":14,"key":"Paper Crane"},{"floor":23,"key":"Smiling Mask"},{"floor":26,"key":"Toxic Egg 2"},{"floor":41,"key":"Letter Opener"},{"floor":43,"key":"Bag of Preparation"}],"event_choices":[{"damage_healed":0,"gold_gain":0,"player_choice":"Success","damage_taken":5,"relics_obtained":["Anchor"],"max_hp_gain":0,"max_hp_loss":0,"event_name":"Scrap Ooze","floor":3,"gold_loss":0},{"damage_healed":0,"gold_gain":75,"player_choice":"Gather Gold","damage_taken":11,"max_hp_gain":0,"max_hp_loss":0,"event_name":"World of Goop","floor":4,"gold_loss":0},{"damage_healed":0,"gold_gain":0,"player_choice":"Grow","damage_taken":0,"max_hp_gain":0,"max_hp_loss":0,"event_name":"Living Wall","floor":5,"gold_loss":0,"cards_upgraded":["Glass Knife"]},{"damage_healed":0,"gold_gain":0,"player_choice":"Ignored","damage_taken":0,"max_hp_gain":0,"max_hp_loss":0,"event_name":"Ghosts","floor":21,"gold_loss":0},{"damage_healed":0,"gold_gain":0,"player_choice":"Opened","damage_taken":0,"relics_obtained":["MawBank"],"max_hp_gain":0,"max_hp_loss":0,"event_name":"The Mausoleum","floor":22,"gold_loss":0,"cards_obtained":["Writhe"]},{"cards_removed":["Strike_G"],"damage_healed":0,"gold_gain":0,"player_choice":"Removed Attack","damage_taken":0,"max_hp_gain":0,"max_hp_loss":0,"event_name":"Falling","floor":36,"gold_loss":0},{"damage_healed":0,"gold_gain":0,"player_choice":"Memory 1","damage_taken":0,"max_hp_gain":0,"max_hp_loss":0,"event_name":"SensoryStone","floor":37,"gold_loss":0},{"damage_healed":0,"gold_gain":50,"player_choice":"Pray","damage_taken":0,"max_hp_gain":0,"max_hp_loss":0,"event_name":"Golden Shrine","floor":39,"gold_loss":0}],"is_beta":false,"boss_relics":[{"not_picked":["HoveringKite","Astrolabe"],"picked":"Sozu"},{"not_picked":["Philosopher\u0027s Stone","Runic Dome"],"picked":"Orrery"}],"items_purged_floors":[],"is_endless":false,"potions_floor_spawned":[1,8,14,16,19,23,29,31,35,38,41],"ascension_level":16}