{"gold_per_floor":[113,126,126,142,142,142,105,121,121,147,147,179,125,138,138,138],"floor_reached":16,"playtime":453,"items_purged":[],"score":182,"play_id":"7ff259d1-ec82-4ac2-90be-3d89e1701b58","local_time":"20190315191954","is_ascension_mode":true,"campfire_choices":[{"data":"Perfected Strike","floor":6,"key":"SMITH"},{"data":"Rupture","floor":11,"key":"SMITH"},{"data":"Perfected Strike","floor":15,"key":"SMITH"}],"neow_cost":"TEN_PERCENT_HP_LOSS","seed_source_timestamp":2416059468666462,"circlet_count":0,"master_deck":["AscendersBane","Strike_R","Strike_R","Strike_R","Strike_R","Strike_R","Defend_R","Defend_R","Defend_R","Defend_R","Bash","Cleave","Combust","Perfected Strike+1","Perfected Strike+1","Perfected Strike+1","Rupture+1","Pommel Strike","Twin Strike","True Grit","Pommel Strike+1","Pommel Strike+1"],"relics":["Burning Blood","Prayer Wheel","Mango","Girya","Molten Egg 2"],"potions_floor_usage":[10],"damage_taken":[{"damage":0,"enemies":"Small Slimes","floor":1,"turns":3},{"damage":23,"enemies":"Jaw Worm","floor":2,"turns":4},{"damage":3,"enemies":"2 Louse","floor":4,"turns":2},{"damage":13,"enemies":"Large Slime","floor":8,"turns":5},{"damage":16,"enemies":"3 Sentries","floor":10,"turns":4},{"damage":16,"enemies":"Gremlin Nob","floor":12,"turns":3},{"damage":6,"enemies":"Blue Slaver","floor":14,"turns":2},{"damage":46,"enemies":"The Guardian","floor":16,"turns":7}],"seed_played":"-3657945097228028191","potions_obtained":[{"floor":8,"key":"SteroidPotion"}],"is_trial":false,"path_per_floor":["M","M","?","M","?","R","$","M","T","E","R","E","$","M","R","B"],"character_chosen":"IRONCLAD","items_purchased":["Rupture","True Grit"],"campfire_rested":0,"item_purchase_floors":[7,13],"current_hp_per_floor":[72,55,55,58,58,58,58,51,65,55,55,45,45,45,45,0],"gold":138,"neow_bonus":"ONE_RARE_RELIC","is_prod":false,"is_daily":false,"chose_seed":false,"campfire_upgraded":3,"win_rate":0,"timestamp":1552691994,"path_taken":["M","M","?","M","?","R","$","M","T","E","R","E","$","M","R","BOSS"],"build_version":"2019-01-23","purchased_purges":0,"victory":false,"max_hp_per_floor":[72,72,72,72,72,72,72,72,86,86,86,86,86,86,86,86],"card_choices":[{"not_picked":["Iron Wave","Wild Strike"],"picked":"Cleave","floor":1},{"not_picked":["True Grit","Pummel"],"picked":"Combust","floor":1},{"not_picked":["Reckless Charge","Flex"],"picked":"Perfected Strike","floor":2},{"not_picked":["Clothesline","Twin Strike"],"picked":"Perfected Strike","floor":2},{"not_picked":["Havoc","Flex"],"picked":"Perfected Strike","floor":4},{"not_picked":["Headbutt","Clothesline","Clash"],"picked":"SKIP","floor":4},{"not_picked":["Heavy Blade","Berserk"],"picked":"Pommel Strike","floor":8},{"not_picked":["Havoc","Warcry"],"picked":"Twin Strike","floor":8},{"not_picked":["Havoc","Clash","Disarm"],"picked":"SKIP","floor":10},{"not_picked":["Inflame","Warcry","Rampage"],"picked":"SKIP","floor":12},{"not_picked":["Flex","Second Wind"],"picked":"Pommel Strike+1","floor":14},{"not_picked":["Sentinel","Infernal Blade"],"picked":"Pommel Strike+1","floor":14}],"player_experience":394141,"relics_obtained":[{"floor":9,"key":"Mango"},{"floor":10,"key":"Girya"},{"floor":12,"key":"Molten Egg 2"}],"event_choices":[{"damage_healed":0,"gold_gain":0,"player_choice":"Ignored","damage_taken":0,"max_hp_gain":0,"max_hp_loss":0,"event_name":"Golden Wing","floor":3,"gold_loss":0},{"damage_healed":0,"gold_gain":0,"player_choice":"Grow","damage_taken":0,"max_hp_gain":0,"max_hp_loss":0,"event_name":"Living Wall","floor":5,"gold_loss":0,"cards_upgraded":["Perfected Strike"]}],"is_beta":false,"boss_relics":[],"items_purged_floors":[],"is_endless":false,"potions_floor_spawned":[8],"killed_by":"The Guardian","ascension_level":13}