{"gold_per_floor":[111,111,111,32,51,77,77,110,110,110,123,43,55,71,71,144,144,155,155,114,130,130],"floor_reached":22,"playtime":842,"items_purged":[],"score":480,"play_id":"a9ae9282-66bb-4776-8075-6dc11c962ee1","local_time":"20190526172617","is_ascension_mode":true,"campfire_choices":[{"data":"Catalyst","floor":7,"key":"SMITH"},{"floor":10,"key":"REST"},{"data":"Footwork","floor":15,"key":"SMITH"}],"neow_cost":"NONE","seed_source_timestamp":778124598625678,"circlet_count":0,"master_deck":["AscendersBane","Defend_G","Defend_G","Defend_G","Defend_G","Defend_G","Strike_G","Strike_G","Strike_G","Strike_G","Survivor","Neutralize+1","Catalyst+1","Noxious Fumes","Bouncing Flask","Backstab","Sucker Punch+1","Footwork+1","Footwork","Dodge and Roll","Burst","Bane+1"],"relics":["Ring of the Snake","NeowsBlessing","Blue Candle","Pen Nib","Molten Egg 2","Sozu"],"potions_floor_usage":[21,22],"damage_taken":[{"damage":0,"enemies":"Jaw Worm","floor":1,"turns":1},{"damage":0,"enemies":"Cultist","floor":5,"turns":1},{"damage":0,"enemies":"Lagavulin","floor":6,"turns":1},{"damage":36,"enemies":"3 Sentries","floor":8,"turns":7},{"damage":0,"enemies":"Small Slimes","floor":11,"turns":3},{"damage":4,"enemies":"Looter","floor":13,"turns":4},{"damage":0,"enemies":"Red Slaver","floor":14,"turns":1},{"damage":20,"enemies":"The Guardian","floor":16,"turns":8},{"damage":6,"enemies":"Spheric Guardian","floor":18,"turns":6},{"damage":20,"enemies":"2 Thieves","floor":20,"turns":5},{"damage":36,"enemies":"Shelled Parasite and Fungi","floor":21,"turns":7},{"damage":11,"enemies":"Centurion and Healer","floor":22,"turns":2}],"seed_played":"-9210956704705078698","potions_obtained":[{"floor":6,"key":"SpeedPotion"},{"floor":8,"key":"SpeedPotion"}],"is_trial":false,"path_per_floor":["M","?","?","$","M","E","R","E","T","R","M","$","M","M","R","B",null,"M","?","M","M","M"],"character_chosen":"THE_SILENT","items_purchased":["Noxious Fumes","Footwork"],"campfire_rested":1,"item_purchase_floors":[4,12],"current_hp_per_floor":[59,52,52,52,52,52,52,16,16,35,35,35,31,31,31,11,52,46,66,46,10,0],"gold":130,"neow_bonus":"THREE_ENEMY_KILL","is_prod":false,"is_daily":false,"chose_seed":false,"campfire_upgraded":2,"win_rate":0,"timestamp":1558905977,"path_taken":["M","?","?","$","M","E","R","E","T","R","M","?","M","?","R","BOSS","M","?","M","M","?"],"build_version":"2019-01-23","purchased_purges":0,"victory":false,"max_hp_per_floor":[66,66,66,66,66,66,66,66,66,66,66,66,66,66,66,66,66,66,66,66,66,66],"card_choices":[{"not_picked":["Bane","Backflip"],"picked":"Catalyst","floor":1},{"not_picked":["PiercingWail","Deflect"],"picked":"Bouncing Flask","floor":5},{"not_picked":["Distraction","Calculated Gamble","Concentrate"],"picked":"SKIP","floor":6},{"not_picked":["Tactician","All Out Attack"],"picked":"Backstab","floor":8},{"not_picked":["Quick Slash+1","PiercingWail"],"picked":"Sucker Punch+1","floor":11},{"not_picked":["Dagger Spray+1","Choke+1"],"picked":"Footwork","floor":13},{"not_picked":["Backflip","Dagger Throw+1"],"picked":"Dodge and Roll","floor":14},{"not_picked":["Night Terror","Adrenaline"],"picked":"Burst","floor":16},{"not_picked":["Prepared","Bane+1"],"picked":"Skewer+1","floor":18},{"not_picked":["Bane+1","Acrobatics","Backstab+1"],"picked":"SKIP","floor":20},{"not_picked":["Acrobatics","Backstab+1"],"picked":"Bane+1","floor":20},{"not_picked":["Bane+1","Dash+1","Quick Slash+1"],"picked":"SKIP","floor":21}],"player_experience":765044,"relics_obtained":[{"floor":6,"key":"Blue Candle"},{"floor":8,"key":"Pen Nib"},{"floor":9,"key":"Molten Egg 2"}],"event_choices":[{"cards_removed":["Strike_G"],"damage_healed":0,"gold_gain":0,"player_choice":"Card Removal","damage_taken":7,"max_hp_gain":0,"max_hp_loss":0,"event_name":"Golden Wing","floor":2,"gold_loss":0},{"damage_healed":0,"gold_gain":0,"player_choice":"Grow","damage_taken":0,"max_hp_gain":0,"max_hp_loss":0,"event_name":"Living Wall","floor":3,"gold_loss":0,"cards_upgraded":["Neutralize"]},{"cards_removed":["Skewer"],"damage_healed":20,"gold_gain":0,"player_choice":"Offered Uncommon","damage_taken":0,"max_hp_gain":0,"max_hp_loss":0,"event_name":"Bonfire Elementals","floor":19,"gold_loss":0}],"is_beta":false,"boss_relics":[{"not_picked":["Coffee Dripper","White Beast Statue"],"picked":"Sozu"}],"items_purged_floors":[],"is_endless":false,"potions_floor_spawned":[6,8,11,18,20],"killed_by":"Centurion and Healer","ascension_level":19}