{"gold_per_floor":[110,126,126,144,164,164,185,185,266,69,69,79,98,132,132,233,233,243,257,257,267,22,22,22,22,22,36,46,46],"floor_reached":29,"playtime":1945,"items_purged":["Defend_B","Defend_B"],"score":227,"play_id":"b54bf710-0bd3-477d-b558-b1e68a1d8606","local_time":"20190430232807","is_ascension_mode":false,"campfire_choices":[{"floor":6,"key":"REST"},{"data":"Defragment","floor":8,"key":"SMITH"},{"floor":15,"key":"REST"},{"floor":23,"key":"REST"},{"data":"Redo","floor":25,"key":"SMITH"}],"neow_cost":"NONE","seed_source_timestamp":222307354257420,"circlet_count":0,"master_deck":["Strike_B","Strike_B","Defend_B","Defend_B","Zap","Dualcast","Reboot","Conserve Battery","Defragment","Sunder","Defragment+1","Ball Lightning","Capacitor","Cold Snap","Rainbow","Fusion+1","Coolheaded","RitualDagger","Storm","Redo+1","Redo","Self Repair+1"],"relics":["Cracked Core","Odd Mushroom","Tiny Chest","Bag of Marbles","Nuclear Battery","Blood Vial","Ancient Tea Set"],"potions_floor_usage":[13,16,21,21,28,29],"damage_taken":[{"damage":1,"enemies":"Jaw Worm","floor":1,"turns":3},{"damage":5,"enemies":"Small Slimes","floor":2,"turns":3},{"damage":5,"enemies":"2 Louse","floor":4,"turns":2},{"damage":2,"enemies":"Blue Slaver","floor":5,"turns":4},{"damage":8,"enemies":"The Mushroom Lair","floor":7,"turns":4},{"damage":6,"enemies":"3 Louse","floor":12,"turns":2},{"damage":5,"enemies":"Looter","floor":13,"turns":3},{"damage":10,"enemies":"3 Sentries","floor":14,"turns":5},{"damage":42,"enemies":"The Guardian","floor":16,"turns":9},{"damage":12,"enemies":"Shell Parasite","floor":18,"turns":5},{"damage":0,"enemies":"Chosen","floor":19,"turns":4},{"damage":12,"enemies":"Snake Plant","floor":21,"turns":4},{"damage":13,"enemies":"Centurion and Healer","floor":27,"turns":6},{"damage":15,"enemies":"Cultist and Chosen","floor":28,"turns":7},{"damage":55,"enemies":"Slavers","floor":29,"turns":3}],"seed_played":"3840813256398304161","potions_obtained":[{"floor":1,"key":"SpeedPotion"},{"floor":5,"key":"Block Potion"},{"floor":7,"key":"FearPotion"},{"floor":16,"key":"Fire Potion"},{"floor":18,"key":"Swift Potion"},{"floor":21,"key":"Strength Potion"},{"floor":27,"key":"FocusPotion"}],"is_trial":false,"path_per_floor":["M","M","?","M","M","R","?","R","T","$","?","M","M","E","R","B",null,"M","M","?","M","$","R","?","R","T","M","M","E"],"character_chosen":"DEFECT","items_purchased":["Ball Lightning","Capacitor","Blood Vial"],"campfire_rested":3,"item_purchase_floors":[10,10,22],"current_hp_per_floor":[74,69,62,57,55,75,67,67,67,67,72,66,61,51,75,33,80,68,68,62,50,50,74,74,74,74,63,50,0],"gold":46,"neow_bonus":"TRANSFORM_CARD","is_prod":false,"is_daily":false,"chose_seed":false,"campfire_upgraded":2,"win_rate":0.0,"timestamp":1556692087,"path_taken":["M","M","?","M","M","R","?","R","T","$","?","M","?","E","R","BOSS","M","M","?","M","$","R","?","R","T","M","M","E"],"build_version":"2019-01-23","purchased_purges":2,"victory":false,"max_hp_per_floor":[75,75,75,75,75,75,75,75,75,75,80,80,80,80,80,80,80,80,80,80,80,80,80,80,80,80,80,80,80],"card_choices":[{"not_picked":["Reinforced Body","Heatsinks"],"picked":"Conserve Battery","floor":1},{"not_picked":["Streamline","Consume"],"picked":"Defragment","floor":2},{"not_picked":["Reinforced Body","Hologram"],"picked":"Sunder","floor":4},{"not_picked":["Fusion","Redo"],"picked":"Defragment","floor":5},{"not_picked":["Chill","Steam"],"picked":"Cold Snap","floor":12},{"not_picked":["BootSequence","Melter","Streamline"],"picked":"SKIP","floor":13},{"not_picked":["All For One","Compile Driver","Reprogram"],"picked":"SKIP","floor":14},{"not_picked":["Seek","Multi-Cast"],"picked":"Rainbow","floor":16},{"not_picked":["White Noise+1","Loop"],"picked":"Fusion+1","floor":18},{"not_picked":["Force Field+1","Stack"],"picked":"Coolheaded","floor":19},{"not_picked":["Force Field","Streamline"],"picked":"Storm","floor":21},{"not_picked":["Compile Driver","Gash"],"picked":"Redo","floor":27},{"not_picked":["Force Field","Barrage+1"],"picked":"Self Repair+1","floor":28}],"player_experience":90043,"relics_obtained":[{"floor":7,"key":"Odd Mushroom"},{"floor":9,"key":"Tiny Chest"},{"floor":14,"key":"Bag of Marbles"},{"floor":26,"key":"Ancient Tea Set"}],"event_choices":[{"cards_removed":["Strike_B"],"damage_healed":0,"gold_gain":0,"player_choice":"Card Removal","damage_taken":7,"max_hp_gain":0,"max_hp_loss":0,"event_name":"Golden Wing","floor":3,"gold_loss":0},{"damage_healed":0,"gold_gain":0,"player_choice":"Fought Mushrooms","damage_taken":0,"max_hp_gain":0,"max_hp_loss":0,"event_name":"Mushrooms","floor":7,"gold_loss":0},{"damage_healed":0,"gold_gain":0,"player_choice":"Donut","damage_taken":0,"max_hp_gain":5,"max_hp_loss":0,"event_name":"Big Fish","floor":11,"gold_loss":0},{"damage_healed":0,"gold_gain":0,"player_choice":"Joined the Cult","damage_taken":6,"max_hp_gain":0,"max_hp_loss":0,"event_name":"Nest","floor":20,"gold_loss":0,"cards_obtained":["RitualDagger"]},{"damage_healed":0,"gold_gain":0,"player_choice":"Read","damage_taken":0,"max_hp_gain":0,"max_hp_loss":0,"event_name":"The Library","floor":24,"gold_loss":0,"cards_obtained":["Redo"]}],"is_beta":false,"boss_relics":[{"not_picked":["Eternal Feather","Sozu"],"picked":"Nuclear Battery"}],"items_purged_floors":[10,22],"is_endless":false,"potions_floor_spawned":[1,5,7,12,16,18,21,27],"killed_by":"Slavers","ascension_level":0}