{"gold_per_floor":[112,412,412,9,9,9,38,58,58,58,58,58,96,112,112,210,210,230,245,2,22,22,22,46,46,100,100,114,133,133,152,152,152],"floor_reached":33,"playtime":5546,"items_purged":["Regret"],"score":476,"play_id":"33b781f2-5af2-4719-b280-324dfb4ce8b3","local_time":"20181119174315","is_ascension_mode":true,"campfire_choices":[{"data":"Blood for Blood","floor":6.0,"key":"SMITH"},{"data":"Metallicize","floor":10.0,"key":"SMITH"},{"data":"True Grit","floor":12.0,"key":"SMITH"},{"data":"Sword Boomerang","floor":15.0,"key":"SMITH"},{"data":"Carnage","floor":23,"key":"SMITH"},{"data":"Uppercut","floor":25,"key":"SMITH"},{"data":"RitualDagger","floor":30,"key":"SMITH"},{"floor":32,"key":"REST"}],"neow_cost":"NONE","seed_source_timestamp":0,"circlet_count":0,"master_deck":["AscendersBane","Strike_R","Strike_R+1","Strike_R","Defend_R","Defend_R","Defend_R","Bash","Blood for Blood+1","Mayhem+1","True Grit+1","Metallicize+1","Sword Boomerang+1","Seeing Red+1","Impervious+1","Battle Trance+1","Infernal Blade+1","Pommel Strike+1","Clothesline","Carnage+1","Uppercut+1","RitualDagger+1","Shrug It Off+1","Twin Strike","Thunderclap"],"special_seed":0,"relics":["Burning Blood","NeowsBlessing","Old Coin","Vajra","Oddly Smooth Stone","Champion Belt","Golden Idol","Toxic Egg 2","Astrolabe","Gremlin Horn","Pen Nib"],"potions_floor_usage":[31,33,33],"damage_taken":[{"damage":0.0,"enemies":"Small Slimes","floor":1.0,"turns":1.0},{"damage":0.0,"enemies":"Gremlin Nob","floor":7.0,"turns":1.0},{"damage":0.0,"enemies":"2 Louse","floor":8.0,"turns":1.0},{"damage":10.0,"enemies":"Lagavulin","floor":13.0,"turns":6.0},{"damage":6.0,"enemies":"Jaw Worm","floor":14.0,"turns":4.0},{"damage":33.0,"enemies":"The Guardian","floor":16.0,"turns":14.0},{"damage":10.0,"enemies":"2 Thieves","floor":18.0,"turns":4.0},{"damage":0.0,"enemies":"Spheric Guardian","floor":19.0,"turns":4.0},{"damage":12.0,"enemies":"Chosen and Byrds","floor":21.0,"turns":4.0},{"damage":22,"enemies":"Snake Plant","floor":24,"turns":4},{"damage":16,"enemies":"Centurion and Healer","floor":28,"turns":5},{"damage":0,"enemies":"Shelled Parasite and Fungi","floor":29,"turns":2},{"damage":6,"enemies":"3 Cultists","floor":31,"turns":4},{"damage":60,"enemies":"Automaton","floor":33,"turns":8}],"seed_played":"-4248027659871891778","potions_obtained":[{"floor":1.0,"key":"Swift Potion"},{"floor":13.0,"key":"BloodPotion"},{"floor":19.0,"key":"Explosive Potion"},{"floor":21.0,"key":"Strength Potion"},{"floor":31,"key":"Strength Potion"}],"is_trial":false,"path_per_floor":["M","?","?","$","?","R","E","M","T","R","?","R","E","M","R","B",null,"M","M","$","M","?","R","M","R","T","?","M","M","R","M","R","B"],"character_chosen":"IRONCLAD","items_purchased":["Mayhem","Vajra","Gremlin Horn"],"campfire_rested":1,"item_purchase_floors":[4,4,20],"current_hp_per_floor":[74,74,74,74,59,59,65,71,71,71,69,69,65,65,65,38,61,57,63,63,57,57,57,41,41,41,35,25,31,31,31,51,0],"gold":152,"neow_bonus":"THREE_ENEMY_KILL","is_prod":false,"is_daily":false,"chose_seed":false,"campfire_upgraded":7,"win_rate":0,"timestamp":1542678195,"path_taken":["M","?","?","$","?","R","E","M","T","R","?","R","E","M","R","BOSS","M","M","$","M","?","R","M","R","T","?","?","M","R","M","R","BOSS"],"build_version":"2018-11-15","purchased_purges":1,"victory":false,"max_hp_per_floor":[75,75,75,75,75,75,75,75,75,75,69,69,69,69,69,69,69,69,69,69,69,69,69,69,69,69,69,69,69,69,69,69,69],"card_choices":[{"not_picked":["Feel No Pain","Havoc"],"picked":"Blood for Blood","floor":1.0},{"not_picked":["Fire Breathing","Sentinel"],"picked":"True Grit","floor":7.0},{"not_picked":["Body Slam","Pommel Strike"],"picked":"Metallicize","floor":8.0},{"not_picked":["Feed","Rupture"],"picked":"Sword Boomerang","floor":13.0},{"not_picked":["Sword Boomerang","Searing Blow"],"picked":"Seeing Red+1","floor":14.0},{"not_picked":["Exhume+1","Berserk"],"picked":"Impervious+1","floor":16.0},{"not_picked":["Pommel Strike","Iron Wave"],"picked":"Clothesline","floor":18.0},{"not_picked":["Searing Blow","Twin Strike"],"picked":"Carnage","floor":19.0},{"not_picked":["Perfected Strike","Searing Blow","Intimidate+1"],"picked":"SKIP","floor":21.0},{"not_picked":["Heavy Blade+1","Second Wind+1"],"picked":"Uppercut","floor":24},{"not_picked":["True Grit+1","Dual Wield+1"],"picked":"Shrug It Off+1","floor":28},{"not_picked":["Sword Boomerang","Body Slam"],"picked":"Twin Strike","floor":29},{"not_picked":["Flex+1","Clothesline"],"picked":"Thunderclap","floor":31}],"player_experience":777655,"relics_obtained":[{"floor":7.0,"key":"Oddly Smooth Stone"},{"floor":9.0,"key":"Champion Belt"},{"floor":13.0,"key":"Toxic Egg 2"},{"floor":26,"key":"Pen Nib"}],"event_choices":[{"damage_healed":0.0,"max_hp_gain":0.0,"max_hp_loss":0.0,"gold_gain":0.0,"event_name":"Big Fish","player_choice":"Box","floor":2.0,"gold_loss":0.0,"damage_taken":0.0,"relics_obtained":["Old Coin"],"cards_obtained":["Regret"]},{"damage_healed":0.0,"max_hp_gain":0.0,"max_hp_loss":0.0,"gold_gain":0.0,"event_name":"Liars Game","player_choice":"Ignored","floor":3.0,"gold_loss":0.0,"damage_taken":0.0},{"damage_healed":0.0,"max_hp_gain":0.0,"max_hp_loss":0.0,"gold_gain":0.0,"event_name":"Shining Light","player_choice":"Entered Light","floor":5.0,"gold_loss":0.0,"damage_taken":15.0,"cards_upgraded":["Mayhem","Strike_R"]},{"damage_healed":0.0,"max_hp_gain":0.0,"max_hp_loss":6.0,"gold_gain":0.0,"event_name":"Golden Idol","player_choice":"Lose Max HP","floor":11.0,"gold_loss":0.0,"damage_taken":0.0,"relics_obtained":["Golden Idol"]},{"damage_healed":0.0,"max_hp_gain":0.0,"max_hp_loss":0.0,"gold_gain":0.0,"event_name":"Beggar","player_choice":"Ignored","floor":22.0,"gold_loss":0.0,"damage_taken":0.0},{"damage_healed":0,"gold_gain":0,"player_choice":"Joined the Cult","damage_taken":6,"max_hp_gain":0,"max_hp_loss":0,"event_name":"Nest","floor":27,"gold_loss":0,"cards_obtained":["RitualDagger"]}],"is_beta":false,"boss_relics":[{"not_picked":["Lizard Tail","Runic Pyramid"],"picked":"Astrolabe"}],"items_purged_floors":[4],"is_endless":false,"potions_floor_spawned":[1,13,19,21,31],"killed_by":"Automaton","ascension_level":14}