{"gold_per_floor":[110,110,120,138,154,187,266,266,347,347,371,406,406,426,426,552,552,565,590,51,0,0,43,66,66,89,129,144,144,169,169,169,169],"floor_reached":33,"playtime":2815,"items_purged":[],"score":297,"play_id":"f399e40c-51c8-4a84-9823-48af84e8f539","local_time":"20190428113340","is_ascension_mode":false,"campfire_choices":[{"data":"Pommel Strike","floor":8,"key":"SMITH"},{"floor":15,"key":"REST"},{"floor":25,"key":"REST"},{"data":"Anger","floor":32,"key":"SMITH"}],"neow_cost":"TEN_PERCENT_HP_LOSS","seed_source_timestamp":5769614144912,"circlet_count":0,"master_deck":["Strike_R","Strike_R","Strike_R","Strike_R","Strike_R","Defend_R","Defend_R","Defend_R","Defend_R","Bash","Armaments","Sword Boomerang","Pommel Strike+1","Shrug It Off","Power Through","Second Wind","Anger+1","Dropkick","Demon Form","Pummel+1","Pummel+1","Feed","Sword Boomerang","Carnage","Ghostly Armor","Fire Breathing+1","Twin Strike+1"],"relics":["Burning Blood","Champion Belt","Magic Flower","Vajra","Pear","Paper Frog","Golden Idol","Lantern","Bottled Lightning","Eternal Feather","Meat on the Bone","ClockworkSouvenir","Ice Cream","Juzu Bracelet","PreservedInsect"],"potions_floor_usage":[6,12,28,33],"damage_taken":[{"damage":5,"enemies":"Small Slimes","floor":1,"turns":5},{"damage":0,"enemies":"Jaw Worm","floor":3,"turns":5},{"damage":3,"enemies":"2 Louse","floor":4,"turns":3},{"damage":2,"enemies":"Looter","floor":5,"turns":4},{"damage":32,"enemies":"Lagavulin","floor":6,"turns":8},{"damage":1,"enemies":"Blue Slaver","floor":11,"turns":3},{"damage":45,"enemies":"Gremlin Nob","floor":12,"turns":6},{"damage":0,"enemies":"Large Slime","floor":14,"turns":5},{"damage":22,"enemies":"Hexaghost","floor":16,"turns":11},{"damage":9,"enemies":"Spheric Guardian","floor":18,"turns":4},{"damage":21,"enemies":"3 Byrds","floor":19,"turns":8},{"damage":50,"enemies":"Book of Stabbing","floor":23,"turns":6},{"damage":28,"enemies":"3 Cultists","floor":24,"turns":6},{"damage":54,"enemies":"Gremlin Leader","floor":27,"turns":6},{"damage":34,"enemies":"Centurion and Healer","floor":28,"turns":8},{"damage":20,"enemies":"Shelled Parasite and Fungi","floor":30,"turns":7},{"damage":94,"enemies":"Automaton","floor":33,"turns":6}],"seed_played":"443160199703722850","potions_obtained":[{"floor":3,"key":"Energy Potion"},{"floor":5,"key":"FearPotion"},{"floor":14,"key":"SkillPotion"},{"floor":28,"key":"Ancient Potion"},{"floor":30,"key":"LiquidBronze"}],"is_trial":false,"path_per_floor":["M","?","M","M","M","E","T","R","T","?","M","E","T","M","R","B",null,"M","M","$","?","$","E","M","R","T","E","M","?","M","?","R","B"],"character_chosen":"IRONCLAD","items_purchased":["Feed","Meat on the Bone","ClockworkSouvenir"],"campfire_rested":2,"item_purchase_floors":[20,20,20],"current_hp_per_floor":[72,60,69,72,72,49,59,59,59,59,67,31,31,40,62,49,76,76,64,64,64,64,41,45,79,79,52,45,71,65,65,80,0],"gold":169,"neow_bonus":"ONE_RARE_RELIC","is_prod":false,"is_daily":false,"chose_seed":false,"campfire_upgraded":2,"win_rate":0.0,"timestamp":1556476420,"path_taken":["M","?","M","M","M","E","?","R","T","?","M","E","?","M","R","BOSS","M","M","$","?","$","E","M","R","T","E","M","?","M","?","R","BOSS"],"build_version":"2019-01-23","purchased_purges":0,"victory":false,"max_hp_per_floor":[72,72,72,72,72,72,82,82,82,76,76,76,76,76,76,76,76,76,76,76,76,76,76,79,79,79,79,79,79,82,82,82,82],"card_choices":[{"not_picked":["Wild Strike","Infernal Blade"],"picked":"Armaments","floor":1},{"not_picked":["Burning Pact","Thunderclap"],"picked":"Sword Boomerang","floor":3},{"not_picked":["Feel No Pain","Whirlwind"],"picked":"Pommel Strike","floor":4},{"not_picked":["True Grit","Burning Pact"],"picked":"Shrug It Off","floor":5},{"not_picked":["Fire Breathing","Cleave"],"picked":"Power Through","floor":6},{"not_picked":["Combust","Headbutt"],"picked":"Second Wind","floor":11},{"not_picked":["Feed","Cleave"],"picked":"Anger","floor":12},{"not_picked":["Second Wind","Fire Breathing"],"picked":"Dropkick","floor":14},{"not_picked":["Dark Embrace","Double Tap"],"picked":"Demon Form","floor":16},{"not_picked":["Body Slam","Cleave"],"picked":"Pummel+1","floor":18},{"not_picked":["Warcry","Dual Wield"],"picked":"Pummel+1","floor":19},{"not_picked":["True Grit","Clothesline"],"picked":"Sword Boomerang","floor":23},{"not_picked":["Fire Breathing","Infernal Blade"],"picked":"Carnage","floor":24},{"not_picked":["Fire Breathing+1","Clothesline"],"picked":"Ghostly Armor","floor":27},{"not_picked":["Flex","Burning Pact"],"picked":"Fire Breathing+1","floor":28},{"not_picked":["Headbutt","Pummel"],"picked":"Twin Strike+1","floor":30}],"player_experience":25058,"relics_obtained":[{"floor":6,"key":"Vajra"},{"floor":7,"key":"Pear"},{"floor":9,"key":"Paper Frog"},{"floor":12,"key":"Lantern"},{"floor":13,"key":"Bottled Lightning"},{"floor":23,"key":"Ice Cream"},{"floor":26,"key":"Juzu Bracelet"},{"floor":27,"key":"PreservedInsect"}],"event_choices":[{"damage_healed":0,"gold_gain":0,"player_choice":"Success","damage_taken":12,"relics_obtained":["Magic Flower"],"max_hp_gain":0,"max_hp_loss":0,"event_name":"Scrap Ooze","floor":2,"gold_loss":0},{"damage_healed":0,"gold_gain":0,"player_choice":"Lose Max HP","damage_taken":0,"relics_obtained":["Golden Idol"],"max_hp_gain":0,"max_hp_loss":6,"event_name":"Golden Idol","floor":10,"gold_loss":0},{"damage_healed":0,"gold_gain":0,"player_choice":"Paid Fearfully","damage_taken":0,"max_hp_gain":0,"max_hp_loss":0,"event_name":"Masked Bandits","floor":21,"gold_loss":51},{"damage_healed":26,"gold_gain":0,"player_choice":"Heal","damage_taken":0,"max_hp_gain":0,"max_hp_loss":0,"event_name":"The Library","floor":29,"gold_loss":0},{"damage_healed":0,"gold_gain":0,"player_choice":"Ignored","damage_taken":0,"max_hp_gain":0,"max_hp_loss":0,"event_name":"Ghosts","floor":31,"gold_loss":0}],"is_beta":false,"boss_relics":[{"not_picked":["Busted Crown","Orrery"],"picked":"Eternal Feather"}],"items_purged_floors":[],"is_endless":false,"potions_floor_spawned":[3,5,14,28,30],"killed_by":"Automaton","ascension_level":0}