{"gold_per_floor":[117,117,76,41,41,70,70,96,173,192,207,207,218,252,252,327,327,341,341,360,360,250,250,250,250],"floor_reached":25,"playtime":603,"items_purged":[],"score":525,"play_id":"edaea279-97ac-4d1a-9916-885b5cda51cb","local_time":"20190401231141","is_ascension_mode":true,"campfire_choices":[{"data":"Armaments","floor":7,"key":"SMITH"},{"data":"Uppercut","floor":12,"key":"SMITH"},{"data":"Limit Break","floor":15,"key":"SMITH"},{"floor":23,"key":"REST"}],"neow_cost":"NONE","seed_source_timestamp":1056717067944048,"circlet_count":0,"master_deck":["AscendersBane","Strike_R+1","Strike_R","Strike_R","Strike_R","Strike_R","Defend_R","Defend_R","Defend_R","Defend_R","Bash","Armaments+1","Uppercut+1","Limit Break+1","Perfected Strike+1","Body Slam+1","Cleave+1","Spot Weakness","Demon Form","Shrug It Off"],"relics":["Burning Blood","NeowsBlessing","Ancient Tea Set","PreservedInsect","Molten Egg 2","Bottled Lightning","Juzu Bracelet","Cursed Key"],"potions_floor_usage":[11,16,19,25],"damage_taken":[{"damage":0,"enemies":"Small Slimes","floor":1,"turns":1},{"damage":0,"enemies":"Lagavulin","floor":6,"turns":1},{"damage":0,"enemies":"Gremlin Nob","floor":8,"turns":1},{"damage":0,"enemies":"Jaw Worm","floor":10,"turns":3},{"damage":9,"enemies":"2 Louse","floor":11,"turns":2},{"damage":5,"enemies":"Lots of Slimes","floor":13,"turns":4},{"damage":15,"enemies":"3 Sentries","floor":14,"turns":4},{"damage":53,"enemies":"Hexaghost","floor":16,"turns":9},{"damage":23,"enemies":"Chosen","floor":18,"turns":5},{"damage":0,"enemies":"2 Thieves","floor":19,"turns":1},{"damage":41,"enemies":"3 Cultists","floor":20,"turns":5},{"damage":27,"enemies":"Colosseum Slavers","floor":24,"turns":4},{"damage":18,"enemies":"Book of Stabbing","floor":25,"turns":3}],"seed_played":"2696917244907255657","potions_obtained":[{"floor":5,"key":"FearPotion"},{"floor":5,"key":"AttackPotion"},{"floor":16,"key":"SmokeBomb"},{"floor":20,"key":"Dexterity Potion"}],"is_trial":false,"path_per_floor":["M","?","$","?","?","E","R","E","T","M","M","R","M","E","R","B",null,"M","M","M","?","?","R","?","E"],"character_chosen":"IRONCLAD","items_purchased":["Uppercut"],"campfire_rested":1,"item_purchase_floors":[3],"current_hp_per_floor":[74,39,39,57,57,63,63,69,69,75,72,72,73,64,64,17,61,44,50,15,15,15,37,16,0],"gold":250,"neow_bonus":"THREE_ENEMY_KILL","is_prod":false,"is_daily":false,"chose_seed":false,"campfire_upgraded":3,"win_rate":0,"timestamp":1554174701,"path_taken":["M","?","$","?","?","E","R","E","T","?","M","R","M","E","R","BOSS","M","M","M","?","?","R","?","E"],"build_version":"2019-01-23","purchased_purges":0,"victory":false,"max_hp_per_floor":[75,75,75,75,75,75,75,75,75,75,75,75,75,75,75,75,75,75,75,75,75,75,75,75,75],"card_choices":[{"not_picked":["Thunderclap","Twin Strike"],"picked":"Armaments","floor":1},{"not_picked":["Infernal Blade","Pommel Strike"],"picked":"Limit Break","floor":6},{"not_picked":["Armaments","Warcry"],"picked":"Perfected Strike","floor":8},{"not_picked":["Entrench","Combust"],"picked":"Body Slam+1","floor":10},{"not_picked":["Armaments","True Grit"],"picked":"Cleave+1","floor":11},{"not_picked":["Shrug It Off","Flame Barrier"],"picked":"Spot Weakness","floor":13},{"not_picked":["Evolve","Flex","Warcry"],"picked":"SKIP","floor":14},{"not_picked":["Impervious","Barricade"],"picked":"Demon Form","floor":16},{"not_picked":["Thunderclap+1","Warcry","Feel No Pain"],"picked":"SKIP","floor":18},{"not_picked":["Body Slam+1","Rage"],"picked":"Shrug It Off","floor":20}],"player_experience":491708,"relics_obtained":[{"floor":6,"key":"PreservedInsect"},{"floor":8,"key":"Molten Egg 2"},{"floor":9,"key":"Bottled Lightning"},{"floor":14,"key":"Juzu Bracelet"}],"event_choices":[{"damage_healed":0,"gold_gain":0,"player_choice":"Success","damage_taken":35,"relics_obtained":["Ancient Tea Set"],"max_hp_gain":0,"max_hp_loss":0,"event_name":"Scrap Ooze","floor":2,"gold_loss":0},{"damage_healed":18,"gold_gain":0,"player_choice":"Healed","damage_taken":0,"max_hp_gain":0,"max_hp_loss":0,"event_name":"The Cleric","floor":4,"gold_loss":35},{"damage_healed":0,"gold_gain":0,"player_choice":"Got Potions","damage_taken":0,"max_hp_gain":0,"max_hp_loss":0,"event_name":"Lab","floor":5,"gold_loss":0},{"damage_healed":0,"gold_gain":0,"player_choice":"Smashed Altar","damage_taken":0,"max_hp_gain":0,"max_hp_loss":0,"event_name":"Forgotten Altar","floor":21,"gold_loss":0,"cards_obtained":["Decay"]},{"cards_removed":["Decay"],"damage_healed":0,"gold_gain":0,"player_choice":"Upgrade and Remove","damage_taken":0,"max_hp_gain":0,"max_hp_loss":0,"event_name":"Designer","floor":22,"gold_loss":110,"cards_upgraded":["Strike_R"]},{"damage_healed":0,"gold_gain":0,"player_choice":"Fight","damage_taken":0,"max_hp_gain":0,"max_hp_loss":0,"event_name":"Colosseum","floor":24,"gold_loss":0},{"damage_healed":0,"gold_gain":0,"player_choice":"Fled From Nobs","damage_taken":0,"max_hp_gain":0,"max_hp_loss":0,"event_name":"Colosseum","floor":24,"gold_loss":0}],"is_beta":false,"boss_relics":[{"not_picked":["Calling Bell","Philosopher\u0027s Stone"],"picked":"Cursed Key"}],"items_purged_floors":[],"is_endless":false,"potions_floor_spawned":[6,16,19,20],"killed_by":"Book of Stabbing","ascension_level":19}