{"gold_per_floor":[109,109,125,125,400,413,413,16,87,117,131,156,174,174,174,271,271],"floor_reached":17,"playtime":501,"items_purged":["Regret"],"score":165,"play_id":"9cbf9c46-1c17-4b5a-8878-473042855b4b","local_time":"20190629085831","is_ascension_mode":false,"campfire_choices":[{"data":"Reinforced Body","floor":7,"key":"SMITH"},{"data":"Beam Cell","floor":15,"key":"SMITH"}],"neow_cost":"NONE","seed_source_timestamp":653754881320140,"circlet_count":0,"master_deck":["Strike_B","Strike_B","Defend_B","Defend_B","Defend_B","Defend_B","Zap+1","Dualcast","Reinforced Body+1","Gash","Gash","Glacier","Ball Lightning","Coolheaded","Beam Cell+1","Fission"],"relics":["Cracked Core","Matryoshka","Art of War","Pantograph","Ginger","Juzu Bracelet"],"potions_floor_usage":[11],"damage_taken":[{"damage":1,"enemies":"Jaw Worm","floor":1,"turns":3},{"damage":0,"enemies":"Cultist","floor":3,"turns":4},{"damage":0,"enemies":"Small Slimes","floor":6,"turns":2},{"damage":8,"enemies":"Lagavulin","floor":10,"turns":7},{"damage":0,"enemies":"Gremlin Gang","floor":11,"turns":3},{"damage":14,"enemies":"Gremlin Nob","floor":12,"turns":4},{"damage":0,"enemies":"Exordium Thugs","floor":13,"turns":4},{"damage":30,"enemies":"Hexaghost","floor":16,"turns":10}],"seed_played":"-592219409225322692","potions_obtained":[{"floor":1,"key":"SteroidPotion"},{"floor":3,"key":"Fire Potion"},{"floor":10,"key":"GamblersBrew"}],"is_trial":false,"path_per_floor":["M","?","M","$","?","M","R","$","T","E","M","E","M","?","R","B",null],"character_chosen":"DEFECT","items_purchased":["Glacier","Matryoshka"],"campfire_rested":0,"item_purchase_floors":[8,8],"current_hp_per_floor":[74,74,74,74,74,74,74,74,74,66,66,52,52,52,52,45,45],"gold":271,"neow_bonus":"REMOVE_CARD","is_prod":false,"is_daily":false,"chose_seed":false,"campfire_upgraded":2,"win_rate":0,"timestamp":1561813111,"path_taken":["M","?","M","$","?","M","R","$","T","E","?","E","M","?","R","BOSS"],"build_version":"2019-01-23","purchased_purges":1,"victory":false,"max_hp_per_floor":[75,75,75,75,75,75,75,75,75,75,75,75,75,75,75,75,75],"card_choices":[{"not_picked":["Turbo","Consume"],"picked":"Reinforced Body","floor":1},{"not_picked":["Aggregate","Tempest"],"picked":"Gash","floor":3},{"not_picked":["Rebound","Hologram"],"picked":"Gash","floor":6},{"not_picked":["Machine Learning","Sweeping Beam"],"picked":"Ball Lightning","floor":10},{"not_picked":["Leap","Storm"],"picked":"Coolheaded","floor":11},{"not_picked":["Fusion","Seek"],"picked":"Beam Cell","floor":12},{"not_picked":["Cold Snap","Tempest","Reprogram"],"picked":"SKIP","floor":13},{"not_picked":["Amplify","Seek"],"picked":"Fission","floor":16}],"player_experience":992352,"relics_obtained":[{"floor":9,"key":"Art of War"},{"floor":9,"key":"Pantograph"},{"floor":10,"key":"Ginger"},{"floor":12,"key":"Juzu Bracelet"}],"event_choices":[{"damage_healed":0,"gold_gain":0,"player_choice":"Grow","damage_taken":0,"max_hp_gain":0,"max_hp_loss":0,"event_name":"Living Wall","floor":2,"gold_loss":0,"cards_upgraded":["Zap"]},{"damage_healed":0,"gold_gain":275,"player_choice":"Desecrate","damage_taken":0,"max_hp_gain":0,"max_hp_loss":0,"event_name":"Golden Shrine","floor":5,"gold_loss":0,"cards_obtained":["Regret"]},{"cards_removed":["Strike_B"],"damage_healed":0,"gold_gain":0,"player_choice":"Offered Basic","damage_taken":0,"max_hp_gain":0,"max_hp_loss":0,"event_name":"Bonfire Elementals","floor":14,"gold_loss":0}],"is_beta":false,"boss_relics":[],"items_purged_floors":[8],"is_endless":false,"potions_floor_spawned":[1,3,10],"ascension_level":0}