{"gold_per_floor":[118,129,145,163,163,163,11,11,11,21,21,21,21,35,35,136,136,148,148,21,38,38,38,56,56,106,35,50,75,75,94,94,198,198,215,234,234,39,39,39],"floor_reached":40,"playtime":2754,"items_purged":[],"score":421,"play_id":"3c9888ce-de84-4ea0-afa5-b93eff8af207","local_time":"20190628170711","is_ascension_mode":false,"campfire_choices":[{"data":"Dodge and Roll","floor":6,"key":"SMITH"},{"data":"Caltrops","floor":8,"key":"SMITH"},{"data":"Survivor","floor":13,"key":"SMITH"},{"data":"Flying Knee","floor":15,"key":"SMITH"},{"data":"Burst","floor":23,"key":"SMITH"},{"data":"Caltrops","floor":25,"key":"SMITH"},{"data":"Well Laid Plans","floor":30,"key":"SMITH"},{"data":"Dash","floor":32,"key":"SMITH"}],"neow_cost":"NONE","seed_source_timestamp":1011309060818009,"circlet_count":0,"master_deck":["Defend_G+1","Defend_G+1","Defend_G+1","Defend_G+1","Defend_G+1","Strike_G+1","Survivor+1","Neutralize","Deadly Poison+1","Escape Plan+1","Night Terror+1","Caltrops+1","Dash+1","Dodge and Roll+1","Flying Knee+1","Poisoned Stab","Escape Plan","Burst+1","Endless Agony+1","Caltrops+1","Sucker Punch","Flying Knee+1","Well Laid Plans+1","Die Die Die","Bouncing Flask+1","Venomology","Dodge and Roll","Caltrops+1","Enlightenment"],"relics":["Astrolabe","War Paint","Tingsha","Velvet Choker","Bag of Preparation","Ginger","Black Star","DollysMirror"],"potions_floor_usage":[10,16,29,29,29,33,36,40],"damage_taken":[{"damage":0,"enemies":"Small Slimes","floor":1,"turns":4},{"damage":0,"enemies":"Jaw Worm","floor":2,"turns":6},{"damage":0,"enemies":"2 Louse","floor":3,"turns":3},{"damage":6,"enemies":"Exordium Wildlife","floor":4,"turns":5},{"damage":2,"enemies":"Lots of Slimes","floor":10,"turns":4},{"damage":0,"enemies":"Blue Slaver","floor":14,"turns":4},{"damage":53,"enemies":"Slime Boss","floor":16,"turns":12},{"damage":0,"enemies":"3 Byrds","floor":18,"turns":2},{"damage":11,"enemies":"Spheric Guardian","floor":21,"turns":5},{"damage":11,"enemies":"3 Cultists","floor":24,"turns":6},{"damage":0,"enemies":"Centurion and Healer","floor":28,"turns":6},{"damage":0,"enemies":"Book of Stabbing","floor":29,"turns":4},{"damage":1,"enemies":"Shelled Parasite and Fungi","floor":31,"turns":6},{"damage":20,"enemies":"Collector","floor":33,"turns":10},{"damage":21,"enemies":"3 Darklings","floor":35,"turns":6},{"damage":6,"enemies":"Orb Walker","floor":36,"turns":4},{"damage":59,"enemies":"Spire Growth","floor":40,"turns":4}],"seed_played":"5126549257960519721","potions_obtained":[{"floor":3,"key":"Energy Potion"},{"floor":10,"key":"Explosive Potion"},{"floor":18,"key":"Poison Potion"},{"floor":28,"key":"Block Potion"},{"floor":29,"key":"Fire Potion"},{"floor":36,"key":"LiquidBronze"}],"is_trial":false,"path_per_floor":["M","M","M","M","?","R","$","R","T","M","?","T","R","M","R","B",null,"M","?","$","M","?","R","M","R","T","$","M","E","R","M","R","B",null,"M","M","?","$","?","M"],"character_chosen":"THE_SILENT","items_purchased":["War Paint","Caltrops","Dexterity Potion","Well Laid Plans","DollysMirror"],"campfire_rested":0,"item_purchase_floors":[7,20,20,27,38],"current_hp_per_floor":[70,70,70,64,69,69,69,69,69,67,67,67,67,67,67,14,75,75,75,75,64,64,64,53,53,53,53,53,53,53,52,52,32,75,54,48,48,48,48,0],"gold":39,"neow_bonus":"BOSS_RELIC","is_prod":false,"is_daily":false,"chose_seed":false,"campfire_upgraded":8,"win_rate":0.0,"timestamp":1561766831,"path_taken":["M","M","M","M","?","R","$","R","T","M","?","?","R","M","R","BOSS","M","?","$","M","?","R","M","R","T","?","M","E","R","M","R","BOSS","M","?","?","$","?","M"],"build_version":"2019-01-23","purchased_purges":0,"victory":false,"max_hp_per_floor":[70,70,70,70,75,75,75,75,75,75,75,75,75,75,75,75,75,75,75,75,75,75,75,75,75,75,75,75,75,75,75,75,75,75,75,75,75,75,75,75],"card_choices":[{"not_picked":["Quick Slash","Well Laid Plans"],"picked":"Caltrops","floor":1},{"not_picked":["Dagger Spray","Acrobatics"],"picked":"Dash","floor":2},{"not_picked":["Skewer","Backstab"],"picked":"Dodge and Roll","floor":3},{"not_picked":["Riddle With Holes","Expertise"],"picked":"Flying Knee","floor":4},{"not_picked":["Distraction","Dagger Throw"],"picked":"Poisoned Stab","floor":10},{"not_picked":["Poisoned Stab","Slice"],"picked":"Escape Plan","floor":14},{"not_picked":["Unload","Phantasmal Killer"],"picked":"Burst","floor":16},{"not_picked":["Expertise","Dagger Spray"],"picked":"Endless Agony+1","floor":18},{"not_picked":["Dagger Spray","Calculated Gamble"],"picked":"Sucker Punch","floor":21},{"not_picked":["Backstab","Footwork"],"picked":"Flying Knee+1","floor":24},{"not_picked":["Poisoned Stab","Blade Dance+1"],"picked":"Die Die Die","floor":28},{"not_picked":["Calculated Gamble","Flying Knee+1"],"picked":"Bouncing Flask+1","floor":29},{"not_picked":["Finisher","Dagger Throw","Slice+1"],"picked":"SKIP","floor":31},{"not_picked":["Burst","Phantasmal Killer"],"picked":"Venomology","floor":33},{"not_picked":["Expertise","Underhanded Strike"],"picked":"Dodge and Roll","floor":35},{"not_picked":["Dagger Spray","Slice+1","Outmaneuver"],"picked":"SKIP","floor":36},{"not_picked":["Good Instincts","Swift Strike"],"picked":"Enlightenment","floor":39}],"player_experience":14039,"relics_obtained":[{"floor":12,"key":"Tingsha"},{"floor":26,"key":"Bag of Preparation"},{"floor":29,"key":"Ginger"}],"event_choices":[{"damage_healed":0,"gold_gain":0,"player_choice":"Donut","damage_taken":0,"max_hp_gain":5,"max_hp_loss":0,"event_name":"Big Fish","floor":5,"gold_loss":0},{"damage_healed":0,"gold_gain":0,"player_choice":"Leave","damage_taken":0,"max_hp_gain":0,"max_hp_loss":0,"event_name":"The Cleric","floor":11,"gold_loss":0},{"damage_healed":0,"gold_gain":0,"player_choice":"Ignored","damage_taken":0,"max_hp_gain":0,"max_hp_loss":0,"event_name":"Ghosts","floor":19,"gold_loss":0},{"damage_healed":0,"gold_gain":0,"player_choice":"Simplicity","damage_taken":0,"max_hp_gain":0,"max_hp_loss":0,"event_name":"Back to Basics","floor":22,"gold_loss":0,"cards_upgraded":["Defend_G","Defend_G","Defend_G","Strike_G","Strike_G"]},{"cards_removed":["Strike_G"],"damage_healed":0,"gold_gain":0,"player_choice":"Removed Attack","damage_taken":0,"max_hp_gain":0,"max_hp_loss":0,"event_name":"Falling","floor":37,"gold_loss":0},{"damage_healed":0,"gold_gain":0,"player_choice":"Memory 1","damage_taken":0,"max_hp_gain":0,"max_hp_loss":0,"event_name":"SensoryStone","floor":39,"gold_loss":0}],"is_beta":false,"boss_relics":[{"not_picked":["Empty Cage","Ectoplasm"],"picked":"Velvet Choker"},{"not_picked":["Runic Pyramid","Sozu"],"picked":"Black Star"}],"items_purged_floors":[],"is_endless":false,"potions_floor_spawned":[3,10,18,28,29,36],"killed_by":"Spire Growth","ascension_level":0}