{"gold_per_floor":[114,114,131,131,131,131,164,178,224,290,302,343,355,367],"floor_reached":14,"playtime":301,"items_purged":[],"score":216,"play_id":"7a9b1381-693c-43dd-adc2-144b90407edb","local_time":"20190628205346","is_ascension_mode":true,"campfire_choices":[{"data":"Battle Trance","floor":6,"key":"SMITH"},{"data":"Clothesline","floor":11,"key":"SMITH"},{"data":"Dual Wield","floor":13,"key":"SMITH"}],"neow_cost":"NONE","seed_source_timestamp":1375450811616148,"circlet_count":0,"master_deck":["AscendersBane","Strike_R","Strike_R","Strike_R","Strike_R","Strike_R","Defend_R","Defend_R","Defend_R","Defend_R","Bash","Heavy Blade+1","Battle Trance+1","Shockwave","Clothesline+1","Dual Wield+1"],"relics":["Burning Blood","NeowsBlessing","Potion Belt","MawBank","Odd Mushroom"],"potions_floor_usage":[12],"damage_taken":[{"damage":0,"enemies":"Jaw Worm","floor":1,"turns":1},{"damage":0,"enemies":"2 Louse","floor":3,"turns":1},{"damage":0,"enemies":"Gremlin Nob","floor":7,"turns":1},{"damage":0,"enemies":"Small Slimes","floor":8,"turns":2},{"damage":27,"enemies":"The Mushroom Lair","floor":12,"turns":5},{"damage":55,"enemies":"3 Sentries","floor":14,"turns":6}],"seed_played":"6897161198614925745","potions_obtained":[{"floor":8,"key":"EssenceOfSteel"}],"is_trial":false,"path_per_floor":["M","$","M","$","?","R","E","M","T","?","R","?","R","E"],"character_chosen":"IRONCLAD","items_purchased":[],"campfire_rested":0,"item_purchase_floors":[],"current_hp_per_floor":[74,74,75,75,75,75,75,75,75,75,75,54,54,0],"gold":367,"neow_bonus":"THREE_ENEMY_KILL","is_prod":false,"is_daily":false,"chose_seed":false,"campfire_upgraded":3,"win_rate":0,"timestamp":1561780426,"path_taken":["M","$","M","$","?","R","E","M","T","?","R","?","R","E"],"build_version":"2019-01-23","purchased_purges":0,"victory":false,"max_hp_per_floor":[75,75,75,75,75,75,75,75,75,75,75,75,75,75],"card_choices":[{"not_picked":["Havoc","Body Slam"],"picked":"Heavy Blade","floor":1},{"not_picked":["Metallicize","Iron Wave"],"picked":"Battle Trance","floor":3},{"not_picked":["Iron Wave","Heavy Blade"],"picked":"Shockwave","floor":7},{"not_picked":["Second Wind","Twin Strike"],"picked":"Clothesline","floor":8},{"not_picked":["Combust","Feel No Pain"],"picked":"Dual Wield","floor":12}],"player_experience":1100705,"relics_obtained":[{"floor":7,"key":"Potion Belt"},{"floor":9,"key":"MawBank"},{"floor":12,"key":"Odd Mushroom"}],"event_choices":[{"damage_healed":0,"gold_gain":0,"player_choice":"Grow","damage_taken":0,"max_hp_gain":0,"max_hp_loss":0,"event_name":"Living Wall","floor":5,"gold_loss":0,"cards_upgraded":["Heavy Blade"]},{"damage_healed":0,"gold_gain":54,"player_choice":"Gained Gold","damage_taken":0,"max_hp_gain":0,"max_hp_loss":0,"event_name":"Golden Wing","floor":10,"gold_loss":0},{"damage_healed":0,"gold_gain":0,"player_choice":"Fought Mushrooms","damage_taken":0,"max_hp_gain":0,"max_hp_loss":0,"event_name":"Mushrooms","floor":12,"gold_loss":0}],"is_beta":false,"boss_relics":[],"items_purged_floors":[],"is_endless":false,"potions_floor_spawned":[8],"killed_by":"3 Sentries","ascension_level":19}