{"gold_per_floor":[109,109,71,146,162,192,207,207,233,233,248,248,282,294,306,423,435,433,445,457,482,494,506,551,563,575,606,618],"floor_reached":28,"playtime":1081,"items_purged":[],"score":309,"play_id":"691464ea-d6d7-424f-855b-a0f254784d20","local_time":"20190204144528","is_ascension_mode":true,"campfire_choices":[{"data":"Genetic Algorithm","floor":8,"key":"SMITH"},{"data":"Zap","floor":10,"key":"SMITH"},{"data":"Loop","floor":12,"key":"SMITH"},{"floor":15,"key":"REST"},{"floor":23,"key":"REST"},{"floor":25,"key":"REST"}],"neow_cost":"NONE","seed_source_timestamp":366874704051568,"circlet_count":0,"master_deck":["Strike_B+1","Strike_B+1","Strike_B+1","Defend_B+1","Defend_B+1","Defend_B+1","Defend_B+1","Zap+1","Dualcast+1","BootSequence","Loop+1","Double Energy","Genetic Algorithm+1","Coolheaded","Blizzard","Ball Lightning","Creative AI","Go for the Eyes+1","RitualDagger","Beam Cell+1","Redo+1","Auto Shields+1","Storm+1","Cold Snap"],"relics":["Cracked Core","NeowsBlessing","Dream Catcher","Lantern","MawBank","Black Star","Anchor","Bottled Tornado","Du-Vu Doll"],"potions_floor_usage":[16,24],"damage_taken":[{"damage":0,"enemies":"2 Louse","floor":1,"turns":1},{"damage":0,"enemies":"Jaw Worm","floor":5,"turns":1},{"damage":0,"enemies":"Gremlin Nob","floor":6,"turns":1},{"damage":0,"enemies":"Small Slimes","floor":7,"turns":3},{"damage":5,"enemies":"Exordium Thugs","floor":11,"turns":4},{"damage":34,"enemies":"3 Sentries","floor":13,"turns":9},{"damage":30,"enemies":"Hexaghost","floor":16,"turns":11},{"damage":13,"enemies":"2 Thieves","floor":18,"turns":5},{"damage":8,"enemies":"Chosen","floor":21,"turns":5},{"damage":37,"enemies":"Book of Stabbing","floor":24,"turns":6},{"damage":6,"enemies":"Snecko","floor":27,"turns":6},{"damage":39,"enemies":"Slavers","floor":28,"turns":3}],"seed_played":"-4874057075279620389","potions_obtained":[{"floor":5,"key":"EssenceOfSteel"},{"floor":6,"key":"Fire Potion"},{"floor":13,"key":"GamblersBrew"}],"is_trial":false,"path_per_floor":["M","?","$","?","M","E","M","R","T","R","M","R","E","?","R","B",null,"M","?","?","M","?","R","E","R","T","M","E"],"character_chosen":"DEFECT","items_purchased":["Loop"],"campfire_rested":3,"item_purchase_floors":[3],"current_hp_per_floor":[75,68,68,57,57,57,57,57,57,57,52,52,18,18,40,10,75,62,62,56,48,34,58,21,45,45,39,0],"gold":618,"neow_bonus":"THREE_ENEMY_KILL","is_prod":false,"is_daily":false,"chose_seed":false,"campfire_upgraded":3,"win_rate":0,"timestamp":1549309528,"path_taken":["M","?","$","?","M","E","M","R","T","R","M","R","E","?","R","BOSS","M","?","?","M","?","R","E","R","T","M","E"],"build_version":"2019-01-23","purchased_purges":0,"victory":false,"max_hp_per_floor":[75,75,75,75,75,75,75,75,75,75,75,75,75,75,75,75,75,75,75,75,75,80,80,80,80,80,80,80],"card_choices":[{"not_picked":["Hologram","Fusion"],"picked":"BootSequence","floor":1},{"not_picked":["Barrage","Steam"],"picked":"Double Energy","floor":5},{"not_picked":["Reprogram","Hello World","Turbo"],"picked":"SKIP","floor":6},{"not_picked":["Rebound","Hologram"],"picked":"Genetic Algorithm","floor":7},{"not_picked":["Streamline","Lockon"],"picked":"Coolheaded","floor":11},{"not_picked":["Stack","Fission"],"picked":"Blizzard","floor":13},{"not_picked":["Heatsinks","Gash"],"picked":"Ball Lightning","floor":15},{"not_picked":["Hyperbeam","Multi-Cast"],"picked":"Creative AI","floor":16},{"not_picked":["Force Field","Recycle+1"],"picked":"Go for the Eyes+1","floor":18},{"not_picked":["Streamline","Turbo"],"picked":"Beam Cell+1","floor":21},{"not_picked":["Rebound","Gash"],"picked":"Redo+1","floor":23},{"not_picked":["Skim+1","Coolheaded+1"],"picked":"Auto Shields+1","floor":24},{"not_picked":["Gash","Double Energy"],"picked":"Storm+1","floor":25},{"not_picked":["FTL+1","Redo"],"picked":"Cold Snap","floor":27}],"player_experience":152615,"relics_obtained":[{"floor":6,"key":"Dream Catcher"},{"floor":9,"key":"Lantern"},{"floor":13,"key":"MawBank"},{"floor":24,"key":"Anchor"},{"floor":24,"key":"Bottled Tornado"},{"floor":26,"key":"Du-Vu Doll"}],"event_choices":[{"cards_removed":["Strike_B"],"damage_healed":0,"gold_gain":0,"player_choice":"Card Removal","damage_taken":7,"max_hp_gain":0,"max_hp_loss":0,"event_name":"Golden Wing","floor":2,"gold_loss":0},{"damage_healed":0,"gold_gain":75,"player_choice":"Gather Gold","damage_taken":11,"max_hp_gain":0,"max_hp_loss":0,"event_name":"World of Goop","floor":4,"gold_loss":0},{"damage_healed":0,"gold_gain":0,"player_choice":"Forge","damage_taken":0,"max_hp_gain":0,"max_hp_loss":0,"event_name":"Accursed Blacksmith","floor":14,"gold_loss":0,"cards_upgraded":["Dualcast"]},{"damage_healed":0,"gold_gain":0,"player_choice":"Simplicity","damage_taken":0,"max_hp_gain":0,"max_hp_loss":0,"event_name":"Back to Basics","floor":19,"gold_loss":0,"cards_upgraded":["Strike_B","Strike_B","Strike_B","Defend_B","Defend_B","Defend_B","Defend_B"]},{"damage_healed":0,"gold_gain":0,"player_choice":"Joined the Cult","damage_taken":6,"max_hp_gain":0,"max_hp_loss":0,"event_name":"Nest","floor":20,"gold_loss":0,"cards_obtained":["RitualDagger"]},{"damage_healed":0,"gold_gain":0,"player_choice":"Shed Blood","damage_taken":19,"max_hp_gain":5,"max_hp_loss":0,"event_name":"Forgotten Altar","floor":22,"gold_loss":0}],"is_beta":false,"boss_relics":[{"not_picked":["Runic Dome","Empty Cage"],"picked":"Black Star"}],"items_purged_floors":[],"is_endless":false,"potions_floor_spawned":[5,6,13],"killed_by":"Slavers","ascension_level":3}