{"gold_per_floor":[113,113,113,113,127,127,2,29,56,89,43,62,62,87,87,187,187,207,227,4,4,4,35,50,50,73,89,89,109,124,154,154,254,254,266,281,38,38,49,49,49,49,74,85,95,95,46,76,76,76],"floor_reached":51,"playtime":2045,"items_purged":["Finesse+1","Strike_R"],"score":966,"play_id":"78aa9cfe-86bb-46e0-b7de-d996e2daac14","local_time":"20190208214114","is_ascension_mode":true,"campfire_choices":[{"data":"Finesse","floor":6,"key":"SMITH"},{"data":"True Grit","floor":13,"key":"SMITH"},{"floor":15,"key":"REST"},{"data":"Uppercut","floor":25,"key":"SMITH"},{"data":"Armaments","floor":28,"key":"SMITH"},{"data":"Double Tap","floor":32,"key":"SMITH"},{"data":"Heavy Blade","floor":40,"key":"SMITH"},{"data":"Limit Break","floor":41,"key":"SMITH"},{"data":"Metallicize","floor":46,"key":"SMITH"},{"floor":49,"key":"REST"}],"neow_cost":"NONE","seed_source_timestamp":736465026802623,"circlet_count":0,"master_deck":["Strike_R","Strike_R","Strike_R+1","Strike_R+1","Defend_R","Defend_R","Defend_R","Bash","Clash+1","Uppercut+1","Spot Weakness","Heavy Blade+1","Perfected Strike","True Grit+1","Cleave","Flame Barrier","Armaments+1","Demon Form+1","Dropkick+1","Clothesline","Double Tap+1","Shrug It Off+1","Pummel+1","Limit Break+1","Shrug It Off+1","Twin Strike+1","Parasite","Demon Form+1","Metallicize+1","Perfected Strike","Ghostly Armor+1","Blood for Blood"],"relics":["Black Blood","Anchor","Bronze Scales","Bag of Marbles","Dream Catcher","Gremlin Horn","Snecko Eye","Lantern","Ancient Tea Set","Regal Pillow","WingedGreaves","Blood Vial","Centennial Puzzle","Whetstone"],"potions_floor_usage":[33,50,50,50],"damage_taken":[{"damage":13,"enemies":"Jaw Worm","floor":1,"turns":4},{"damage":0,"enemies":"2 Louse","floor":5,"turns":2},{"damage":18,"enemies":"Gremlin Nob","floor":8,"turns":3},{"damage":16,"enemies":"3 Sentries","floor":10,"turns":6},{"damage":0,"enemies":"Cultist","floor":12,"turns":3},{"damage":16,"enemies":"Gremlin Nob","floor":14,"turns":3},{"damage":37,"enemies":"The Guardian","floor":16,"turns":11},{"damage":25,"enemies":"Spheric Guardian","floor":18,"turns":3},{"damage":17,"enemies":"Shell Parasite","floor":19,"turns":3},{"damage":0,"enemies":"Gremlin Leader","floor":23,"turns":4},{"damage":8,"enemies":"Snecko","floor":24,"turns":4},{"damage":0,"enemies":"Centurion and Healer","floor":27,"turns":5},{"damage":0,"enemies":"Cultist and Chosen","floor":29,"turns":3},{"damage":0,"enemies":"Shelled Parasite and Fungi","floor":30,"turns":2},{"damage":7,"enemies":"Book of Stabbing","floor":31,"turns":3},{"damage":20,"enemies":"Champ","floor":33,"turns":8},{"damage":0,"enemies":"3 Shapes","floor":35,"turns":5},{"damage":0,"enemies":"Orb Walker","floor":36,"turns":2},{"damage":13,"enemies":"Writhing Mass","floor":39,"turns":3},{"damage":37,"enemies":"Sphere and 2 Shapes","floor":44,"turns":5},{"damage":0,"enemies":"3 Darklings","floor":45,"turns":1},{"damage":53,"enemies":"Reptomancer","floor":48,"turns":5},{"damage":11,"enemies":"Awakened One","floor":50,"turns":6}],"seed_played":"3653568420093247074","potions_obtained":[{"floor":1,"key":"Regen Potion"},{"floor":12,"key":"SpeedPotion"},{"floor":14,"key":"EssenceOfSteel"},{"floor":33,"key":"PowerPotion"},{"floor":36,"key":"PowerPotion"},{"floor":48,"key":"PowerPotion"}],"is_trial":false,"path_per_floor":["M","?","?","$","M","R","$","E","T","E","$","M","R","E","R","B",null,"M","M","$","?","?","E","M","R","T","M","R","M","M","E","R","B",null,"M","M","$","?","M","R","R","?","T","M","M","R","$","E","R","B",null],"character_chosen":"IRONCLAD","items_purchased":["Spot Weakness","Heavy Blade","True Grit","Lantern","Blood Vial","Perfected Strike"],"campfire_rested":2,"item_purchase_floors":[7,7,11,20,37,47],"current_hp_per_floor":[73,66,66,66,72,72,72,60,60,50,50,56,56,46,70,39,70,51,40,40,40,40,46,44,44,44,50,50,56,62,61,61,61,75,80,80,80,80,77,77,77,77,77,52,64,64,64,23,62,63],"gold":76,"neow_bonus":"RANDOM_COLORLESS","is_prod":false,"is_daily":false,"chose_seed":false,"campfire_upgraded":8,"win_rate":0,"timestamp":1549680074,"path_taken":["M","?","?","$","M","R","$","E","T","E","$","M","R","E","R","BOSS","M","M","$","?","?","E","?","R","T","M","R","M","M","E","R","BOSS","M","M","$","?","M","R","R","?","T","?","M","R","?","E","R","BOSS"],"build_version":"2019-01-23","purchased_purges":2,"victory":true,"max_hp_per_floor":[80,80,80,80,80,80,80,80,80,80,80,80,80,80,80,80,80,80,80,80,80,80,80,80,80,80,80,80,80,80,80,80,80,80,80,80,80,80,80,80,80,80,80,80,80,80,80,80,80,80],"card_choices":[{"not_picked":["Carnage","Shockwave"],"picked":"Clash","floor":1},{"not_picked":["Searing Blow","Anger"],"picked":"Uppercut","floor":5},{"not_picked":["Headbutt","Twin Strike"],"picked":"Perfected Strike","floor":8},{"not_picked":["Rupture","Corruption","Berserk"],"picked":"SKIP","floor":10},{"not_picked":["Spot Weakness","Corruption"],"picked":"Cleave","floor":12},{"not_picked":["Pommel Strike","Sword Boomerang"],"picked":"Flame Barrier","floor":14},{"not_picked":["Cleave","Sword Boomerang"],"picked":"Armaments","floor":15},{"not_picked":["Double Tap","Limit Break"],"picked":"Demon Form","floor":16},{"not_picked":["Whirlwind","True Grit"],"picked":"Dropkick+1","floor":18},{"not_picked":["True Grit","Warcry","Bloodletting"],"picked":"SKIP","floor":19},{"not_picked":["Twin Strike","Hemokinesis","Brutality"],"picked":"SKIP","floor":23},{"not_picked":["Wild Strike","Ghostly Armor","Cleave"],"picked":"SKIP","floor":24},{"not_picked":["Anger+1","True Grit+1"],"picked":"Clothesline","floor":27},{"not_picked":["Wild Strike","Pommel Strike"],"picked":"Double Tap","floor":29},{"not_picked":["Clothesline","Pommel Strike"],"picked":"Shrug It Off+1","floor":30},{"not_picked":["Intimidate","Twin Strike"],"picked":"Pummel+1","floor":31},{"not_picked":["Berserk","Barricade"],"picked":"Limit Break","floor":33},{"not_picked":["Rage+1","Sword Boomerang"],"picked":"Shrug It Off+1","floor":35},{"not_picked":["Headbutt+1","Feel No Pain"],"picked":"Twin Strike+1","floor":36},{"not_picked":["Pommel Strike+1","Anger+1","Armaments+1"],"picked":"SKIP","floor":39},{"not_picked":["Evolve","Battle Trance"],"picked":"Metallicize","floor":44},{"not_picked":["Feel No Pain","Wild Strike","Cleave"],"picked":"SKIP","floor":45},{"not_picked":["Corruption+1","Immolate"],"picked":"Ghostly Armor+1","floor":48},{"not_picked":["Battle Trance","Sword Boomerang"],"picked":"Blood for Blood","floor":49}],"player_experience":185204,"relics_obtained":[{"floor":8,"key":"Bronze Scales"},{"floor":9,"key":"Bag of Marbles"},{"floor":10,"key":"Dream Catcher"},{"floor":14,"key":"Gremlin Horn"},{"floor":23,"key":"Ancient Tea Set"},{"floor":26,"key":"Regal Pillow"},{"floor":31,"key":"WingedGreaves"},{"floor":43,"key":"Centennial Puzzle"},{"floor":48,"key":"Whetstone"}],"event_choices":[{"damage_healed":0,"gold_gain":0,"player_choice":"Success","damage_taken":7,"relics_obtained":["Anchor"],"max_hp_gain":0,"max_hp_loss":0,"event_name":"Scrap Ooze","floor":2,"gold_loss":0},{"damage_healed":0,"gold_gain":0,"player_choice":"Upgraded","damage_taken":0,"max_hp_gain":0,"max_hp_loss":0,"event_name":"Upgrade Shrine","floor":3,"gold_loss":0,"cards_upgraded":["Clash"]},{"damage_healed":0,"gold_gain":0,"player_choice":"Ignored","damage_taken":0,"max_hp_gain":0,"max_hp_loss":0,"event_name":"Beggar","floor":21,"gold_loss":0},{"damage_healed":0,"gold_gain":0,"player_choice":"Forge","damage_taken":0,"max_hp_gain":0,"max_hp_loss":0,"event_name":"Accursed Blacksmith","floor":22,"gold_loss":0,"cards_upgraded":["Demon Form"]},{"cards_removed":["Defend_R"],"damage_healed":0,"gold_gain":0,"player_choice":"Removed Skill","damage_taken":0,"max_hp_gain":0,"max_hp_loss":0,"event_name":"Falling","floor":38,"gold_loss":0},{"damage_healed":0,"gold_gain":0,"player_choice":"Copied","damage_taken":0,"max_hp_gain":0,"max_hp_loss":0,"event_name":"Duplicator","floor":42,"gold_loss":0,"cards_obtained":["Demon Form"]}],"is_beta":false,"boss_relics":[{"not_picked":["Philosopher\u0027s Stone","Eternal Feather"],"picked":"Snecko Eye"},{"not_picked":["Black Star","Pandora\u0027s Box"],"picked":"Black Blood"}],"items_purged_floors":[20,37],"is_endless":false,"potions_floor_spawned":[1,12,14,19,29,30,31,33,35,36,44,48],"ascension_level":5}