{"gold_per_floor":[118,118,129,146,146,146,146,17,65,65,96,96,111,129,129,201,251,269,269,285,295,152,152,164,164,237,571,280,205,216,266,266,266],"floor_reached":33,"playtime":1080,"items_purged":["Strike_B","Writhe","Streamline"],"score":477,"play_id":"4947d21e-f5e7-47af-b546-77b1ba3685c2","local_time":"20190601174051","is_ascension_mode":true,"campfire_choices":[{"data":"Seek","floor":6,"key":"SMITH"},{"data":"Gash","floor":10,"key":"SMITH"},{"data":"Static Discharge","floor":12,"key":"SMITH"},{"floor":15,"key":"REST"},{"floor":23,"key":"REST"},{"data":"Electrodynamics","floor":25,"key":"SMITH"},{"floor":32,"key":"REST"}],"neow_cost":"TEN_PERCENT_HP_LOSS","seed_source_timestamp":7825309050742,"circlet_count":0,"master_deck":["AscendersBane","Strike_B","Strike_B","Defend_B","Defend_B","Defend_B","Dualcast","Tempest","Seek+1","Static Discharge+1","Steam","Gash+1","Hyperbeam+1","Sunder","Electrodynamics+1","Leap","Double Energy+1","Leap","Loop+1","BootSequence"],"relics":["Cracked Core","Happy Flower","Bag of Marbles","Blood Vial","Tiny House","Frozen Egg 2","Bottled Lightning","Old Coin","Oddly Smooth Stone"],"potions_floor_usage":[18,33,33],"damage_taken":[{"damage":7,"enemies":"Jaw Worm","floor":1,"turns":3},{"damage":6,"enemies":"Cultist","floor":3,"turns":3},{"damage":3,"enemies":"2 Louse","floor":4,"turns":2},{"damage":26,"enemies":"Gremlin Nob","floor":11,"turns":4},{"damage":6,"enemies":"Looter","floor":13,"turns":3},{"damage":0,"enemies":"Gremlin Gang","floor":14,"turns":1},{"damage":40,"enemies":"Slime Boss","floor":16,"turns":7},{"damage":3,"enemies":"Chosen","floor":18,"turns":3},{"damage":6,"enemies":"Spheric Guardian","floor":20,"turns":3},{"damage":27,"enemies":"Shelled Parasite and Fungi","floor":21,"turns":2},{"damage":9,"enemies":"Snake Plant","floor":24,"turns":2},{"damage":6,"enemies":"Slavers","floor":27,"turns":2},{"damage":6,"enemies":"Cultist and Chosen","floor":30,"turns":5},{"damage":66,"enemies":"Collector","floor":33,"turns":7}],"seed_played":"3664045272460488162","potions_obtained":[{"floor":14,"key":"Ancient Potion"},{"floor":16,"key":"FearPotion"},{"floor":17,"key":"Strength Potion"},{"floor":24,"key":"SneckoOil"},{"floor":27,"key":"PowerPotion"}],"is_trial":false,"path_per_floor":["M","?","M","M","?","R","?","$","T","R","E","R","M","M","R","B",null,"M","?","M","M","$","R","M","R","T","E","$","?","M","?","R","B"],"character_chosen":"DEFECT","items_purchased":["Gash","Loop+1","Oddly Smooth Stone"],"campfire_rested":3,"item_purchase_floors":[8,22,28],"current_hp_per_floor":[57,57,51,48,64,64,64,64,64,64,38,38,34,36,55,17,57,56,56,52,27,27,47,40,40,40,36,36,36,32,32,52,0],"gold":266,"neow_bonus":"TRANSFORM_TWO_CARDS","is_prod":false,"is_daily":false,"chose_seed":false,"campfire_upgraded":4,"win_rate":0,"timestamp":1559436051,"path_taken":["M","?","M","?","?","R","?","$","T","R","E","R","M","?","R","BOSS","M","?","M","M","$","R","M","R","T","E","$","?","M","?","R","BOSS"],"build_version":"2019-01-23","purchased_purges":3,"victory":false,"max_hp_per_floor":[64,64,64,64,64,64,64,64,64,64,64,64,64,64,64,64,69,69,69,69,69,69,69,69,69,69,69,69,69,69,69,69,69],"card_choices":[{"not_picked":["Coolheaded","Steam"],"picked":"Static Discharge","floor":1},{"not_picked":["Reprogram","Sweeping Beam","Gash"],"picked":"SKIP","floor":3},{"not_picked":["Reprogram","Hologram"],"picked":"Steam","floor":4},{"not_picked":["Stack","Loop"],"picked":"Hyperbeam","floor":11},{"not_picked":["Ball Lightning","Compile Driver"],"picked":"Streamline","floor":13},{"not_picked":["Go for the Eyes","Barrage"],"picked":"Sunder","floor":14},{"not_picked":["Fission","Machine Learning"],"picked":"Electrodynamics","floor":16},{"not_picked":["Beam Cell","Reinforced Body"],"picked":"Leap","floor":17},{"not_picked":["Rip and Tear","Sweeping Beam"],"picked":"Double Energy+1","floor":18},{"not_picked":["Ball Lightning","Rebound"],"picked":"Leap","floor":20},{"not_picked":["Scrape","Redo","Beam Cell"],"picked":"SKIP","floor":21},{"not_picked":["Aggregate+1","Turbo","Coolheaded"],"picked":"SKIP","floor":24},{"not_picked":["Leap","Reprogram"],"picked":"BootSequence","floor":27},{"not_picked":["Redo","Fusion","Hologram"],"picked":"SKIP","floor":30}],"player_experience":936652,"relics_obtained":[{"floor":9,"key":"Bag of Marbles"},{"floor":11,"key":"Blood Vial"},{"floor":26,"key":"Bottled Lightning"},{"floor":27,"key":"Old Coin"}],"event_choices":[{"damage_healed":0,"gold_gain":0,"player_choice":"1 cards matched","damage_taken":0,"max_hp_gain":0,"max_hp_loss":0,"event_name":"Match and Keep!","floor":2,"gold_loss":0,"cards_obtained":["Seek"]},{"damage_healed":21,"gold_gain":0,"player_choice":"Banana","damage_taken":0,"max_hp_gain":0,"max_hp_loss":0,"event_name":"Big Fish","floor":5,"gold_loss":0},{"cards_removed":["Seek"],"damage_healed":0,"gold_gain":0,"player_choice":"Gave Card","damage_taken":0,"relics_obtained":["Happy Flower"],"max_hp_gain":0,"max_hp_loss":0,"event_name":"WeMeetAgain","floor":7,"gold_loss":0},{"damage_healed":0,"gold_gain":0,"player_choice":"Opened","damage_taken":0,"relics_obtained":["Frozen Egg 2"],"max_hp_gain":0,"max_hp_loss":0,"event_name":"The Mausoleum","floor":19,"gold_loss":0,"cards_obtained":["Writhe"]},{"cards_removed":["Zap"],"damage_healed":0,"gold_gain":0,"player_choice":"Gave Gold","damage_taken":0,"max_hp_gain":0,"max_hp_loss":0,"event_name":"Beggar","floor":29,"gold_loss":75},{"damage_healed":0,"gold_gain":50,"player_choice":"Pray","damage_taken":0,"max_hp_gain":0,"max_hp_loss":0,"event_name":"Golden Shrine","floor":31,"gold_loss":0}],"is_beta":false,"boss_relics":[{"not_picked":["Eternal Feather","White Beast Statue"],"picked":"Tiny House"}],"items_purged_floors":[8,22,28],"is_endless":false,"potions_floor_spawned":[14,16,24,27,30],"killed_by":"Collector","ascension_level":16}