{"gold_per_floor":[116,136,150,166,177,177,204,204,204,53,53],"floor_reached":11,"playtime":463,"items_purged":["Strike_B"],"score":75,"play_id":"b3a4fbd0-bfcf-48ef-9493-941c80186271","local_time":"20190701145435","is_ascension_mode":false,"campfire_choices":[{"data":"Genetic Algorithm","floor":6,"key":"SMITH"},{"data":"Creative AI","floor":8,"key":"SMITH"}],"neow_cost":"NONE","seed_source_timestamp":741406241646154,"circlet_count":0,"master_deck":["Strike_B","Strike_B","Strike_B","Defend_B","Defend_B","Defend_B","Defend_B","Zap+1","Dualcast","Hologram","Rebound","Sweeping Beam","Skim","Genetic Algorithm+1","Creative AI+1","Self Repair"],"relics":["Cracked Core","Happy Flower","Blue Candle"],"potions_floor_usage":[7,7,7],"damage_taken":[{"damage":0,"enemies":"2 Louse","floor":1,"turns":3},{"damage":0,"enemies":"Small Slimes","floor":2,"turns":2},{"damage":0,"enemies":"Cultist","floor":3,"turns":3},{"damage":2,"enemies":"Looter","floor":4,"turns":3},{"damage":2,"enemies":"3 Louse","floor":5,"turns":3},{"damage":22,"enemies":"3 Sentries","floor":7,"turns":5},{"damage":57,"enemies":"Gremlin Nob","floor":11,"turns":4}],"seed_played":"216822049805866308","potions_obtained":[{"floor":2,"key":"Strength Potion"},{"floor":4,"key":"Strength Potion"},{"floor":5,"key":"Strength Potion"}],"is_trial":false,"path_per_floor":["M","M","M","M","M","R","E","R","T","$","E"],"character_chosen":"DEFECT","items_purchased":["Self Repair"],"campfire_rested":0,"item_purchase_floors":[10],"current_hp_per_floor":[75,75,75,73,71,71,49,49,49,49,0],"gold":53,"neow_bonus":"UPGRADE_CARD","is_prod":false,"is_daily":false,"chose_seed":false,"campfire_upgraded":2,"win_rate":0,"timestamp":1562018075,"path_taken":["M","M","M","M","M","R","E","R","T","$","E"],"build_version":"2019-01-23","purchased_purges":1,"victory":false,"max_hp_per_floor":[75,75,75,75,75,75,75,75,75,75,75],"card_choices":[{"not_picked":["Stack","Force Field"],"picked":"Hologram","floor":1},{"not_picked":["Redo","Force Field"],"picked":"Rebound","floor":2},{"not_picked":["Glacier","Cold Snap"],"picked":"Sweeping Beam","floor":3},{"not_picked":["Stack","Coolheaded"],"picked":"Skim","floor":4},{"not_picked":["Turbo","Buffer"],"picked":"Genetic Algorithm","floor":5},{"not_picked":["Self Repair","Conserve Battery"],"picked":"Creative AI","floor":7}],"player_experience":577130,"relics_obtained":[{"floor":7,"key":"Happy Flower"},{"floor":9,"key":"Blue Candle"}],"event_choices":[],"is_beta":false,"boss_relics":[],"items_purged_floors":[10],"is_endless":false,"potions_floor_spawned":[2,4,5],"killed_by":"Gremlin Nob","ascension_level":0}