{"gold_per_floor":[119,119,36,52,52,82,82,82,82,100,66,77,77,111,111,188,188,204,11,21,33,33,44,44],"floor_reached":24,"playtime":1164,"items_purged":[],"score":462,"play_id":"7d7e8b95-5c2a-4b1f-8bad-e268b81cb90e","local_time":"20190607190713","is_ascension_mode":true,"campfire_choices":[{"data":"Consume","floor":7.0,"key":"SMITH"},{"data":"Doom and Gloom","floor":13.0,"key":"SMITH"},{"data":"Rebound","floor":15.0,"key":"SMITH"}],"neow_cost":"NONE","seed_source_timestamp":0,"circlet_count":0,"master_deck":["AscendersBane","Strike_B+1","Strike_B","Strike_B","Strike_B","Defend_B","Defend_B","Defend_B","Defend_B","Zap+1","Dualcast","Rebound+1","Chill","Blizzard+1","Consume+1","Self Repair","Doom and Gloom+1","Cold Snap","Echo Form","Darkness","Go for the Eyes+1","Electrodynamics","Sunder","Undo","Echo Form","Self Repair"],"special_seed":0,"relics":["Cracked Core","NeowsBlessing","The Courier","Lantern","Bottled Flame","Prayer Wheel","Nuclear Battery"],"potions_floor_usage":[24,24],"damage_taken":[{"damage":0.0,"enemies":"2 Louse","floor":1.0,"turns":1.0},{"damage":0.0,"enemies":"Jaw Worm","floor":4.0,"turns":1.0},{"damage":0.0,"enemies":"Lagavulin","floor":6.0,"turns":1.0},{"damage":0.0,"enemies":"Cultist","floor":10.0,"turns":2.0},{"damage":0.0,"enemies":"2 Fungi Beasts","floor":12.0,"turns":2.0},{"damage":5.0,"enemies":"3 Sentries","floor":14.0,"turns":5.0},{"damage":12.0,"enemies":"The Guardian","floor":16.0,"turns":11.0},{"damage":11,"enemies":"3 Byrds","floor":18,"turns":4},{"damage":21,"enemies":"2 Thieves","floor":20,"turns":3},{"damage":27,"enemies":"Centurion and Healer","floor":21,"turns":8},{"damage":25,"enemies":"Sentry and Sphere","floor":23,"turns":10},{"damage":42,"enemies":"Book of Stabbing","floor":24,"turns":7}],"seed_played":"4948442399788126547","potions_obtained":[{"floor":4.0,"key":"GamblersBrew"},{"floor":6.0,"key":"Fire Potion"},{"floor":20,"key":"Ancient Potion"},{"floor":23,"key":"Regen Potion"}],"is_trial":false,"path_per_floor":["M","?","$","M","?","E","R","?","T","M","$","M","R","E","R","B",null,"M","$","M","M","?","M","E"],"character_chosen":"DEFECT","items_purchased":["Chill","Self Repair","Electrodynamics","Sunder"],"campfire_rested":0,"item_purchase_floors":[3,11,19,19],"current_hp_per_floor":[64,64,64,64,43,43,43,17,17,17,17,17,17,19,19,14,57,60,60,53,33,33,22,0],"gold":44,"neow_bonus":"THREE_ENEMY_KILL","is_prod":false,"is_daily":false,"chose_seed":false,"campfire_upgraded":3,"win_rate":0,"timestamp":1559948833,"path_taken":["M","?","$","M","?","E","R","?","T","?","$","M","R","E","R","BOSS","M","$","M","M","?","?","E"],"build_version":"2019-01-23","purchased_purges":0,"victory":false,"max_hp_per_floor":[71,71,71,71,71,71,71,71,71,71,71,71,71,71,71,71,71,71,71,71,71,71,71,71],"card_choices":[{"not_picked":["Beam Cell","Sweeping Beam"],"picked":"Rebound","floor":1.0},{"not_picked":["Fusion","Redo"],"picked":"Blizzard","floor":4.0},{"not_picked":["Beam Cell","Fission"],"picked":"Consume","floor":6.0},{"not_picked":["Beam Cell","Stack","Hologram"],"picked":"SKIP","floor":10.0},{"not_picked":["Steam","Redo"],"picked":"Doom and Gloom","floor":12.0},{"not_picked":["Auto Shields","Aggregate"],"picked":"Cold Snap","floor":14.0},{"not_picked":["Machine Learning","Fission"],"picked":"Echo Form","floor":16.0},{"not_picked":["Go for the Eyes","Skim"],"picked":"Darkness","floor":18},{"not_picked":["Heatsinks","Leap"],"picked":"Go for the Eyes+1","floor":18},{"not_picked":["Steam+1","Scrape"],"picked":"Undo","floor":20},{"not_picked":["Stack","Blizzard+1","Beam Cell"],"picked":"SKIP","floor":20},{"not_picked":["Heatsinks+1","Gash","Compile Driver"],"picked":"SKIP","floor":21},{"not_picked":["Blizzard","Force Field","Turbo"],"picked":"SKIP","floor":21},{"not_picked":["Heatsinks","Sweeping Beam"],"picked":"Self Repair","floor":23},{"not_picked":["Heatsinks","Beam Cell","Genetic Algorithm"],"picked":"SKIP","floor":23}],"player_experience":858469,"relics_obtained":[{"floor":6.0,"key":"The Courier"},{"floor":9.0,"key":"Bottled Flame"},{"floor":14.0,"key":"Prayer Wheel"}],"event_choices":[{"damage_healed":0.0,"max_hp_gain":0.0,"max_hp_loss":0.0,"gold_gain":0.0,"event_name":"Living Wall","player_choice":"Grow","floor":2.0,"gold_loss":0.0,"damage_taken":0.0,"cards_upgraded":["Zap"]},{"damage_healed":0.0,"max_hp_gain":0.0,"max_hp_loss":0.0,"gold_gain":0.0,"event_name":"Shining Light","player_choice":"Entered Light","floor":5.0,"gold_loss":0.0,"damage_taken":21.0,"cards_upgraded":["Blizzard","Strike_B"]},{"damage_healed":0.0,"max_hp_gain":0.0,"max_hp_loss":0.0,"gold_gain":0.0,"event_name":"Scrap Ooze","player_choice":"Success","floor":8.0,"gold_loss":0.0,"damage_taken":26.0,"relics_obtained":["Lantern"]},{"damage_healed":0,"gold_gain":0,"player_choice":"Copied","damage_taken":0,"max_hp_gain":0,"max_hp_loss":0,"event_name":"Duplicator","floor":22,"gold_loss":0,"cards_obtained":["Echo Form"]}],"is_beta":false,"boss_relics":[{"not_picked":["Eternal Feather","FrozenCore"],"picked":"Nuclear Battery"}],"items_purged_floors":[],"is_endless":false,"potions_floor_spawned":[4,6,14,20,23],"killed_by":"Book of Stabbing","ascension_level":20}