{"gold_per_floor":[113,13,26,44,9,9,34,34,34,34,46,81,100,110,110,215,215,229,244,132,164,177,177,177,177],"floor_reached":25,"playtime":1554,"items_purged":["Strike_G"],"score":288,"play_id":"9dc3a8e9-6f64-4e2b-ae13-8bcee82222eb","local_time":"20190216002238","is_ascension_mode":true,"campfire_choices":[{"data":"Crippling Poison","floor":6.0,"key":"SMITH"},{"data":"Masterful Stab","floor":10.0,"key":"SMITH"},{"data":"Infinite Blades","floor":15.0,"key":"SMITH"},{"floor":23,"key":"REST"}],"neow_cost":"NONE","seed_source_timestamp":0,"circlet_count":0,"master_deck":["Defend_G","Defend_G","Defend_G","Defend_G","Defend_G","Strike_G","Strike_G","Strike_G","Survivor","Neutralize","Crippling Poison+1","Leg Sweep","Dagger Throw","Masterful Stab+1","Infinite Blades+1","Dagger Spray","Well Laid Plans","Backflip","Blade Dance","Storm of Steel","Blur","Footwork","Caltrops","Predator+1"],"special_seed":0,"relics":["Ring of the Snake","Happy Flower","Sundial","Bottled Flame","Bag of Marbles","Eternal Feather","Red Mask"],"potions_floor_usage":[18],"damage_taken":[{"damage":4.0,"enemies":"2 Louse","floor":1.0,"turns":3.0},{"damage":0.0,"enemies":"Jaw Worm","floor":3.0,"turns":4.0},{"damage":0.0,"enemies":"Small Slimes","floor":4.0,"turns":2.0},{"damage":25.0,"enemies":"Lagavulin","floor":7.0,"turns":6.0},{"damage":0.0,"enemies":"Looter","floor":11.0,"turns":4.0},{"damage":7.0,"enemies":"3 Sentries","floor":12.0,"turns":8.0},{"damage":2.0,"enemies":"3 Louse","floor":13.0,"turns":2.0},{"damage":0.0,"enemies":"Lots of Slimes","floor":14.0,"turns":1.0},{"damage":25.0,"enemies":"The Guardian","floor":16.0,"turns":14.0},{"damage":6,"enemies":"2 Thieves","floor":18,"turns":2},{"damage":0,"enemies":"3 Byrds","floor":19,"turns":4},{"damage":19,"enemies":"Masked Bandits","floor":21,"turns":4},{"damage":27,"enemies":"Sentry and Sphere","floor":22,"turns":12},{"damage":11,"enemies":"Colosseum Slavers","floor":24,"turns":5},{"damage":33,"enemies":"Gremlin Leader","floor":25,"turns":2}],"seed_played":"6840649456293201278","potions_obtained":[{"floor":1.0,"key":"Regen Potion"},{"floor":7.0,"key":"Fire Potion"},{"floor":13.0,"key":"SteroidPotion"},{"floor":14.0,"key":"SteroidPotion"},{"floor":18,"key":"GamblersBrew"}],"is_trial":false,"path_per_floor":["M","$","M","M","?","R","E","?","T","R","M","E","M","M","R","B",null,"M","M","$","?","M","R","?","E"],"character_chosen":"THE_SILENT","items_purchased":["Leg Sweep","Dagger Throw","Footwork"],"campfire_rested":1,"item_purchase_floors":[2,2,20],"current_hp_per_floor":[59,59,59,59,70,70,45,38,38,38,38,46,44,44,44,19,57,51,51,51,32,5,38,27,0],"gold":177,"neow_bonus":"RANDOM_COMMON_RELIC","is_prod":false,"is_daily":false,"chose_seed":false,"campfire_upgraded":3,"win_rate":0,"timestamp":1550294558,"path_taken":["M","$","M","M","?","R","E","?","T","R","M","E","M","M","R","BOSS","M","M","$","?","M","R","?","E"],"build_version":"2019-01-23","purchased_purges":1,"victory":false,"max_hp_per_floor":[70,70,70,70,70,70,70,70,70,70,70,70,70,70,70,70,70,70,70,70,70,70,70,70,70],"card_choices":[{"not_picked":["Deadly Poison","Outmaneuver"],"picked":"Crippling Poison","floor":1.0},{"not_picked":["Blade Dance","Bane"],"picked":"Masterful Stab","floor":3.0},{"not_picked":["Masterful Stab","Poisoned Stab","Accuracy"],"picked":"SKIP","floor":4.0},{"not_picked":["Unload","Outmaneuver"],"picked":"Infinite Blades","floor":7.0},{"not_picked":["Blade Dance","Slice"],"picked":"Dagger Spray","floor":11.0},{"not_picked":["Backflip","Blade Dance"],"picked":"Well Laid Plans","floor":12.0},{"not_picked":["Quick Slash","Expertise"],"picked":"Backflip","floor":13.0},{"not_picked":["Quick Slash","Calculated Gamble"],"picked":"Blade Dance","floor":14.0},{"not_picked":["Corpse Explosion","Bullet Time"],"picked":"Storm of Steel","floor":16.0},{"not_picked":["Bane","Prepared"],"picked":"Blur","floor":18},{"not_picked":["Riddle With Holes","Dodge and Roll","Crippling Poison+1"],"picked":"SKIP","floor":19},{"not_picked":["Deadly Poison+1","Flying Knee"],"picked":"Caltrops","floor":21},{"not_picked":["Blade Dance","Acrobatics"],"picked":"Predator+1","floor":22}],"player_experience":254050,"relics_obtained":[{"floor":7.0,"key":"Sundial"},{"floor":9.0,"key":"Bottled Flame"},{"floor":12.0,"key":"Bag of Marbles"},{"floor":21,"key":"Red Mask"}],"event_choices":[{"damage_healed":17.0,"max_hp_gain":0.0,"max_hp_loss":0.0,"gold_gain":0.0,"event_name":"The Cleric","player_choice":"Healed","floor":5.0,"gold_loss":35.0,"damage_taken":0.0},{"cards_removed":["Strike_G"],"damage_healed":0.0,"max_hp_gain":0.0,"max_hp_loss":0.0,"gold_gain":0.0,"event_name":"Golden Wing","player_choice":"Card Removal","floor":8.0,"gold_loss":0.0,"damage_taken":7.0},{"damage_healed":0,"gold_gain":0,"player_choice":"Fought Bandits","damage_taken":0,"max_hp_gain":0,"max_hp_loss":0,"event_name":"Masked Bandits","floor":21,"gold_loss":0},{"damage_healed":0,"gold_gain":0,"player_choice":"Fight","damage_taken":0,"max_hp_gain":0,"max_hp_loss":0,"event_name":"Colosseum","floor":24,"gold_loss":0},{"damage_healed":0,"gold_gain":0,"player_choice":"Fled From Nobs","damage_taken":0,"max_hp_gain":0,"max_hp_loss":0,"event_name":"Colosseum","floor":24,"gold_loss":0}],"is_beta":false,"boss_relics":[{"not_picked":["Runic Pyramid","Calling Bell"],"picked":"Eternal Feather"}],"items_purged_floors":[20],"is_endless":false,"potions_floor_spawned":[1,7,13,14,18,24],"killed_by":"Gremlin Leader","ascension_level":7}