{"gold_per_floor":[119,129,129,129,52,52,52,52,52,91,106,106,122,153,153,244,244,263,263,44,44,62,62,95,95,176,226,95,95,113,153,153,246,246,267,292,292,311,332,332,332,457,457,496,37,51,71,95,95,95],"floor_reached":51,"playtime":2549,"items_purged":["Anger","Battle Trance"],"score":1261,"play_id":"d75843dd-35d6-4599-ae5a-840dac296563","local_time":"20190511201056","is_ascension_mode":true,"campfire_choices":[{"data":"Inflame","floor":6,"key":"SMITH"},{"data":"Burning Pact","floor":8,"key":"SMITH"},{"data":"Demon Form","floor":12,"key":"SMITH"},{"floor":15,"key":"REST"},{"floor":23,"key":"REST"},{"data":"Clothesline","floor":25,"key":"SMITH"},{"floor":32,"key":"REST"},{"floor":40,"key":"RECALL"},{"floor":49,"key":"REST"}],"neow_cost":"NONE","seed_source_timestamp":488555347377124,"circlet_count":0,"master_deck":["AscendersBane","Strike_R+1","Strike_R+1","Strike_R+1","Strike_R+1","Defend_R+1","Defend_R+1","Defend_R+1","Defend_R+1","Bash","Cleave","Burning Pact+1","Inflame+1","Demon Form+1","Reaper","Clothesline+1","Offering","Impervious+1","Perfected Strike","Armaments+1","Flame Barrier","Juggernaut","Shrug It Off","Clothesline+1","Dark Embrace"],"relics":["Burning Blood","Golden Idol","Mercury Hourglass","Omamori","Anchor","Snecko Eye","Mummified Hand","Juzu Bracelet","Dead Branch","Letter Opener","Pear","Vajra","Fusion Hammer","StoneCalendar","Mango","Sundial","Pen Nib"],"potions_floor_usage":[10,10,16,18,22,33,33,38,50,50],"damage_taken":[{"damage":10,"enemies":"Small Slimes","floor":1,"turns":3},{"damage":4,"enemies":"2 Louse","floor":2,"turns":4},{"damage":23,"enemies":"Lagavulin","floor":10,"turns":6},{"damage":6,"enemies":"Cultist","floor":11,"turns":4},{"damage":10,"enemies":"Exordium Thugs","floor":13,"turns":5},{"damage":35,"enemies":"3 Sentries","floor":14,"turns":6},{"damage":23,"enemies":"The Guardian","floor":16,"turns":11},{"damage":27,"enemies":"2 Thieves","floor":18,"turns":5},{"damage":4,"enemies":"Shell Parasite","floor":22,"turns":6},{"damage":21,"enemies":"Book of Stabbing","floor":24,"turns":4},{"damage":0,"enemies":"Cultist and Chosen","floor":30,"turns":4},{"damage":33,"enemies":"Slavers","floor":31,"turns":4},{"damage":44,"enemies":"Champ","floor":33,"turns":10},{"damage":8,"enemies":"Orb Walker","floor":35,"turns":4},{"damage":6,"enemies":"3 Darklings","floor":36,"turns":3},{"damage":6,"enemies":"4 Shapes","floor":38,"turns":3},{"damage":23,"enemies":"Writhing Mass","floor":39,"turns":6},{"damage":26,"enemies":"Mind Bloom Boss Battle","floor":42,"turns":8},{"damage":18,"enemies":"Giant Head","floor":44,"turns":6},{"damage":7,"enemies":"Spire Growth","floor":46,"turns":3},{"damage":0,"enemies":"Transient","floor":47,"turns":5},{"damage":2,"enemies":"Jaw Worm Horde","floor":48,"turns":3},{"damage":89,"enemies":"Donu and Deca","floor":50,"turns":8}],"seed_played":"2814960583234022159","potions_obtained":[{"floor":0,"key":"SpeedPotion"},{"floor":0,"key":"Swift Potion"},{"floor":0,"key":"AttackPotion"},{"floor":2,"key":"Block Potion"},{"floor":13,"key":"Ancient Potion"},{"floor":14,"key":"Ancient Potion"},{"floor":16,"key":"PowerPotion"},{"floor":22,"key":"Ancient Potion"},{"floor":33,"key":"Block Potion"},{"floor":38,"key":"SteroidPotion"},{"floor":39,"key":"Strength Potion"},{"floor":42,"key":"Fire Potion"}],"is_trial":false,"path_per_floor":["M","M","?","?","$","R","?","R","T","E","M","R","M","E","R","B",null,"M","?","$","?","M","R","E","R","T","?","$","T","M","E","R","B",null,"M","M","?","M","M","R","?","?","T","E","$","M","M","M","R","B",null],"character_chosen":"IRONCLAD","items_purchased":["Inflame","Juzu Bracelet","Block Potion","Block Potion","Juggernaut","Shrug It Off","Pen Nib"],"campfire_rested":4,"item_purchase_floors":[5,20,20,28,45,45,45],"current_hp_per_floor":[64,66,59,59,59,59,64,64,64,47,47,47,43,14,35,18,59,46,46,46,46,64,73,73,73,73,73,73,83,83,64,83,67,79,77,83,79,79,79,79,79,63,77,81,81,93,93,93,93,25],"gold":95,"neow_bonus":"THREE_SMALL_POTIONS","is_prod":false,"is_daily":false,"chose_seed":false,"campfire_upgraded":4,"win_rate":0,"timestamp":1557630656,"path_taken":["M","M","?","?","$","R","?","R","T","E","M","R","M","E","R","BOSS","M","?","?","?","M","R","E","R","T","?","?","?","M","E","R","BOSS","M","M","?","M","M","R","?","?","T","E","$","M","M","M","R","BOSS"],"build_version":"2019-01-23","purchased_purges":2,"victory":true,"max_hp_per_floor":[75,75,75,68,68,68,73,73,73,73,73,73,73,73,73,73,73,73,73,73,73,73,73,73,73,73,73,73,83,83,83,83,83,83,83,83,79,79,79,79,79,79,93,93,93,93,93,93,93,93],"card_choices":[{"not_picked":["Clash","Second Wind"],"picked":"Cleave","floor":1},{"not_picked":["Anger","Clash"],"picked":"Burning Pact","floor":2},{"not_picked":["True Grit","Clothesline"],"picked":"Demon Form","floor":10},{"not_picked":["Flex","Rage"],"picked":"Anger","floor":11},{"not_picked":["Armaments","Uppercut","Rupture"],"picked":"SKIP","floor":13},{"not_picked":["Fiend Fire","Twin Strike"],"picked":"Battle Trance","floor":14},{"not_picked":["Fiend Fire","Barricade"],"picked":"Reaper","floor":16},{"not_picked":["Armaments","Twin Strike","Shrug It Off"],"picked":"SKIP","floor":18},{"not_picked":["Combust","Sentinel"],"picked":"Clothesline","floor":22},{"not_picked":["Twin Strike","Iron Wave","Headbutt"],"picked":"SKIP","floor":24},{"not_picked":["Entrench","Hemokinesis"],"picked":"Offering","floor":30},{"not_picked":["Thunderclap","Infernal Blade","Twin Strike"],"picked":"SKIP","floor":31},{"not_picked":["Dark Embrace","Exhume"],"picked":"Impervious","floor":33},{"not_picked":["Anger+1","Burning Pact","Infernal Blade"],"picked":"SKIP","floor":35},{"not_picked":["Warcry+1","Iron Wave","Body Slam"],"picked":"SKIP","floor":36},{"not_picked":["Pommel Strike","True Grit"],"picked":"Perfected Strike","floor":38},{"not_picked":["Uppercut","Infernal Blade"],"picked":"Armaments+1","floor":39},{"not_picked":["Evolve","Sword Boomerang"],"picked":"Flame Barrier","floor":42},{"not_picked":["Feel No Pain","Iron Wave","Metallicize"],"picked":"SKIP","floor":44},{"not_picked":["Body Slam","Power Through"],"picked":"Clothesline+1","floor":46},{"not_picked":["Anger+1","Thunderclap+1"],"picked":"Dark Embrace","floor":47},{"not_picked":["Iron Wave","Ghostly Armor","Havoc"],"picked":"SKIP","floor":48}],"player_experience":913615,"relics_obtained":[{"floor":9,"key":"Mercury Hourglass"},{"floor":10,"key":"Omamori"},{"floor":14,"key":"Anchor"},{"floor":24,"key":"Dead Branch"},{"floor":26,"key":"Letter Opener"},{"floor":29,"key":"Pear"},{"floor":31,"key":"Vajra"},{"floor":42,"key":"StoneCalendar"},{"floor":43,"key":"Mango"},{"floor":44,"key":"Sundial"}],"event_choices":[{"cards_removed":["Strike_R"],"damage_healed":0,"gold_gain":0,"player_choice":"Card Removal","damage_taken":7,"max_hp_gain":0,"max_hp_loss":0,"event_name":"Golden Wing","floor":3,"gold_loss":0},{"damage_healed":0,"gold_gain":0,"player_choice":"Lose Max HP","damage_taken":0,"relics_obtained":["Golden Idol"],"max_hp_gain":0,"max_hp_loss":7,"event_name":"Golden Idol","floor":4,"gold_loss":0},{"damage_healed":0,"gold_gain":0,"player_choice":"Donut","damage_taken":0,"max_hp_gain":5,"max_hp_loss":0,"event_name":"Big Fish","floor":7,"gold_loss":0},{"damage_healed":0,"gold_gain":0,"player_choice":"Gave Potion","damage_taken":0,"relics_obtained":["Mummified Hand"],"max_hp_gain":0,"max_hp_loss":0,"event_name":"WeMeetAgain","floor":19,"gold_loss":0},{"damage_healed":0,"gold_gain":0,"player_choice":"Simplicity","damage_taken":0,"max_hp_gain":0,"max_hp_loss":0,"event_name":"Back to Basics","floor":21,"gold_loss":0,"cards_upgraded":["Strike_R","Strike_R","Strike_R","Strike_R","Defend_R","Defend_R","Defend_R","Defend_R"]},{"damage_healed":0,"gold_gain":50,"player_choice":"Pray","damage_taken":0,"max_hp_gain":0,"max_hp_loss":0,"event_name":"Golden Shrine","floor":27,"gold_loss":0},{"damage_healed":0,"gold_gain":0,"player_choice":"Max HP","damage_taken":0,"max_hp_gain":0,"max_hp_loss":4,"event_name":"Winding Halls","floor":37,"gold_loss":0},{"damage_healed":0,"gold_gain":0,"player_choice":"Forge","damage_taken":0,"max_hp_gain":0,"max_hp_loss":0,"event_name":"Accursed Blacksmith","floor":41,"gold_loss":0,"cards_upgraded":["Impervious"]},{"damage_healed":0,"gold_gain":0,"player_choice":"Fight","damage_taken":0,"max_hp_gain":0,"max_hp_loss":0,"event_name":"MindBloom","floor":42,"gold_loss":0}],"is_beta":false,"boss_relics":[{"not_picked":["Empty Cage","Calling Bell"],"picked":"Snecko Eye"},{"not_picked":["Eternal Feather","Astrolabe"],"picked":"Fusion Hammer"}],"items_purged_floors":[28,45],"is_endless":false,"potions_floor_spawned":[2,13,14,16,22,30,33,38,39,42,44,47,48],"ascension_level":16}