{"gold_per_floor":[116,191,466,483,167,167,179,191,245,264,278,278,278,360,360,465,465,483,483,503,187,199,199,214,214,214,214,227,227],"floor_reached":29,"playtime":944,"items_purged":["Regret","Strike_B"],"score":217,"play_id":"380bfcb6-5762-4a32-ba22-ab653819491d","local_time":"20190517142225","is_ascension_mode":false,"campfire_choices":[{"data":"Fusion","floor":6,"key":"SMITH"},{"data":"Zap","floor":15,"key":"SMITH"},{"data":"Recycle","floor":25,"key":"SMITH"}],"neow_cost":"NONE","seed_source_timestamp":154998034899028,"circlet_count":0,"master_deck":["Strike_B","Strike_B","Strike_B","Defend_B","Defend_B","Defend_B","Defend_B","Zap+1","Dualcast","Go for the Eyes","Fusion+1","Glacier","FTL","Static Discharge","Turbo","Gash","Electrodynamics","Cold Snap","Core Surge","Core Surge","Coolheaded+1","Recycle+1","Sadistic Nature","Conserve Battery+1","Doom and Gloom"],"relics":["Cracked Core"],"potions_floor_usage":[10,16,22,22],"damage_taken":[{"damage":0,"enemies":"Small Slimes","floor":1,"turns":4},{"damage":0,"enemies":"2 Louse","floor":4,"turns":2},{"damage":1,"enemies":"Cultist","floor":7,"turns":3},{"damage":5,"enemies":"Looter","floor":8,"turns":3},{"damage":5,"enemies":"Large Slime","floor":10,"turns":4},{"damage":2,"enemies":"3 Louse","floor":11,"turns":3},{"damage":15,"enemies":"Slime Boss","floor":16,"turns":9},{"damage":11,"enemies":"Spheric Guardian","floor":18,"turns":4},{"damage":23,"enemies":"2 Thieves","floor":20,"turns":3},{"damage":10,"enemies":"Snake Plant","floor":22,"turns":4},{"damage":6,"enemies":"Shelled Parasite and Fungi","floor":24,"turns":12},{"damage":10,"enemies":"Snecko","floor":28,"turns":5},{"damage":28,"enemies":"Chosen and Byrds","floor":29,"turns":5}],"seed_played":"7989403706387835251","potions_obtained":[{"floor":4,"key":"Block Potion"},{"floor":7,"key":"Weak Potion"},{"floor":8,"key":"Poison Potion"},{"floor":16,"key":"Poison Potion"},{"floor":24,"key":"FearPotion"}],"is_trial":false,"path_per_floor":["M","?","?","M","$","R","M","M","T","M","M","?","?","T","R","B",null,"M","?","M","$","M","?","M","R","T","?","M","M"],"character_chosen":"DEFECT","items_purchased":["Glacier","FTL","Static Discharge","Turbo","Recycle","Sadistic Nature"],"campfire_rested":0,"item_purchase_floors":[5,5,5,5,21,21],"current_hp_per_floor":[82,71,71,71,71,71,70,65,65,60,58,58,58,58,58,43,82,71,71,48,48,38,38,32,32,32,32,22,0],"gold":227,"neow_bonus":"TEN_PERCENT_HP_BONUS","is_prod":false,"is_daily":false,"chose_seed":false,"campfire_upgraded":3,"win_rate":0,"timestamp":1558117345,"path_taken":["M","?","?","M","$","R","M","M","T","?","M","?","?","?","R","BOSS","M","?","?","$","M","?","M","R","T","?","M","M"],"build_version":"2019-01-23","purchased_purges":2,"victory":false,"max_hp_per_floor":[82,82,82,82,82,82,82,82,82,82,82,82,82,82,82,82,82,82,82,82,82,82,82,82,82,82,82,82,82],"card_choices":[{"not_picked":["Barrage","Melter"],"picked":"Go for the Eyes","floor":1},{"not_picked":["Redo","Melter"],"picked":"Fusion","floor":4},{"not_picked":["Scrape","Self Repair"],"picked":"Gash","floor":7},{"not_picked":["Hologram","Beam Cell"],"picked":"Electrodynamics","floor":8},{"not_picked":["Rebound","Redo","Static Discharge"],"picked":"SKIP","floor":10},{"not_picked":["Steam","Streamline"],"picked":"Cold Snap","floor":11},{"not_picked":["Seek","Thunder Strike"],"picked":"Core Surge","floor":16},{"not_picked":["Cold Snap","Ball Lightning+1","Barrage"],"picked":"SKIP","floor":18},{"not_picked":["Gash","Redo"],"picked":"Coolheaded+1","floor":20},{"not_picked":["Reinforced Body","Genetic Algorithm"],"picked":"Conserve Battery+1","floor":22},{"not_picked":["Go for the Eyes","Cold Snap"],"picked":"Doom and Gloom","floor":24},{"not_picked":["Steam Power","Turbo+1","Ball Lightning"],"picked":"SKIP","floor":28}],"player_experience":717482,"relics_obtained":[],"event_choices":[{"damage_healed":0,"gold_gain":75,"player_choice":"Gather Gold","damage_taken":11,"max_hp_gain":0,"max_hp_loss":0,"event_name":"World of Goop","floor":2,"gold_loss":0},{"damage_healed":0,"gold_gain":275,"player_choice":"Desecrate","damage_taken":0,"max_hp_gain":0,"max_hp_loss":0,"event_name":"Golden Shrine","floor":3,"gold_loss":0,"cards_obtained":["Regret"]},{"damage_healed":0,"gold_gain":0,"player_choice":"Fled","damage_taken":0,"max_hp_gain":0,"max_hp_loss":0,"event_name":"Scrap Ooze","floor":12,"gold_loss":0},{"damage_healed":0,"gold_gain":0,"player_choice":"Ignored","damage_taken":0,"max_hp_gain":0,"max_hp_loss":0,"event_name":"Golden Idol","floor":13,"gold_loss":0},{"damage_healed":0,"gold_gain":0,"player_choice":"Copied","damage_taken":0,"max_hp_gain":0,"max_hp_loss":0,"event_name":"Duplicator","floor":19,"gold_loss":0,"cards_obtained":["Core Surge"]},{"damage_healed":0,"gold_gain":0,"player_choice":"Ignored","damage_taken":0,"max_hp_gain":0,"max_hp_loss":0,"event_name":"Cursed Tome","floor":23,"gold_loss":0},{"damage_healed":0,"gold_gain":0,"player_choice":"Ignored","damage_taken":0,"max_hp_gain":0,"max_hp_loss":0,"event_name":"Ghosts","floor":27,"gold_loss":0}],"is_beta":false,"boss_relics":[{"not_picked":["Nuclear Battery","Orrery","White Beast Statue"]}],"items_purged_floors":[5,21],"is_endless":false,"potions_floor_spawned":[4,7,8,16,24],"killed_by":"Chosen and Byrds","ascension_level":0}