{"gold_per_floor":[109,125,50,67,87,87,97,15,15,15,42,42,52,67,67,166,166,176,50,63,63,63,63,92,92,92,92,102,102,102],"floor_reached":30,"playtime":1201,"items_purged":["Strike_R","Defend_R"],"score":300,"play_id":"2c53d1b4-7592-4737-bedf-0ce57c5559fd","local_time":"20190625011624","is_ascension_mode":true,"campfire_choices":[{"data":"Bash","floor":6,"key":"SMITH"},{"data":"Bludgeon","floor":15,"key":"SMITH"},{"data":"RitualDagger","floor":23,"key":"SMITH"},{"floor":25,"key":"REST"},{"data":"Flame Barrier","floor":27,"key":"SMITH"}],"neow_cost":"NONE","seed_source_timestamp":173166081451312,"circlet_count":0,"master_deck":["Strike_R","Strike_R","Strike_R","Defend_R","Defend_R","Bash+1","Dropkick","Thunderclap","Shrug It Off","True Grit","Flash of Steel","Bludgeon+1","Flame Barrier+1","Juggernaut","Shrug It Off","Headbutt","RitualDagger+1","Thunderclap"],"relics":["Burning Blood","NeowsBlessing","Blue Candle","Meat on the Bone","Sozu","Bottled Lightning","Gremlin Horn"],"potions_floor_usage":[7,16,16],"damage_taken":[{"damage":0,"enemies":"Jaw Worm","floor":1,"turns":1},{"damage":0,"enemies":"Small Slimes","floor":2,"turns":1},{"damage":0,"enemies":"2 Louse","floor":4,"turns":1},{"damage":11,"enemies":"Blue Slaver","floor":5,"turns":3},{"damage":13,"enemies":"3 Louse","floor":7,"turns":4},{"damage":27,"enemies":"Lagavulin","floor":11,"turns":6},{"damage":30,"enemies":"Exordium Wildlife","floor":13,"turns":6},{"damage":0,"enemies":"2 Fungi Beasts","floor":14,"turns":2},{"damage":42,"enemies":"Slime Boss","floor":16,"turns":11},{"damage":16,"enemies":"Shell Parasite","floor":18,"turns":5},{"damage":0,"enemies":"Chosen","floor":20,"turns":3},{"damage":59,"enemies":"Slavers","floor":24,"turns":7},{"damage":37,"enemies":"Shelled Parasite and Fungi","floor":28,"turns":4},{"damage":40,"enemies":"Book of Stabbing","floor":30,"turns":4}],"seed_played":"5764103954902816806","potions_obtained":[{"floor":4,"key":"Poison Potion"},{"floor":13,"key":"Weak Potion"},{"floor":14,"key":"BloodPotion"}],"is_trial":false,"path_per_floor":["M","M","$","M","M","R","M","$","T","?","E","$","M","M","R","B",null,"M","$","M","?","?","R","E","R","T","R","M","?","E"],"character_chosen":"IRONCLAD","items_purchased":["Flash of Steel","Shrug It Off"],"campfire_rested":1,"item_purchase_floors":[8,19],"current_hp_per_floor":[80,80,80,80,75,75,68,68,68,68,47,47,35,53,53,37,80,70,70,76,76,70,70,29,53,53,53,34,34,0],"gold":102,"neow_bonus":"THREE_ENEMY_KILL","is_prod":false,"is_daily":false,"chose_seed":false,"campfire_upgraded":4,"win_rate":0,"timestamp":1561450584,"path_taken":["M","M","$","M","M","R","M","$","T","?","E","$","M","M","R","BOSS","M","$","M","?","?","R","E","R","T","R","M","?","E"],"build_version":"2019-01-23","purchased_purges":2,"victory":false,"max_hp_per_floor":[80,80,80,80,80,80,80,80,80,80,80,80,80,80,80,80,80,80,80,80,80,80,80,80,80,80,80,80,80,80],"card_choices":[{"not_picked":["Sword Boomerang","Clothesline"],"picked":"Dropkick","floor":1},{"not_picked":["Power Through","Havoc","Anger"],"picked":"SKIP","floor":2},{"not_picked":["Rupture","Dark Embrace"],"picked":"Thunderclap","floor":4},{"not_picked":["Carnage","Iron Wave"],"picked":"Shrug It Off","floor":5},{"not_picked":["Perfected Strike","Havoc"],"picked":"True Grit","floor":7},{"not_picked":["Entrench","Iron Wave"],"picked":"Bludgeon","floor":11},{"not_picked":["Armaments","Wild Strike","Clash"],"picked":"SKIP","floor":13},{"not_picked":["Entrench","Heavy Blade"],"picked":"Flame Barrier","floor":14},{"not_picked":["Brutality","Feed"],"picked":"Juggernaut","floor":16},{"not_picked":["Power Through","Sword Boomerang","Clash+1"],"picked":"SKIP","floor":18},{"not_picked":["Pommel Strike","Anger"],"picked":"Headbutt","floor":20},{"not_picked":["Metallicize","Combust"],"picked":"Thunderclap","floor":24},{"not_picked":["Headbutt","Sever Soul+1","Armaments"],"picked":"SKIP","floor":28}],"player_experience":490457,"relics_obtained":[{"floor":9,"key":"Blue Candle"},{"floor":11,"key":"Meat on the Bone"},{"floor":24,"key":"Bottled Lightning"},{"floor":26,"key":"Gremlin Horn"}],"event_choices":[{"cards_removed":["Defend_R"],"damage_healed":0,"gold_gain":0,"player_choice":"Forget","damage_taken":0,"max_hp_gain":0,"max_hp_loss":0,"event_name":"Living Wall","floor":10,"gold_loss":0},{"cards_removed":["Strike_R"],"damage_healed":0,"gold_gain":0,"player_choice":"Elegance","damage_taken":0,"max_hp_gain":0,"max_hp_loss":0,"event_name":"Back to Basics","floor":21,"gold_loss":0},{"damage_healed":0,"gold_gain":0,"player_choice":"Joined the Cult","damage_taken":6,"max_hp_gain":0,"max_hp_loss":0,"event_name":"Nest","floor":22,"gold_loss":0,"cards_obtained":["RitualDagger"]},{"damage_healed":0,"gold_gain":0,"player_choice":"Ignored","damage_taken":0,"max_hp_gain":0,"max_hp_loss":0,"event_name":"Vampires","floor":29,"gold_loss":0}],"is_beta":false,"boss_relics":[{"not_picked":["White Beast Statue","Tiny House"],"picked":"Sozu"}],"items_purged_floors":[3,19],"is_endless":false,"potions_floor_spawned":[4,13,14,28],"killed_by":"Book of Stabbing","ascension_level":4}