{"gold_per_floor":[11,22,22,22,35,35,76,94,173,173,194,194,62,105,105,198,198,222,21,21,39,39,39,58,81,81,6,26,26,51,72,72,165,165,186,199,199,36,36,36],"floor_reached":40,"playtime":1758,"items_purged":["Normality"],"score":825,"play_id":"fcbd2c98-4625-4c6c-a483-c088a812f4fc","local_time":"20190527194713","is_ascension_mode":true,"campfire_choices":[{"data":"Sucker Punch","floor":6,"key":"SMITH"},{"floor":10,"key":"REST"},{"data":"Footwork","floor":12,"key":"SMITH"},{"data":"Footwork","floor":15,"key":"SMITH"},{"data":"Corpse Explosion","floor":23,"key":"SMITH"},{"data":"Deadly Poison","floor":29,"key":"SMITH"},{"floor":32,"key":"REST"}],"neow_cost":"NO_GOLD","seed_source_timestamp":872067773584562,"circlet_count":0,"master_deck":["AscendersBane","Defend_G+1","Defend_G+1","Defend_G+1","Defend_G+1","Defend_G+1","Strike_G+1","Strike_G+1","Strike_G+1","Strike_G+1","Strike_G+1","Survivor","Neutralize","Sucker Punch+1","Terror","Footwork+1","Footwork+1","Dagger Spray","Choke","Finisher","Corpse Explosion+1","Blur+1","Bane","Caltrops","Deadly Poison+1","Catalyst+1","Footwork","Leg Sweep","Tools of the Trade","Escape Plan"],"relics":["Ring of the Snake","Pocketwatch","Mango","Golden Idol","Whetstone","Ornamental Fan","Boot","Cursed Key","Question Card","Busted Crown","Lantern"],"potions_floor_usage":[16,25,33,40,40],"damage_taken":[{"damage":11,"enemies":"Cultist","floor":1,"turns":6},{"damage":5,"enemies":"Small Slimes","floor":2,"turns":3},{"damage":2,"enemies":"Jaw Worm","floor":5,"turns":3},{"damage":24,"enemies":"Gremlin Nob","floor":7,"turns":4},{"damage":0,"enemies":"3 Louse","floor":8,"turns":4},{"damage":0,"enemies":"Blue Slaver","floor":11,"turns":5},{"damage":20,"enemies":"Lagavulin","floor":14,"turns":5},{"damage":17,"enemies":"Hexaghost","floor":16,"turns":15},{"damage":19,"enemies":"Spheric Guardian","floor":18,"turns":4},{"damage":12,"enemies":"Shell Parasite","floor":21,"turns":6},{"damage":0,"enemies":"Centurion and Healer","floor":24,"turns":4},{"damage":2,"enemies":"Snake Plant","floor":25,"turns":3},{"damage":16,"enemies":"Sentry and Sphere","floor":28,"turns":4},{"damage":0,"enemies":"Centurion and Healer","floor":30,"turns":4},{"damage":6,"enemies":"Snecko","floor":31,"turns":4},{"damage":55,"enemies":"Automaton","floor":33,"turns":11},{"damage":0,"enemies":"Orb Walker","floor":35,"turns":3},{"damage":24,"enemies":"3 Darklings","floor":36,"turns":6},{"damage":40,"enemies":"Reptomancer","floor":40,"turns":3}],"seed_played":"-2319529517549802775","potions_obtained":[{"floor":7,"key":"Swift Potion"},{"floor":8,"key":"Weak Potion"},{"floor":11,"key":"GhostInAJar"},{"floor":16,"key":"Ancient Potion"},{"floor":28,"key":"Strength Potion"},{"floor":33,"key":"EssenceOfSteel"},{"floor":35,"key":"Dexterity Potion"}],"is_trial":false,"path_per_floor":["M","M","?","?","M","R","E","M","T","R","M","R","$","E","R","B",null,"M","$","?","M","?","R","M","M","T","$","M","R","M","M","R","B",null,"M","M","?","$","?","E"],"character_chosen":"THE_SILENT","items_purchased":["Choke","Trip","Bane","Caltrops","Deadly Poison","Lantern"],"campfire_rested":2,"item_purchase_floors":[13,13,19,19,19,38],"current_hp_per_floor":[48,43,52,52,50,50,26,26,26,47,47,47,47,27,27,10,57,38,38,38,26,72,72,72,70,70,70,54,54,54,48,69,14,58,58,34,34,34,34,0],"gold":36,"neow_bonus":"ONE_RARE_RELIC","is_prod":false,"is_daily":false,"chose_seed":false,"campfire_upgraded":5,"win_rate":0,"timestamp":1559000833,"path_taken":["M","?","?","?","M","R","E","M","T","R","?","R","$","E","R","BOSS","M","$","?","M","?","R","M","M","T","$","M","R","?","M","R","BOSS","M","M","?","$","?","E"],"build_version":"2019-01-23","purchased_purges":1,"victory":false,"max_hp_per_floor":[66,66,80,72,72,72,72,72,72,72,72,72,72,72,72,72,72,72,72,72,72,72,72,72,72,72,72,72,72,72,72,72,72,72,72,72,72,72,72,72],"card_choices":[{"not_picked":["Bane","All Out Attack"],"picked":"Sucker Punch","floor":1},{"not_picked":["Poisoned Stab","Outmaneuver"],"picked":"Terror","floor":2},{"not_picked":["Catalyst","Escape Plan"],"picked":"Footwork","floor":5},{"not_picked":["Slice","Underhanded Strike","Cloak And Dagger"],"picked":"SKIP","floor":7},{"not_picked":["Deadly Poison","Dash"],"picked":"Footwork","floor":8},{"not_picked":["Underhanded Strike","Prepared"],"picked":"Dagger Spray","floor":11},{"not_picked":["Tactician","Quick Slash"],"picked":"Finisher","floor":14},{"not_picked":["Venomology","Envenom"],"picked":"Corpse Explosion","floor":16},{"not_picked":["Terror","Dodge and Roll"],"picked":"Blur+1","floor":18},{"not_picked":["Riddle With Holes","Flechettes","Accuracy"],"picked":"SKIP","floor":21},{"not_picked":["Flying Knee","Eviscerate"],"picked":"Catalyst+1","floor":24},{"not_picked":["Dash","Riddle With Holes","Blade Dance"],"picked":"SKIP","floor":25},{"not_picked":["Poisoned Stab","Dash","Bane+1","Deadly Poison"],"picked":"SKIP","floor":28},{"not_picked":["Choke","Phantasmal Killer","Escape Plan"],"picked":"Footwork","floor":30},{"not_picked":["PiercingWail","Well Laid Plans","Quick Slash"],"picked":"Leg Sweep","floor":31},{"not_picked":["Unload","Corpse Explosion","Adrenaline"],"picked":"Tools of the Trade","floor":33},{"not_picked":["Blade Dance"],"picked":"Escape Plan","floor":35},{"not_picked":["Deadly Poison","Eviscerate"],"picked":"SKIP","floor":36}],"player_experience":777817,"relics_obtained":[{"floor":7,"key":"Whetstone"},{"floor":9,"key":"Ornamental Fan"},{"floor":14,"key":"Boot"},{"floor":26,"key":"Question Card"}],"event_choices":[{"damage_healed":0,"gold_gain":0,"player_choice":"Success","damage_taken":5,"relics_obtained":["Mango"],"max_hp_gain":0,"max_hp_loss":0,"event_name":"Scrap Ooze","floor":3,"gold_loss":0},{"damage_healed":0,"gold_gain":0,"player_choice":"Lose Max HP","damage_taken":0,"relics_obtained":["Golden Idol"],"max_hp_gain":0,"max_hp_loss":8,"event_name":"Golden Idol","floor":4,"gold_loss":0},{"damage_healed":0,"gold_gain":0,"player_choice":"Simplicity","damage_taken":0,"max_hp_gain":0,"max_hp_loss":0,"event_name":"Back to Basics","floor":20,"gold_loss":0,"cards_upgraded":["Defend_G","Defend_G","Defend_G","Defend_G","Defend_G","Strike_G","Strike_G","Strike_G"]},{"damage_healed":46,"gold_gain":0,"player_choice":"Full Heal","damage_taken":0,"max_hp_gain":0,"max_hp_loss":0,"event_name":"Wheel of Change","floor":22,"gold_loss":0},{"damage_healed":0,"gold_gain":0,"player_choice":"Ignored","damage_taken":0,"max_hp_gain":0,"max_hp_loss":0,"event_name":"Mysterious Sphere","floor":37,"gold_loss":0},{"cards_removed":["Trip"],"damage_healed":0,"gold_gain":0,"player_choice":"Purged","damage_taken":0,"max_hp_gain":0,"max_hp_loss":0,"event_name":"Purifier","floor":39,"gold_loss":0}],"is_beta":false,"boss_relics":[{"not_picked":["Black Star","White Beast Statue"],"picked":"Cursed Key"},{"not_picked":["Runic Pyramid","Lizard Tail"],"picked":"Busted Crown"}],"items_purged_floors":[27],"is_endless":false,"potions_floor_spawned":[7,8,11,14,16,24,28,30,31,33,35],"killed_by":"Reptomancer","ascension_level":19}