{"gold_per_floor":[109,123,50,50,70,70,97,109,159,159,84,84,84,34,34,110,110,125,107,58,58,58,58,69,89,115,115,133,133],"floor_reached":29,"playtime":1017,"items_purged":["Defend_R"],"score":390,"play_id":"271e1fef-35c9-4291-9c7f-40dbbc68b295","local_time":"20190503114449","is_ascension_mode":true,"campfire_choices":[{"data":"Juggernaut","floor":6,"key":"SMITH"},{"floor":13,"key":"REST"},{"floor":15,"key":"REST"},{"data":"Barricade","floor":23,"key":"SMITH"}],"neow_cost":"PERCENT_DAMAGE","seed_source_timestamp":574100975615961,"circlet_count":0,"master_deck":["AscendersBane","Strike_R","Strike_R","Strike_R","Strike_R","Defend_R","Defend_R+1","Defend_R","Bash","Juggernaut+1","Ghostly Armor","Metallicize","Power Through","Headbutt","Ghostly Armor","True Grit+1","Iron Wave","Barricade+1","Shrug It Off","Shrug It Off"],"relics":["Burning Blood","Bottled Tornado","Pen Nib","Busted Crown","War Paint"],"potions_floor_usage":[7,7,24,28],"damage_taken":[{"damage":6,"enemies":"Cultist","floor":1,"turns":4},{"damage":2,"enemies":"Small Slimes","floor":2,"turns":4},{"damage":9,"enemies":"Jaw Worm","floor":5,"turns":4},{"damage":18,"enemies":"Gremlin Nob","floor":7,"turns":4},{"damage":19,"enemies":"Exordium Wildlife","floor":8,"turns":4},{"damage":32,"enemies":"Hexaghost","floor":16,"turns":11},{"damage":5,"enemies":"Shell Parasite","floor":18,"turns":5},{"damage":9,"enemies":"2 Thieves","floor":19,"turns":4},{"damage":0,"enemies":"Snake Plant","floor":24,"turns":4},{"damage":5,"enemies":"Snecko","floor":25,"turns":6},{"damage":16,"enemies":"Centurion and Healer","floor":28,"turns":7},{"damage":17,"enemies":"Colosseum Slavers","floor":29,"turns":5},{"damage":30,"enemies":"Colosseum Nobs","floor":29,"turns":4}],"seed_played":"-1602281921888475440","potions_obtained":[{"floor":1,"key":"SkillPotion"},{"floor":2,"key":"EssenceOfSteel"},{"floor":19,"key":"Weak Potion"},{"floor":25,"key":"Weak Potion"}],"is_trial":false,"path_per_floor":["M","M","$","?","M","R","E","M","T","?","$","?","R","$","R","B",null,"M","M","$","?","$","R","M","M","T","?","M","?"],"character_chosen":"IRONCLAD","items_purchased":["Power Through","Iron Wave","Shrug It Off"],"campfire_rested":2,"item_purchase_floors":[3,14,20],"current_hp_per_floor":[50,54,54,54,51,51,39,26,26,26,26,15,37,37,59,33,65,66,63,63,63,63,63,69,70,70,49,39,0],"gold":133,"neow_bonus":"THREE_RARE_CARDS","is_prod":false,"is_daily":false,"chose_seed":false,"campfire_upgraded":2,"win_rate":0,"timestamp":1556909089,"path_taken":["M","M","$","?","?","R","E","M","T","?","$","?","R","?","R","BOSS","M","M","$","?","$","R","M","M","T","?","M","?"],"build_version":"2019-01-23","purchased_purges":1,"victory":false,"max_hp_per_floor":[75,75,75,75,75,75,75,75,75,75,75,75,75,75,75,75,75,75,75,75,75,75,75,75,75,75,80,80,80],"card_choices":[{"not_picked":["Limit Break","Fiend Fire"],"picked":"Juggernaut","floor":0},{"not_picked":["Anger","Perfected Strike"],"picked":"Ghostly Armor","floor":1},{"not_picked":["Heavy Blade","Battle Trance"],"picked":"Metallicize","floor":2},{"not_picked":["Infernal Blade","Body Slam"],"picked":"Headbutt","floor":5},{"not_picked":["Shrug It Off","Dual Wield"],"picked":"Ghostly Armor","floor":7},{"not_picked":["Combust","Immolate"],"picked":"True Grit","floor":8},{"not_picked":["Fiend Fire","Reaper"],"picked":"Barricade","floor":16},{"not_picked":[],"picked":"Shrug It Off","floor":18},{"not_picked":["Warcry"],"picked":"SKIP","floor":19},{"not_picked":["Flex"],"picked":"SKIP","floor":24},{"not_picked":["Sword Boomerang"],"picked":"SKIP","floor":25},{"not_picked":["Warcry"],"picked":"SKIP","floor":28}],"player_experience":875219,"relics_obtained":[{"floor":7,"key":"Bottled Tornado"},{"floor":9,"key":"Pen Nib"},{"floor":26,"key":"War Paint"}],"event_choices":[{"cards_removed":["Strike_R"],"damage_healed":0,"gold_gain":0,"player_choice":"Offered Basic","damage_taken":0,"max_hp_gain":0,"max_hp_loss":0,"event_name":"Bonfire Elementals","floor":4,"gold_loss":0},{"damage_healed":0,"gold_gain":0,"player_choice":"Searched \u00270\u0027 times","damage_taken":0,"max_hp_gain":0,"max_hp_loss":0,"event_name":"Dead Adventurer","floor":10,"gold_loss":0},{"damage_healed":0,"gold_gain":0,"player_choice":"Fled","damage_taken":11,"max_hp_gain":0,"max_hp_loss":0,"event_name":"Scrap Ooze","floor":12,"gold_loss":0},{"damage_healed":0,"gold_gain":0,"player_choice":"Shed Blood","damage_taken":26,"max_hp_gain":5,"max_hp_loss":0,"event_name":"Forgotten Altar","floor":27,"gold_loss":0},{"damage_healed":0,"gold_gain":0,"player_choice":"Fight","damage_taken":0,"max_hp_gain":0,"max_hp_loss":0,"event_name":"Colosseum","floor":29,"gold_loss":0},{"damage_healed":0,"gold_gain":0,"player_choice":"Fought Nobs","damage_taken":0,"max_hp_gain":0,"max_hp_loss":0,"event_name":"Colosseum","floor":29,"gold_loss":0}],"is_beta":false,"boss_relics":[{"not_picked":["Philosopher\u0027s Stone","Runic Dome"],"picked":"Busted Crown"}],"items_purged_floors":[11],"is_endless":false,"potions_floor_spawned":[1,2,5,19,25,29],"killed_by":"Colosseum Nobs","ascension_level":15}