{"gold_per_floor":[109,34,34,34,34,69,69,102,102,22,22,22,36,36,36,114,114,128,145,160,210,44,78,78,78,78,95,108,123,133,58,58,58],"floor_reached":33,"playtime":1433,"items_purged":["Strike_B"],"score":546,"play_id":"03a6909e-00ad-46ff-a47a-3bd9c389064b","local_time":"20190604195816","is_ascension_mode":true,"campfire_choices":[{"data":"Cold Snap","floor":7,"key":"SMITH"},{"data":"Conserve Battery","floor":12,"key":"SMITH"},{"data":"Darkness","floor":15,"key":"SMITH"},{"data":"Multi-Cast","floor":24,"key":"SMITH"},{"floor":32,"key":"REST"}],"neow_cost":"NONE","seed_source_timestamp":70643454676299,"circlet_count":0,"master_deck":["AscendersBane","Strike_B","Defend_B","Defend_B","Defend_B","Defend_B","Zap+1","Dualcast","Cold Snap+1","Conserve Battery+1","Cold Snap","Doom and Gloom+1","Darkness+1","Core Surge","Coolheaded","Lockon","Multi-Cast+1","Glacier"],"relics":["Cracked Core","Mercury Hourglass","Oddly Smooth Stone","Meat on the Bone","Philosopher\u0027s Stone","DataDisk","Blue Candle","Bird Faced Urn"],"potions_floor_usage":[23,33,33],"damage_taken":[{"damage":2,"enemies":"2 Louse","floor":1,"turns":3},{"damage":39,"enemies":"3 Sentries","floor":6,"turns":11},{"damage":6,"enemies":"Lagavulin","floor":8,"turns":6},{"damage":0,"enemies":"Cultist","floor":13,"turns":2},{"damage":27,"enemies":"The Guardian","floor":16,"turns":10},{"damage":6,"enemies":"Spheric Guardian","floor":18,"turns":3},{"damage":0,"enemies":"Chosen","floor":19,"turns":4},{"damage":20,"enemies":"Centurion and Healer","floor":20,"turns":6},{"damage":22,"enemies":"Slavers","floor":23,"turns":3},{"damage":1,"enemies":"Cultist and Chosen","floor":27,"turns":3},{"damage":27,"enemies":"Snecko","floor":28,"turns":5},{"damage":15,"enemies":"3 Cultists","floor":29,"turns":4},{"damage":5,"enemies":"Cultist and Chosen","floor":30,"turns":4},{"damage":89,"enemies":"Champ","floor":33,"turns":12}],"seed_played":"-3029947993413092067","potions_obtained":[{"floor":16,"key":"Poison Potion"},{"floor":23,"key":"Regen Potion"},{"floor":27,"key":"Ancient Potion"}],"is_trial":false,"path_per_floor":["M","?","?","$","?","E","R","E","T","$","?","R","M","$","R","B",null,"M","M","M","?","$","E","R","$","T","M","M","M","M","$","R","B"],"character_chosen":"DEFECT","items_purchased":["Doom and Gloom","DataDisk"],"campfire_rested":1,"item_purchase_floors":[10,22],"current_hp_per_floor":[62,62,67,67,67,28,28,22,22,22,22,22,34,34,34,19,62,56,56,48,48,48,38,38,38,38,49,34,31,38,38,60,0],"gold":58,"neow_bonus":"REMOVE_CARD","is_prod":false,"is_daily":false,"chose_seed":false,"campfire_upgraded":4,"win_rate":0,"timestamp":1559692696,"path_taken":["M","?","?","$","?","E","R","E","T","$","?","R","?","?","R","BOSS","M","M","M","?","?","E","R","?","T","?","M","?","M","$","R","BOSS"],"build_version":"2019-01-23","purchased_purges":1,"victory":false,"max_hp_per_floor":[71,71,76,76,76,76,76,76,76,76,76,76,76,76,76,76,76,76,76,76,76,76,76,76,76,76,76,76,76,76,76,76,76],"card_choices":[{"not_picked":["Sweeping Beam","Hologram"],"picked":"Cold Snap","floor":1},{"not_picked":["Turbo","Steam"],"picked":"Conserve Battery","floor":6},{"not_picked":["Rebound","Gash"],"picked":"Cold Snap","floor":8},{"not_picked":["Leap","Hello World"],"picked":"Darkness","floor":13},{"not_picked":["Amplify","Rainbow"],"picked":"Core Surge","floor":16},{"not_picked":["Barrage","Rebound+1"],"picked":"Coolheaded","floor":18},{"not_picked":["Stack","Steam Power","Sweeping Beam"],"picked":"SKIP","floor":19},{"not_picked":["Loop","Go for the Eyes"],"picked":"Lockon","floor":20},{"not_picked":["Gash","Tempest+1"],"picked":"Multi-Cast","floor":23},{"not_picked":["Rebound","Gash","Beam Cell"],"picked":"SKIP","floor":27},{"not_picked":["Turbo","Force Field"],"picked":"Glacier","floor":28},{"not_picked":["Chill","Heatsinks+1","Go for the Eyes"],"picked":"SKIP","floor":29},{"not_picked":["Steam","Stack","Go for the Eyes"],"picked":"SKIP","floor":30}],"player_experience":834535,"relics_obtained":[{"floor":6,"key":"Mercury Hourglass"},{"floor":8,"key":"Oddly Smooth Stone"},{"floor":9,"key":"Meat on the Bone"},{"floor":23,"key":"Blue Candle"},{"floor":26,"key":"Bird Faced Urn"}],"event_choices":[{"cards_removed":["Strike_B"],"damage_healed":0,"gold_gain":0,"player_choice":"Card Removal","damage_taken":0,"max_hp_gain":0,"max_hp_loss":0,"event_name":"The Cleric","floor":2,"gold_loss":75},{"damage_healed":0,"gold_gain":0,"player_choice":"Donut","damage_taken":0,"max_hp_gain":5,"max_hp_loss":0,"event_name":"Big Fish","floor":3,"gold_loss":0},{"damage_healed":0,"gold_gain":0,"player_choice":"Grow","damage_taken":0,"max_hp_gain":0,"max_hp_loss":0,"event_name":"Living Wall","floor":5,"gold_loss":0,"cards_upgraded":["Zap"]},{"damage_healed":0,"gold_gain":0,"player_choice":"Upgraded","damage_taken":0,"max_hp_gain":0,"max_hp_loss":0,"event_name":"Upgrade Shrine","floor":11,"gold_loss":0,"cards_upgraded":["Doom and Gloom"]},{"damage_healed":0,"gold_gain":50,"player_choice":"Pray","damage_taken":0,"max_hp_gain":0,"max_hp_loss":0,"event_name":"Golden Shrine","floor":21,"gold_loss":0}],"is_beta":false,"boss_relics":[{"not_picked":["Coffee Dripper","White Beast Statue"],"picked":"Philosopher\u0027s Stone"}],"items_purged_floors":[31],"is_endless":false,"potions_floor_spawned":[16,23,27,28,29,30],"killed_by":"Champ","ascension_level":20}