{"gold_per_floor":[113,188,188,2,2,36,36,67,121,136,153,181,181,1,1,99,99,113,126,74,87,99,127,127,141,167,23,23,23,23,23,23,119,119,137,137,137,37,137,137,137,171,171,187,222,0,0,20,20,20],"floor_reached":50,"playtime":3839,"items_purged":["Regret","Defend_G"],"score":717,"play_id":"15ac49d0-6bb1-4788-a3b7-75c4a47bb0ea","local_time":"20190202000347","is_ascension_mode":true,"campfire_choices":[{"data":"Apotheosis","floor":7,"key":"SMITH"},{"floor":15,"key":"REST"},{"floor":24,"key":"REST"},{"floor":28,"key":"REST"},{"floor":32,"key":"REST"},{"floor":40,"key":"REST"},{"floor":49,"key":"REST"}],"neow_cost":"NONE","seed_source_timestamp":138407435579893,"circlet_count":0,"master_deck":["Defend_G","Defend_G","Defend_G","Defend_G","Strike_G","Strike_G","Strike_G","Survivor+1","Neutralize","Prepared+1","Apotheosis+1","Eviscerate","Phantasmal Killer","Dagger Throw","Dagger Throw","Quick Slash","Venomology","Well Laid Plans","PiercingWail","Tools of the Trade","Envenom","Outmaneuver","Infinite Blades","Prepared","Dodge and Roll+1","Flying Knee+1","Calculated Gamble","Calculated Gamble+1","Heel Hook+1","Acrobatics","Necronomicurse","Skewer","Malaise","Outmaneuver+1","Secret Weapon","Good Instincts","Madness","Madness","Tactician","All Out Attack+1","Footwork","PiercingWail+1","Backflip+1","Outmaneuver+1","Blur+1"],"relics":["Ring of the Snake","NeowsBlessing","Torii","Lantern","Thread and Needle","Dream Catcher","FossilizedHelix","Fusion Hammer","PreservedInsect","War Paint","Regal Pillow","Necronomicon","Runic Pyramid","Tough Bandages","Bag of Marbles","Bottled Lightning","Boot","Red Mask"],"potions_floor_usage":[16,16,16,21,21,22,23,23,23,25,33,33,41,44,50,50,50,50],"damage_taken":[{"damage":0,"enemies":"Jaw Worm","floor":1,"turns":1},{"damage":0,"enemies":"Lagavulin","floor":6,"turns":1},{"damage":0,"enemies":"3 Sentries","floor":8,"turns":1},{"damage":1,"enemies":"Small Slimes","floor":10,"turns":4},{"damage":1,"enemies":"2 Louse","floor":11,"turns":2},{"damage":18,"enemies":"Lagavulin","floor":12,"turns":7},{"damage":0,"enemies":"Hexaghost","floor":16,"turns":6},{"damage":0,"enemies":"Chosen","floor":18,"turns":3},{"damage":16,"enemies":"Spheric Guardian","floor":19,"turns":4},{"damage":9,"enemies":"3 Cultists","floor":21,"turns":6},{"damage":7,"enemies":"Snake Plant","floor":22,"turns":4},{"damage":19,"enemies":"Slavers","floor":23,"turns":6},{"damage":13,"enemies":"Snecko","floor":25,"turns":5},{"damage":55,"enemies":"Collector","floor":33,"turns":11},{"damage":0,"enemies":"Orb Walker","floor":35,"turns":4},{"damage":1,"enemies":"Mind Bloom Boss Battle","floor":39,"turns":5},{"damage":0,"enemies":"3 Darklings","floor":41,"turns":4},{"damage":0,"enemies":"Giant Head","floor":42,"turns":8},{"damage":0,"enemies":"Spire Growth","floor":44,"turns":4},{"damage":30,"enemies":"Reptomancer","floor":45,"turns":4},{"damage":0,"enemies":"Maw","floor":48,"turns":5},{"damage":87,"enemies":"Awakened One","floor":50,"turns":9}],"seed_played":"7056349790220495670","potions_obtained":[{"floor":8,"key":"PowerPotion"},{"floor":11,"key":"SkillPotion"},{"floor":21,"key":"SkillPotion"},{"floor":25,"key":"SkillPotion"},{"floor":35,"key":"SpeedPotion"}],"is_trial":false,"path_per_floor":["M","?","?","$","?","E","R","E","T","M","M","E","?","$","R","B",null,"M","M","$","M","M","E","R","M","T","$","R","?","?","?","R","B",null,"M","?","?","$","?","R","M","E","T","M","E","?","?","M","R","B"],"character_chosen":"THE_SILENT","items_purchased":["Apotheosis","Well Laid Plans","PiercingWail","Prepared","Regal Pillow"],"campfire_rested":6,"item_purchase_floors":[4,14,14,20,27],"current_hp_per_floor":[70,59,59,59,59,59,59,59,59,58,57,39,39,39,60,60,70,70,54,54,45,38,19,40,27,27,27,63,63,50,34,71,16,75,75,70,61,61,60,75,75,75,75,75,45,45,45,45,75,0],"gold":20,"neow_bonus":"THREE_ENEMY_KILL","is_prod":false,"is_daily":false,"chose_seed":false,"campfire_upgraded":1,"win_rate":0,"timestamp":1549083827,"path_taken":["M","?","?","$","?","E","R","E","T","M","M","E","?","$","R","BOSS","M","M","$","M","M","E","R","M","T","$","R","?","?","?","R","BOSS","M","?","?","$","?","R","M","E","T","M","E","?","?","?","R","BOSS"],"build_version":"2019-01-23","purchased_purges":2,"victory":false,"max_hp_per_floor":[70,70,70,70,70,70,70,70,70,70,70,70,70,70,70,70,70,70,70,70,70,70,70,70,70,70,70,70,70,75,75,75,75,75,75,75,75,75,75,75,75,75,75,75,75,75,75,75,75,75],"card_choices":[{"not_picked":["Cloak And Dagger","Riddle With Holes"],"picked":"Prepared","floor":1},{"not_picked":["Predator","PiercingWail"],"picked":"Eviscerate","floor":6},{"not_picked":["Backflip","Dagger Spray"],"picked":"Phantasmal Killer","floor":8},{"not_picked":["Accuracy","PiercingWail"],"picked":"Dagger Throw","floor":10},{"not_picked":["Poisoned Stab","Flechettes"],"picked":"Dagger Throw","floor":11},{"not_picked":["Deadly Poison","PiercingWail"],"picked":"Quick Slash","floor":12},{"not_picked":["Leg Sweep","Acrobatics"],"picked":"Tools of the Trade","floor":15},{"not_picked":["Unload","Venomology"],"picked":"Envenom","floor":16},{"not_picked":["Dagger Spray","Crippling Poison"],"picked":"Outmaneuver","floor":18},{"not_picked":["Underhanded Strike+1","Envenom"],"picked":"Infinite Blades","floor":19},{"not_picked":["Masterful Stab","Dagger Throw"],"picked":"Dodge and Roll+1","floor":21},{"not_picked":["Cloak And Dagger","Deflect"],"picked":"Flying Knee+1","floor":22},{"not_picked":["Heel Hook+1","Deadly Poison"],"picked":"Calculated Gamble","floor":23},{"not_picked":["Bane","Sucker Punch"],"picked":"Calculated Gamble+1","floor":24},{"not_picked":["Deflect","Dagger Throw"],"picked":"Heel Hook+1","floor":25},{"not_picked":["Prepared","Die Die Die"],"picked":"Acrobatics","floor":28},{"not_picked":["Dagger Throw","Dagger Spray"],"picked":"Skewer","floor":32},{"not_picked":["A Thousand Cuts","Wraith Form v2"],"picked":"Malaise","floor":33},{"not_picked":["Quick Slash+1","Sucker Punch+1"],"picked":"Outmaneuver+1","floor":35},{"not_picked":["Master of Strategy","Metamorphosis"],"picked":"Secret Weapon","floor":36},{"not_picked":["Flash of Steel","Blind"],"picked":"Good Instincts","floor":36},{"not_picked":["Dodge and Roll","Poisoned Stab"],"picked":"Tactician","floor":39},{"not_picked":["Flying Knee","Slice"],"picked":"All Out Attack+1","floor":41},{"not_picked":["Well Laid Plans","Calculated Gamble+1"],"picked":"Footwork","floor":42},{"not_picked":["Deadly Poison","Quick Slash"],"picked":"PiercingWail+1","floor":44},{"not_picked":["Acrobatics+1","Poisoned Stab"],"picked":"Backflip+1","floor":45},{"not_picked":["Distraction","Flying Knee+1"],"picked":"Outmaneuver+1","floor":48},{"not_picked":["Catalyst","PiercingWail"],"picked":"Blur+1","floor":49}],"player_experience":118813,"relics_obtained":[{"floor":6,"key":"Lantern"},{"floor":8,"key":"Thread and Needle"},{"floor":9,"key":"Dream Catcher"},{"floor":12,"key":"FossilizedHelix"},{"floor":23,"key":"PreservedInsect"},{"floor":26,"key":"War Paint"},{"floor":31,"key":"Necronomicon"},{"floor":39,"key":"Tough Bandages"},{"floor":42,"key":"Bag of Marbles"},{"floor":43,"key":"Bottled Lightning"},{"floor":45,"key":"Boot"}],"event_choices":[{"damage_healed":0,"gold_gain":75,"player_choice":"Gather Gold","damage_taken":11,"max_hp_gain":0,"max_hp_loss":0,"event_name":"World of Goop","floor":2,"gold_loss":0},{"damage_healed":0,"gold_gain":0,"player_choice":"Box","damage_taken":0,"relics_obtained":["Torii"],"max_hp_gain":0,"max_hp_loss":0,"event_name":"Big Fish","floor":3,"gold_loss":0,"cards_obtained":["Regret"]},{"damage_healed":0,"gold_gain":0,"player_choice":"Leave","damage_taken":0,"max_hp_gain":0,"max_hp_loss":0,"event_name":"The Cleric","floor":5,"gold_loss":0},{"damage_healed":0,"gold_gain":0,"cards_transformed":["Strike_G"],"player_choice":"Change","damage_taken":0,"max_hp_gain":0,"max_hp_loss":0,"event_name":"Living Wall","floor":13,"gold_loss":0,"cards_obtained":["Venomology"]},{"cards_removed":["Strike_G"],"damage_healed":0,"gold_gain":0,"player_choice":"Elegance","damage_taken":0,"max_hp_gain":0,"max_hp_loss":0,"event_name":"Back to Basics","floor":29,"gold_loss":0},{"damage_healed":0,"gold_gain":0,"player_choice":"Shed Blood","damage_taken":18,"max_hp_gain":5,"max_hp_loss":0,"event_name":"Forgotten Altar","floor":30,"gold_loss":0},{"damage_healed":0,"gold_gain":0,"player_choice":"Obtained Book","damage_taken":16,"max_hp_gain":0,"max_hp_loss":0,"event_name":"Cursed Tome","floor":31,"gold_loss":0},{"damage_healed":0,"gold_gain":0,"player_choice":"Memory 2","damage_taken":5,"max_hp_gain":0,"max_hp_loss":0,"event_name":"SensoryStone","floor":36,"gold_loss":0},{"damage_healed":0,"gold_gain":0,"player_choice":"Embrace Madness","damage_taken":9,"max_hp_gain":0,"max_hp_loss":0,"event_name":"Winding Halls","floor":37,"gold_loss":0,"cards_obtained":["Madness","Madness"]},{"damage_healed":0,"gold_gain":0,"player_choice":"Fight","damage_taken":0,"max_hp_gain":0,"max_hp_loss":0,"event_name":"MindBloom","floor":39,"gold_loss":0},{"damage_healed":0,"gold_gain":0,"player_choice":"Paid","damage_taken":0,"relics_obtained":["Red Mask"],"max_hp_gain":0,"max_hp_loss":0,"event_name":"Tomb of Lord Red Mask","floor":46,"gold_loss":222},{"damage_healed":0,"gold_gain":0,"player_choice":"Leave","damage_taken":0,"max_hp_gain":0,"max_hp_loss":0,"event_name":"FaceTrader","floor":47,"gold_loss":0}],"is_beta":false,"boss_relics":[{"not_picked":["Tiny House","WristBlade"],"picked":"Fusion Hammer"},{"not_picked":["Runic Dome","Lizard Tail"],"picked":"Runic Pyramid"}],"items_purged_floors":[14,38],"is_endless":false,"potions_floor_spawned":[8,11,21,25,35,44,45],"killed_by":"Awakened One","ascension_level":1}