{"gold_per_floor":[117,132,144,161,175,175,202,219,219,236,246,246,246,246,246,348,348,365,384,397,397,397],"floor_reached":22,"playtime":1691,"items_purged":[],"score":192,"play_id":"13825ddf-9718-4840-8cd0-00bfa4cd41a6","local_time":"20190429104321","is_ascension_mode":false,"campfire_choices":[{"data":"Malaise","floor":6,"key":"SMITH"},{"floor":13,"key":"REST"},{"floor":15,"key":"REST"}],"neow_cost":"NONE","seed_source_timestamp":90275359455751,"circlet_count":0,"master_deck":["Defend_G","Defend_G","Defend_G+1","Defend_G","Strike_G","Strike_G","Strike_G","Survivor","Neutralize","Flying Knee","Dagger Throw","Dagger Throw","PiercingWail","Malaise+1","Underhanded Strike","Underhanded Strike","Dagger Spray","Prepared+1","Die Die Die","A Thousand Cuts+1","Accuracy+1","Caltrops+1","Deadly Poison+1"],"relics":["Ring of the Snake","Du-Vu Doll","Snake Skull","Gambling Chip","Astrolabe"],"potions_floor_usage":[16,16,22,22],"damage_taken":[{"damage":0,"enemies":"2 Louse","floor":1,"turns":4},{"damage":0,"enemies":"Small Slimes","floor":2,"turns":4},{"damage":0,"enemies":"Jaw Worm","floor":3,"turns":3},{"damage":8,"enemies":"Exordium Wildlife","floor":4,"turns":4},{"damage":0,"enemies":"Large Slime","floor":5,"turns":5},{"damage":23,"enemies":"Lagavulin","floor":7,"turns":9},{"damage":1,"enemies":"Red Slaver","floor":8,"turns":3},{"damage":3,"enemies":"Exordium Thugs","floor":10,"turns":5},{"damage":0,"enemies":"Looter","floor":11,"turns":2},{"damage":12,"enemies":"Slime Boss","floor":16,"turns":10},{"damage":11,"enemies":"3 Byrds","floor":18,"turns":5},{"damage":2,"enemies":"Spheric Guardian","floor":19,"turns":3},{"damage":9,"enemies":"Snake Plant","floor":20,"turns":4},{"damage":37,"enemies":"Colosseum Slavers","floor":21,"turns":4},{"damage":11,"enemies":"Sentry and Sphere","floor":22,"turns":3}],"seed_played":"1678870917740597713","potions_obtained":[{"floor":2,"key":"Swift Potion"},{"floor":7,"key":"Block Potion"},{"floor":8,"key":"Explosive Potion"},{"floor":20,"key":"SteroidPotion"}],"is_trial":false,"path_per_floor":["M","M","M","M","M","R","E","M","T","M","M","?","R","?","R","B",null,"M","M","M","?","M"],"character_chosen":"THE_SILENT","items_purchased":[],"campfire_rested":2,"item_purchase_floors":[],"current_hp_per_floor":[70,70,70,62,62,62,39,38,38,35,35,35,56,42,63,51,70,59,57,48,11,0],"gold":397,"neow_bonus":"TRANSFORM_CARD","is_prod":false,"is_daily":false,"chose_seed":false,"campfire_upgraded":1,"win_rate":0.0,"timestamp":1556559801,"path_taken":["M","M","M","M","M","R","E","M","T","M","M","?","R","?","R","BOSS","M","M","M","?","M"],"build_version":"2019-01-23","purchased_purges":0,"victory":false,"max_hp_per_floor":[70,70,70,70,70,70,70,70,70,70,70,70,70,70,70,70,70,70,70,70,70,70],"card_choices":[{"not_picked":["Deflect","Predator"],"picked":"Flying Knee","floor":1},{"not_picked":["Bane","Reflex"],"picked":"Dagger Throw","floor":2},{"not_picked":["Skewer","Leg Sweep"],"picked":"Dagger Throw","floor":3},{"not_picked":["Flechettes","Cloak And Dagger"],"picked":"PiercingWail","floor":4},{"not_picked":["Footwork","Skewer"],"picked":"Malaise","floor":5},{"not_picked":["Catalyst","Prepared"],"picked":"Underhanded Strike","floor":7},{"not_picked":["Deflect","Quick Slash"],"picked":"Underhanded Strike","floor":8},{"not_picked":["Deflect","Escape Plan"],"picked":"Dagger Spray","floor":10},{"not_picked":["Dagger Spray","Endless Agony"],"picked":"Prepared","floor":11},{"not_picked":["Doppelganger","Glass Knife"],"picked":"Die Die Die","floor":16},{"not_picked":["Bouncing Flask","Caltrops","Blur"],"picked":"SKIP","floor":18},{"not_picked":["PiercingWail+1","Dagger Spray+1"],"picked":"Deadly Poison+1","floor":19},{"not_picked":["Deflect","Expertise","Backflip"],"picked":"SKIP","floor":20}],"player_experience":62108,"relics_obtained":[{"floor":7,"key":"Du-Vu Doll"},{"floor":9,"key":"Snake Skull"}],"event_choices":[{"damage_healed":0,"gold_gain":0,"player_choice":"Searched \u00271\u0027 times","damage_taken":0,"relics_obtained":["Gambling Chip"],"max_hp_gain":0,"max_hp_loss":0,"event_name":"Dead Adventurer","floor":12,"gold_loss":0},{"damage_healed":0,"gold_gain":0,"player_choice":"Entered Light","damage_taken":14,"max_hp_gain":0,"max_hp_loss":0,"event_name":"Shining Light","floor":14,"gold_loss":0,"cards_upgraded":["Defend_G","Prepared"]},{"damage_healed":0,"gold_gain":0,"player_choice":"Fight","damage_taken":0,"max_hp_gain":0,"max_hp_loss":0,"event_name":"Colosseum","floor":21,"gold_loss":0},{"damage_healed":0,"gold_gain":0,"player_choice":"Fled From Nobs","damage_taken":0,"max_hp_gain":0,"max_hp_loss":0,"event_name":"Colosseum","floor":21,"gold_loss":0}],"is_beta":false,"boss_relics":[{"not_picked":["Runic Dome","Calling Bell"],"picked":"Astrolabe"}],"items_purged_floors":[],"is_endless":false,"potions_floor_spawned":[2,7,8,11,20,21],"killed_by":"Sentry and Sphere","ascension_level":0}