{"gold_per_floor":[119,294,307,323,323,323,349,349,349,376,389,413,413,430,430,531,531,549,377,377,377,395,395,395,395,463,480,480,499,527,537,537,639,639,659,145,160,174,274,274,285,300,324,324,324,324,324,344,344,344],"floor_reached":51,"playtime":6891,"items_purged":["Pain","Strike_B"],"score":652,"play_id":"c9a1834f-7ffe-4fd7-9596-95123c107161","local_time":"20190701212749","is_ascension_mode":false,"campfire_choices":[{"data":"Redo","floor":6,"key":"SMITH"},{"data":"Undo","floor":8,"key":"SMITH"},{"floor":15,"key":"REST"},{"floor":23,"key":"REST"},{"data":"Coolheaded","floor":25,"key":"SMITH"},{"floor":32,"key":"REST"},{"data":"Defragment","floor":40,"key":"SMITH"},{"data":"Redo","floor":44,"key":"SMITH"},{"data":"Writhe","floor":46,"key":"PURGE"},{"data":"Capacitor","floor":49,"key":"SMITH"}],"neow_cost":"NONE","seed_source_timestamp":1620118873299300,"circlet_count":0,"master_deck":["Strike_B","Strike_B","Strike_B","Defend_B","Defend_B","Defend_B","Defend_B","Zap","Dualcast","Redo+1","Redo+1","Seek","Undo+1","Melter","Coolheaded+1","FTL","Ball Lightning","Chill","Fission","Cold Snap","Capacitor+1","Turbo","Turbo+1","Compile Driver","Hologram","Seek","Machine Learning","Hologram+1","Seek","Coolheaded+1","Compile Driver+1","Defragment+1","Turbo+1","Compile Driver+1","Heatsinks+1"],"relics":["Cracked Core","NeowsBlessing","WarpedTongs","Meat on the Bone","Dream Catcher","Lantern","Odd Mushroom","CultistMask","Nuclear Battery","Nilry\u0027s Codex","Matryoshka","Juzu Bracelet","Letter Opener","Sundial","Peace Pipe","Eternal Feather","Toy Ornithopter","Bronze Scales","Mango","Vajra","Ancient Tea Set"],"potions_floor_usage":[16,16,39],"damage_taken":[{"damage":0,"enemies":"2 Louse","floor":1,"turns":1},{"damage":0,"enemies":"Jaw Worm","floor":3,"turns":1},{"damage":0,"enemies":"Cultist","floor":4,"turns":1},{"damage":24,"enemies":"Gremlin Nob","floor":7,"turns":4},{"damage":25,"enemies":"3 Sentries","floor":10,"turns":7},{"damage":4,"enemies":"Looter","floor":11,"turns":2},{"damage":16,"enemies":"The Mushroom Lair","floor":12,"turns":4},{"damage":4,"enemies":"Red Slaver","floor":14,"turns":3},{"damage":45,"enemies":"Hexaghost","floor":16,"turns":11},{"damage":13,"enemies":"Shell Parasite","floor":18,"turns":6},{"damage":0,"enemies":"Chosen","floor":22,"turns":4},{"damage":21,"enemies":"Centurion and Healer","floor":27,"turns":8},{"damage":6,"enemies":"3 Cultists","floor":29,"turns":4},{"damage":22,"enemies":"Slavers","floor":30,"turns":6},{"damage":2,"enemies":"Shelled Parasite and Fungi","floor":31,"turns":5},{"damage":33,"enemies":"Automaton","floor":33,"turns":11},{"damage":10,"enemies":"3 Darklings","floor":35,"turns":3},{"damage":3,"enemies":"Orb Walker","floor":37,"turns":2},{"damage":2,"enemies":"4 Shapes","floor":38,"turns":4},{"damage":0,"enemies":"Mind Bloom Boss Battle","floor":39,"turns":9},{"damage":2,"enemies":"Transient","floor":41,"turns":5},{"damage":10,"enemies":"Writhing Mass","floor":42,"turns":7},{"damage":9,"enemies":"Maw","floor":48,"turns":7},{"damage":12,"enemies":"Donu and Deca","floor":50,"turns":8}],"seed_played":"5240272044976297880","potions_obtained":[{"floor":3,"key":"Dexterity Potion"},{"floor":10,"key":"Strength Potion"},{"floor":11,"key":"Poison Potion"},{"floor":27,"key":"Energy Potion"},{"floor":29,"key":"SkillPotion"},{"floor":31,"key":"SteroidPotion"},{"floor":39,"key":"Dexterity Potion"}],"is_trial":false,"path_per_floor":["M","?","M","M","?","R","E","R","T","E","M","?","?","M","R","B",null,"M","$","?","?","M","R","?","R","T","M","?","M","E","M","R","B",null,"M","$","M","M","?","R","M","M","T","R","?","R","?","M","R","B",null],"character_chosen":"DEFECT","items_purchased":["Capacitor","Turbo","Seek","Toy Ornithopter","Bronze Scales"],"campfire_rested":3,"item_purchase_floors":[19,19,36,36,36],"current_hp_per_floor":[75,75,75,75,75,75,51,51,51,38,46,42,42,38,60,27,75,62,62,46,46,46,68,68,68,68,47,47,41,31,41,63,42,75,65,65,62,60,79,89,87,77,77,89,89,89,89,80,89,77],"gold":344,"neow_bonus":"THREE_ENEMY_KILL","is_prod":false,"is_daily":false,"chose_seed":false,"campfire_upgraded":6,"win_rate":0.0,"timestamp":1562041669,"path_taken":["M","?","M","M","?","R","E","R","T","E","?","?","?","M","R","BOSS","M","$","?","?","?","R","?","R","T","M","?","M","E","M","R","BOSS","M","$","M","M","?","R","M","M","T","R","?","R","?","M","R","BOSS"],"build_version":"2019-07-01","purchased_purges":2,"victory":true,"max_hp_per_floor":[75,75,75,75,75,75,75,75,75,75,75,75,75,75,75,75,75,75,75,75,75,75,75,75,75,75,75,75,75,75,75,75,75,75,75,75,75,75,89,89,89,89,89,89,89,89,89,89,89,89],"card_choices":[{"not_picked":["Streamline","Rebound"],"picked":"Redo","floor":1},{"not_picked":["Rebound","Melter"],"picked":"Redo","floor":3},{"not_picked":["Sweeping Beam","Stack"],"picked":"Seek","floor":4},{"not_picked":["Cold Snap","Doom and Gloom"],"picked":"Undo","floor":7},{"not_picked":["Streamline","Compile Driver"],"picked":"Melter","floor":10},{"not_picked":["Ball Lightning","Turbo"],"picked":"Coolheaded","floor":11},{"not_picked":["Barrage","Rip and Tear"],"picked":"FTL","floor":12},{"not_picked":["Beam Cell","Aggregate"],"picked":"Ball Lightning","floor":14},{"not_picked":["Steam","Rebound"],"picked":"Chill","floor":15},{"not_picked":["Multi-Cast","Amplify"],"picked":"Fission","floor":16},{"not_picked":["Turbo","Fusion"],"picked":"Cold Snap","floor":18},{"not_picked":["Conserve Battery","Auto Shields"],"picked":"Turbo+1","floor":22},{"not_picked":["Sweeping Beam","Self Repair"],"picked":"Compile Driver","floor":23},{"not_picked":["Go for the Eyes+1","Beam Cell+1"],"picked":"Hologram","floor":27},{"not_picked":["Steam Power","Redo","Sweeping Beam"],"picked":"SKIP","floor":29},{"not_picked":["Barrage+1","Storm"],"picked":"Heatsinks+1","floor":30},{"not_picked":["Turbo","Leap","Ball Lightning"],"picked":"SKIP","floor":31},{"not_picked":["Sunder+1","Ball Lightning"],"picked":"Seek","floor":32},{"not_picked":["Creative AI","Meteor Strike"],"picked":"Machine Learning","floor":33},{"not_picked":["Reinforced Body+1","Leap"],"picked":"Hologram+1","floor":35},{"not_picked":["Aggregate","Chaos"],"picked":"Coolheaded+1","floor":37},{"not_picked":["Stack","Redo"],"picked":"Compile Driver+1","floor":38},{"not_picked":["Turbo","Ball Lightning"],"picked":"Defragment","floor":39},{"not_picked":["Barrage","Reinforced Body+1"],"picked":"Turbo+1","floor":41},{"not_picked":["Redo","Glacier+1","Ball Lightning"],"picked":"SKIP","floor":42},{"not_picked":["Lockon+1","Barrage+1"],"picked":"Heatsinks+1","floor":48}],"player_experience":44271,"relics_obtained":[{"floor":7,"key":"Meat on the Bone"},{"floor":9,"key":"Dream Catcher"},{"floor":10,"key":"Lantern"},{"floor":12,"key":"Odd Mushroom"},{"floor":20,"key":"Nilry\u0027s Codex"},{"floor":26,"key":"Juzu Bracelet"},{"floor":26,"key":"Letter Opener"},{"floor":30,"key":"Peace Pipe"},{"floor":39,"key":"Mango"},{"floor":43,"key":"Vajra"},{"floor":43,"key":"Ancient Tea Set"}],"event_choices":[{"damage_healed":0,"gold_gain":175,"player_choice":"AGREE","damage_taken":0,"max_hp_gain":0,"max_hp_loss":0,"event_name":"Liars Game","floor":2,"gold_loss":0,"cards_obtained":["Doubt"]},{"damage_healed":0,"gold_gain":0,"player_choice":"Rummage","damage_taken":0,"relics_obtained":["WarpedTongs"],"max_hp_gain":0,"max_hp_loss":0,"event_name":"Accursed Blacksmith","floor":5,"gold_loss":0,"cards_obtained":["Pain"]},{"damage_healed":0,"gold_gain":0,"player_choice":"Fought Mushrooms","damage_taken":0,"max_hp_gain":0,"max_hp_loss":0,"event_name":"Mushrooms","floor":12,"gold_loss":0},{"damage_healed":0,"gold_gain":0,"player_choice":"Trade","damage_taken":0,"relics_obtained":["CultistMask"],"max_hp_gain":0,"max_hp_loss":0,"event_name":"FaceTrader","floor":13,"gold_loss":0},{"damage_healed":0,"gold_gain":0,"player_choice":"Obtained Book","damage_taken":16,"max_hp_gain":0,"max_hp_loss":0,"event_name":"Cursed Tome","floor":20,"gold_loss":0},{"cards_removed":["Doubt"],"damage_healed":0,"gold_gain":0,"player_choice":"Purged","damage_taken":0,"max_hp_gain":0,"max_hp_loss":0,"event_name":"Purifier","floor":21,"gold_loss":0},{"damage_healed":0,"gold_gain":0,"player_choice":"Gave Potion","damage_taken":0,"relics_obtained":["Matryoshka"],"max_hp_gain":0,"max_hp_loss":0,"event_name":"WeMeetAgain","floor":24,"gold_loss":0},{"damage_healed":0,"gold_gain":0,"player_choice":"Opened","damage_taken":0,"relics_obtained":["Sundial"],"max_hp_gain":0,"max_hp_loss":0,"event_name":"The Mausoleum","floor":28,"gold_loss":0,"cards_obtained":["Writhe"]},{"damage_healed":0,"gold_gain":0,"player_choice":"Fight","damage_taken":0,"max_hp_gain":0,"max_hp_loss":0,"event_name":"MindBloom","floor":39,"gold_loss":0},{"cards_removed":["Heatsinks"],"damage_healed":0,"gold_gain":0,"player_choice":"Removed Power","damage_taken":0,"max_hp_gain":0,"max_hp_loss":0,"event_name":"Falling","floor":45,"gold_loss":0},{"damage_healed":0,"gold_gain":0,"player_choice":"Copied","damage_taken":0,"max_hp_gain":0,"max_hp_loss":0,"event_name":"Duplicator","floor":47,"gold_loss":0,"cards_obtained":["Compile Driver"]}],"is_beta":false,"boss_relics":[{"not_picked":["Calling Bell","Tiny House"],"picked":"Nuclear Battery"},{"not_picked":["Sozu","Black Star"],"picked":"Eternal Feather"}],"items_purged_floors":[19,36],"is_endless":false,"potions_floor_spawned":[3,10,11,27,29,31,35,39,41,48],"ascension_level":0}