{"gold_per_floor":[15,15,27,27,40,69,69,69],"floor_reached":8,"playtime":282,"items_purged":[],"score":95,"play_id":"a902bbc1-1d58-4d41-acd9-034eaa09fb12","local_time":"20190319221658","is_ascension_mode":true,"campfire_choices":[],"neow_cost":"NO_GOLD","seed_source_timestamp":2772467258706131,"circlet_count":0,"master_deck":["AscendersBane","Strike_R","Strike_R","Strike_R","Strike_R","Strike_R","Defend_R","Defend_R","Defend_R","Defend_R","Bash+1","Juggernaut","Body Slam","Clothesline","Armaments","Clothesline"],"relics":["Burning Blood","Juzu Bracelet","Golden Idol"],"potions_floor_usage":[8,8],"damage_taken":[{"damage":8,"enemies":"2 Louse","floor":1,"turns":3},{"damage":20,"enemies":"Small Slimes","floor":3,"turns":4},{"damage":0,"enemies":"Cultist","floor":5,"turns":3},{"damage":52,"enemies":"3 Sentries","floor":6,"turns":11},{"damage":42,"enemies":"Gremlin Nob","floor":8,"turns":4}],"seed_played":"2195845305940074974","potions_obtained":[{"floor":3,"key":"BloodPotion"},{"floor":6,"key":"SkillPotion"}],"is_trial":false,"path_per_floor":["M","?","M","?","M","E","?","E"],"character_chosen":"IRONCLAD","items_purchased":[],"campfire_rested":0,"item_purchase_floors":[],"current_hp_per_floor":[66,66,52,52,58,12,12,0],"gold":69,"neow_bonus":"THREE_RARE_CARDS","is_prod":false,"is_daily":false,"chose_seed":false,"campfire_upgraded":0,"win_rate":0,"timestamp":1553048218,"path_taken":["M","?","M","?","M","E","?","E"],"build_version":"2019-01-23","purchased_purges":0,"victory":false,"max_hp_per_floor":[75,75,75,75,75,75,69,69],"card_choices":[{"not_picked":["Brutality","Fiend Fire"],"picked":"Juggernaut","floor":0},{"not_picked":["Flex","Wild Strike"],"picked":"Body Slam","floor":1},{"not_picked":["Corruption","Havoc"],"picked":"Clothesline","floor":3},{"not_picked":["Sever Soul","Body Slam"],"picked":"Armaments","floor":5},{"not_picked":["True Grit","Wild Strike"],"picked":"Clothesline","floor":6}],"player_experience":417885,"relics_obtained":[{"floor":6,"key":"Juzu Bracelet"}],"event_choices":[{"damage_healed":0,"gold_gain":0,"player_choice":"Leave","damage_taken":0,"max_hp_gain":0,"max_hp_loss":0,"event_name":"The Cleric","floor":2,"gold_loss":0},{"damage_healed":0,"gold_gain":0,"player_choice":"Upgraded","damage_taken":0,"max_hp_gain":0,"max_hp_loss":0,"event_name":"Upgrade Shrine","floor":4,"gold_loss":0,"cards_upgraded":["Bash"]},{"damage_healed":0,"gold_gain":0,"player_choice":"Lose Max HP","damage_taken":0,"relics_obtained":["Golden Idol"],"max_hp_gain":0,"max_hp_loss":6,"event_name":"Golden Idol","floor":7,"gold_loss":0}],"is_beta":false,"boss_relics":[],"items_purged_floors":[],"is_endless":false,"potions_floor_spawned":[3,6],"killed_by":"Gremlin Nob","ascension_level":14}