{"gold_per_floor":[116,136,86,86,140,140,196,208,208,225,225,236,236,236,236,337,337,357,0,16,34,54,54,54,66,90,106,106,116,76,26,26,26],"floor_reached":33,"playtime":1924,"items_purged":["Strike_G","Bite"],"score":264,"play_id":"358f75f6-9df9-4dc8-8d8e-9847b234ca8b","local_time":"20190701014622","is_ascension_mode":false,"campfire_choices":[{"data":"Neutralize","floor":6,"key":"SMITH"},{"floor":13,"key":"REST"},{"data":"Skewer","floor":15,"key":"SMITH"},{"floor":23,"key":"REST"},{"floor":28,"key":"REST"},{"floor":32,"key":"REST"}],"neow_cost":"NONE","seed_source_timestamp":692651216532018,"circlet_count":0,"master_deck":["Defend_G","Defend_G","Defend_G","Defend_G","Defend_G","Survivor","Neutralize+1","Flying Knee","Catalyst","Skewer+1","Dagger Spray","Dagger Throw","Night Terror+1","Deadly Poison","Poisoned Stab","PiercingWail","Bite","Bite","Bite","Bite","Backflip","Deadly Poison"],"relics":["Ring of the Serpent","Pen Nib","Bag of Marbles","The Specimen","Bottled Flame","Singing Bowl","Smiling Mask"],"potions_floor_usage":[7,21,22,27],"damage_taken":[{"damage":0,"enemies":"Jaw Worm","floor":1,"turns":6},{"damage":2,"enemies":"Small Slimes","floor":2,"turns":3},{"damage":24,"enemies":"Lagavulin Event","floor":7,"turns":8},{"damage":0,"enemies":"2 Louse","floor":8,"turns":1},{"damage":2,"enemies":"Exordium Thugs","floor":10,"turns":2},{"damage":1,"enemies":"Blue Slaver","floor":12,"turns":3},{"damage":26,"enemies":"Slime Boss","floor":16,"turns":11},{"damage":10,"enemies":"Shell Parasite","floor":18,"turns":6},{"damage":9,"enemies":"3 Byrds","floor":20,"turns":5},{"damage":16,"enemies":"Shelled Parasite and Fungi","floor":21,"turns":6},{"damage":38,"enemies":"Centurion and Healer","floor":22,"turns":6},{"damage":30,"enemies":"Sentry and Sphere","floor":25,"turns":4},{"damage":25,"enemies":"3 Cultists","floor":27,"turns":5},{"damage":15,"enemies":"Shelled Parasite and Fungi","floor":29,"turns":11},{"damage":72,"enemies":"Collector","floor":33,"turns":5}],"seed_played":"-7374307630036214236","potions_obtained":[{"floor":2,"key":"Weak Potion"},{"floor":20,"key":"PowerPotion"},{"floor":21,"key":"Regen Potion"},{"floor":25,"key":"Weak Potion"},{"floor":29,"key":"Ancient Potion"}],"is_trial":false,"path_per_floor":["M","M","?","?","T","R","?","M","T","M","?","M","R","?","R","B",null,"M","$","M","M","M","R","?","M","T","M","R","M","?","$","R","B"],"character_chosen":"THE_SILENT","items_purchased":["Deadly Poison","Singing Bowl"],"campfire_rested":4,"item_purchase_floors":[19,19],"current_hp_per_floor":[70,68,68,65,65,65,41,41,41,39,39,38,59,59,59,33,70,60,60,51,37,14,35,35,15,15,6,21,28,28,28,43,0],"gold":26,"neow_bonus":"RANDOM_COMMON_RELIC","is_prod":false,"is_daily":false,"chose_seed":false,"campfire_upgraded":2,"win_rate":0,"timestamp":1561970782,"path_taken":["M","M","?","?","?","R","?","M","T","M","?","?","R","?","R","BOSS","M","$","M","M","M","R","?","M","T","M","R","M","?","$","R","BOSS"],"build_version":"2019-01-23","purchased_purges":2,"victory":false,"max_hp_per_floor":[70,70,70,70,70,70,70,70,70,70,70,70,70,70,70,70,70,70,70,70,72,72,72,50,52,52,52,52,52,52,52,52,52],"card_choices":[{"not_picked":["Cloak And Dagger","Escape Plan"],"picked":"Flying Knee","floor":1},{"not_picked":["Deflect","Acrobatics"],"picked":"Catalyst","floor":2},{"not_picked":["Escape Plan","Bane"],"picked":"Skewer","floor":7},{"not_picked":["Expertise","Skewer"],"picked":"Dagger Spray","floor":8},{"not_picked":["Blur","Infinite Blades"],"picked":"Dagger Throw","floor":10},{"not_picked":["Finisher","Cloak And Dagger","Deflect"],"picked":"SKIP","floor":12},{"not_picked":["Doppelganger","Burst"],"picked":"Night Terror","floor":16},{"not_picked":["Prepared+1","Reflex","Crippling Poison"],"picked":"SKIP","floor":18},{"not_picked":["Predator","Caltrops"],"picked":"Poisoned Stab","floor":20},{"not_picked":["Bane+1","Finisher","Slice"],"picked":"Singing Bowl","floor":21},{"not_picked":["Blade Dance+1","Eviscerate"],"picked":"PiercingWail","floor":22},{"not_picked":["Deflect","Cloak And Dagger","Dagger Spray"],"picked":"Singing Bowl","floor":25},{"not_picked":["Glass Knife","Dagger Throw"],"picked":"Backflip","floor":27},{"not_picked":["PiercingWail","Bane"],"picked":"Deadly Poison","floor":29}],"player_experience":561662,"relics_obtained":[{"floor":5,"key":"Bag of Marbles"},{"floor":7,"key":"The Specimen"},{"floor":9,"key":"Bottled Flame"},{"floor":26,"key":"Smiling Mask"}],"event_choices":[{"cards_removed":["Strike_G"],"damage_healed":0,"gold_gain":0,"player_choice":"Card Removal","damage_taken":0,"max_hp_gain":0,"max_hp_loss":0,"event_name":"The Cleric","floor":3,"gold_loss":50},{"damage_healed":0,"gold_gain":0,"player_choice":"Fled","damage_taken":3,"max_hp_gain":0,"max_hp_loss":0,"event_name":"Scrap Ooze","floor":4,"gold_loss":0},{"damage_healed":0,"gold_gain":30,"player_choice":"Searched \u00272\u0027 times","damage_taken":0,"max_hp_gain":0,"max_hp_loss":0,"event_name":"Dead Adventurer","floor":7,"gold_loss":0},{"damage_healed":0,"gold_gain":0,"player_choice":"Ignored","damage_taken":0,"max_hp_gain":0,"max_hp_loss":0,"event_name":"Shining Light","floor":11,"gold_loss":0},{"damage_healed":0,"gold_gain":0,"player_choice":"Ignored","damage_taken":0,"max_hp_gain":0,"max_hp_loss":0,"event_name":"NoteForYourself","floor":14,"gold_loss":0},{"damage_healed":0,"gold_gain":0,"player_choice":"Became a vampire","damage_taken":0,"max_hp_gain":0,"max_hp_loss":22,"event_name":"Vampires","floor":24,"gold_loss":0,"cards_obtained":["Bite","Bite","Bite","Bite","Bite"]},{"damage_healed":0,"gold_gain":0,"player_choice":"Upgrade","damage_taken":0,"max_hp_gain":0,"max_hp_loss":0,"event_name":"Designer","floor":30,"gold_loss":40,"cards_upgraded":["Night Terror"]}],"is_beta":false,"boss_relics":[{"not_picked":["White Beast Statue","Lizard Tail"],"picked":"Ring of the Serpent"}],"items_purged_floors":[19,31],"is_endless":false,"potions_floor_spawned":[2,20,21,25,29],"killed_by":"Collector","ascension_level":0}