{"gold_per_floor":[111,125,125,135,145,170,186,186,231,231,231,22,54,72,72,143,143,154,168,168,168],"floor_reached":21,"playtime":640,"items_purged":[],"score":432,"play_id":"e3ba6952-70c3-45f5-b558-aa95a2791746","local_time":"20190622092838","is_ascension_mode":true,"campfire_choices":[{"floor":8,"key":"REST"},{"data":"Metallicize","floor":15,"key":"SMITH"}],"neow_cost":"NONE","seed_source_timestamp":50596097614478,"circlet_count":0,"master_deck":["AscendersBane","Strike_R","Strike_R+1","Strike_R+1","Strike_R","Defend_R","Defend_R+1","Defend_R","Defend_R+1","Bash","Metallicize+1","Flame Barrier","Shrug It Off","Perfected Strike","Uppercut","Perfected Strike","Twin Strike","Perfected Strike","Feed","Battle Trance","Bloodletting"],"relics":["Burning Blood","NeowsBlessing","Boot","Paper Frog","War Paint","Bottled Flame","Oddly Smooth Stone","Ancient Tea Set","Philosopher\u0027s Stone"],"potions_floor_usage":[6,13,13,19,19],"damage_taken":[{"damage":0,"enemies":"Cultist","floor":1,"turns":1},{"damage":0,"enemies":"Small Slimes","floor":2,"turns":1},{"damage":0,"enemies":"Jaw Worm","floor":4,"turns":1},{"damage":21,"enemies":"Large Slime","floor":5,"turns":8},{"damage":22,"enemies":"Lagavulin","floor":6,"turns":8},{"damage":10,"enemies":"Gremlin Gang","floor":7,"turns":7},{"damage":0,"enemies":"Gremlin Nob","floor":13,"turns":2},{"damage":7,"enemies":"Looter","floor":14,"turns":3},{"damage":21,"enemies":"The Guardian","floor":16,"turns":12},{"damage":14,"enemies":"Spheric Guardian","floor":18,"turns":4},{"damage":26,"enemies":"3 Byrds","floor":19,"turns":6},{"damage":37,"enemies":"Shelled Parasite and Fungi","floor":21,"turns":4}],"seed_played":"8287877222556441896","potions_obtained":[{"floor":1,"key":"Swift Potion"},{"floor":2,"key":"Energy Potion"},{"floor":5,"key":"PowerPotion"},{"floor":7,"key":"Regen Potion"},{"floor":16,"key":"Weak Potion"},{"floor":18,"key":"SteroidPotion"}],"is_trial":false,"path_per_floor":["M","M","?","M","M","E","M","R","T","?","T","$","E","M","R","B",null,"M","M","?","M"],"character_chosen":"IRONCLAD","items_purchased":["Oddly Smooth Stone","Perfected Strike"],"campfire_rested":1,"item_purchase_floors":[12,12],"current_hp_per_floor":[74,75,57,63,48,32,28,50,50,27,27,27,38,37,37,22,62,57,37,37,0],"gold":168,"neow_bonus":"THREE_ENEMY_KILL","is_prod":false,"is_daily":false,"chose_seed":false,"campfire_upgraded":1,"win_rate":0,"timestamp":1561210118,"path_taken":["M","M","?","M","M","E","M","R","T","?","?","$","E","M","R","BOSS","M","M","?","?"],"build_version":"2019-01-23","purchased_purges":0,"victory":false,"max_hp_per_floor":[75,75,75,75,75,75,75,75,75,75,75,75,75,75,75,75,75,78,78,78,78],"card_choices":[{"not_picked":["Dual Wield","Sword Boomerang"],"picked":"Metallicize","floor":1},{"not_picked":["Power Through","Dropkick","Flex"],"picked":"SKIP","floor":2},{"not_picked":["Iron Wave","Corruption"],"picked":"Flame Barrier","floor":4},{"not_picked":["Flex","Seeing Red"],"picked":"Shrug It Off","floor":5},{"not_picked":["Cleave","Intimidate"],"picked":"Perfected Strike","floor":6},{"not_picked":["Iron Wave","Flex"],"picked":"Uppercut","floor":7},{"not_picked":["Rupture","Searing Blow"],"picked":"Twin Strike","floor":13},{"not_picked":["Wild Strike","Exhume"],"picked":"Perfected Strike","floor":14},{"not_picked":["Berserk","Offering"],"picked":"Feed","floor":16},{"not_picked":["Anger","Entrench"],"picked":"Battle Trance","floor":18},{"not_picked":["Havoc","Thunderclap","Reckless Charge"],"picked":"SKIP","floor":19}],"player_experience":957254,"relics_obtained":[{"floor":6,"key":"Paper Frog"},{"floor":9,"key":"War Paint"},{"floor":11,"key":"Bottled Flame"},{"floor":13,"key":"Ancient Tea Set"}],"event_choices":[{"damage_healed":0,"gold_gain":0,"player_choice":"Success","damage_taken":18,"relics_obtained":["Boot"],"max_hp_gain":0,"max_hp_loss":0,"event_name":"Scrap Ooze","floor":3,"gold_loss":0},{"damage_healed":0,"gold_gain":0,"player_choice":"Entered Light","damage_taken":23,"max_hp_gain":0,"max_hp_loss":0,"event_name":"Shining Light","floor":10,"gold_loss":0,"cards_upgraded":["Strike_R","Strike_R"]},{"damage_healed":0,"gold_gain":0,"cards_transformed":["Strike_R"],"player_choice":"Transformed","damage_taken":0,"max_hp_gain":0,"max_hp_loss":0,"event_name":"Transmorgrifier","floor":20,"gold_loss":0,"cards_obtained":["Bloodletting"]}],"is_beta":false,"boss_relics":[{"not_picked":["Eternal Feather","Tiny House"],"picked":"Philosopher\u0027s Stone"}],"items_purged_floors":[],"is_endless":false,"potions_floor_spawned":[1,2,5,7,16,18],"killed_by":"Shelled Parasite and Fungi","ascension_level":20}