{"gold_per_floor":[18,18,18,18,18,18,47,47,47,70,70,83,95,95],"floor_reached":14,"playtime":271,"items_purged":[],"score":172,"play_id":"f51d9a6c-06ce-4b19-96eb-0ebd64c471ab","local_time":"20190609175048","is_ascension_mode":true,"campfire_choices":[{"data":"Machine Learning","floor":6,"key":"SMITH"}],"neow_cost":"NO_GOLD","seed_source_timestamp":496191158536384,"circlet_count":0,"master_deck":["AscendersBane","Strike_B","Strike_B","Strike_B","Strike_B","Defend_B+1","Defend_B","Defend_B","Defend_B+1","Zap","Dualcast","Machine Learning+1","Rip and Tear","Regret","Chaos","Melter","Beam Cell"],"relics":["Cracked Core","War Paint","Strawberry","Happy Flower","Bottled Tornado","Bag of Marbles","NlothsMask"],"potions_floor_usage":[7],"damage_taken":[{"damage":3,"enemies":"2 Louse","floor":1,"turns":2},{"damage":36,"enemies":"Gremlin Nob","floor":7,"turns":4},{"damage":2,"enemies":"Small Slimes","floor":12,"turns":2},{"damage":0,"enemies":"Cultist","floor":13,"turns":2}],"seed_played":"-4698309376955817217","potions_obtained":[{"floor":1,"key":"AttackPotion"},{"floor":7,"key":"AttackPotion"},{"floor":13,"key":"Dexterity Potion"}],"is_trial":false,"path_per_floor":["M","?","?","?","?","R","E","$","T","T","?","M","M","?"],"character_chosen":"DEFECT","items_purchased":[],"campfire_rested":0,"item_purchase_floors":[],"current_hp_per_floor":[61,61,57,57,57,57,21,21,21,21,21,19,19,0],"gold":95,"neow_bonus":"THREE_RARE_CARDS","is_prod":false,"is_daily":false,"chose_seed":false,"campfire_upgraded":1,"win_rate":0,"timestamp":1560117048,"path_taken":["M","?","?","?","?","R","E","$","T","?","?","?","?","?"],"build_version":"2019-01-23","purchased_purges":0,"victory":false,"max_hp_per_floor":[71,71,78,78,78,78,78,78,78,78,78,78,78,78],"card_choices":[{"not_picked":["Fission","Meteor Strike"],"picked":"Machine Learning","floor":0},{"not_picked":["Gash","Storm"],"picked":"Rip and Tear","floor":1},{"not_picked":["Meteor Strike","Hologram"],"picked":"Chaos","floor":7},{"not_picked":["Gash","Genetic Algorithm"],"picked":"Melter","floor":12},{"not_picked":["Rip and Tear","Reinforced Body"],"picked":"Beam Cell","floor":13}],"player_experience":872477,"relics_obtained":[{"floor":7,"key":"Happy Flower"},{"floor":9,"key":"Bottled Tornado"},{"floor":10,"key":"Bag of Marbles"}],"event_choices":[{"damage_healed":0,"gold_gain":0,"player_choice":"Box","damage_taken":0,"relics_obtained":["War Paint"],"max_hp_gain":0,"max_hp_loss":0,"event_name":"Big Fish","floor":2,"gold_loss":0,"cards_obtained":["Regret"]},{"damage_healed":0,"gold_gain":0,"player_choice":"Success","damage_taken":11,"relics_obtained":["Strawberry"],"max_hp_gain":0,"max_hp_loss":0,"event_name":"Scrap Ooze","floor":3,"gold_loss":0},{"damage_healed":0,"gold_gain":0,"player_choice":"Ignored","damage_taken":0,"max_hp_gain":0,"max_hp_loss":0,"event_name":"Liars Game","floor":4,"gold_loss":0},{"damage_healed":0,"gold_gain":0,"player_choice":"Leave","damage_taken":0,"max_hp_gain":0,"max_hp_loss":0,"event_name":"The Cleric","floor":5,"gold_loss":0},{"damage_healed":0,"gold_gain":0,"player_choice":"Trade","damage_taken":0,"relics_obtained":["NlothsMask"],"max_hp_gain":0,"max_hp_loss":0,"event_name":"FaceTrader","floor":11,"gold_loss":0}],"is_beta":false,"boss_relics":[],"items_purged_floors":[],"is_endless":false,"potions_floor_spawned":[1,7,13],"ascension_level":20}