{"gold_per_floor":[116,116,134,134,309,334,354,354,408,252,252,0,0,11,11,114,114,131,151,151,165,15,15,46,46,46,62,74,74,74,86,86,188,238,251,251,251,263,46,46,56,70,70,70,87,87,38,0,0,0],"floor_reached":50,"playtime":2996,"items_purged":["Doubt","Strike_R+1"],"score":485,"play_id":"498e0344-188a-42f2-8c1c-19e4c4910874","local_time":"20190131235740","is_ascension_mode":false,"campfire_choices":[{"floor":8,"key":"REST"},{"data":"Pummel","floor":11,"key":"SMITH"},{"data":"Rampage","floor":13,"key":"SMITH"},{"data":"Bludgeon","floor":15,"key":"SMITH"},{"data":"Demon Form","floor":23,"key":"SMITH"},{"data":"Heavy Blade","floor":25,"key":"SMITH"},{"floor":29,"key":"REST"},{"floor":32,"key":"REST"},{"data":"Trip","floor":40,"key":"SMITH"},{"floor":46,"key":"REST"},{"data":"Ghostly Armor","floor":49,"key":"SMITH"}],"neow_cost":"PERCENT_DAMAGE","seed_source_timestamp":52483825203818,"circlet_count":0,"master_deck":["Strike_R+1","Strike_R+1","Defend_R+1","Defend_R+1","Defend_R+1","Pummel+1","Bludgeon+1","Cleave+1","Rampage+1","Iron Wave","Ghostly Armor+1","Trip+1","Demon Form+1","Disarm+1","Shrug It Off","Anger+1","Heavy Blade+1","Sword Boomerang","Offering+1","Pommel Strike+1","Heavy Blade+1","Flex+1","Double Tap+1","Flex+1","Master of Strategy+1","True Grit+1"],"relics":["Black Blood","Art of War","Lantern","Juzu Bracelet","Gremlin Horn","Regal Pillow","Pear","Toxic Egg 2","Tiny House","Meat on the Bone","Red Mask"],"potions_floor_usage":[16,33,33,50,50,50],"damage_taken":[{"damage":3,"enemies":"Jaw Worm","floor":1,"turns":4},{"damage":2,"enemies":"Small Slimes","floor":3,"turns":2},{"damage":32,"enemies":"Lagavulin","floor":6,"turns":6},{"damage":0,"enemies":"2 Louse","floor":7,"turns":2},{"damage":6,"enemies":"Gremlin Gang","floor":14,"turns":2},{"damage":53,"enemies":"Hexaghost","floor":16,"turns":6},{"damage":5,"enemies":"Chosen","floor":18,"turns":4},{"damage":5,"enemies":"2 Thieves","floor":19,"turns":3},{"damage":19,"enemies":"Snecko","floor":21,"turns":5},{"damage":51,"enemies":"Slavers","floor":24,"turns":4},{"damage":28,"enemies":"Centurion and Healer","floor":27,"turns":5},{"damage":8,"enemies":"Chosen and Byrds","floor":28,"turns":5},{"damage":21,"enemies":"Snake Plant","floor":31,"turns":4},{"damage":20,"enemies":"Champ","floor":33,"turns":8},{"damage":10,"enemies":"Orb Walker","floor":35,"turns":3},{"damage":17,"enemies":"3 Darklings","floor":38,"turns":6},{"damage":8,"enemies":"4 Shapes","floor":41,"turns":6},{"damage":49,"enemies":"Maw","floor":42,"turns":7},{"damage":25,"enemies":"3 Darklings","floor":45,"turns":5},{"damage":98,"enemies":"Time Eater","floor":50,"turns":8}],"seed_played":"1374576443876193128","potions_obtained":[{"floor":7,"key":"PowerPotion"},{"floor":18,"key":"Weak Potion"},{"floor":27,"key":"Explosive Potion"},{"floor":28,"key":"EssenceOfSteel"},{"floor":33,"key":"LiquidBronze"},{"floor":34,"key":"Ancient Potion"},{"floor":35,"key":"BloodPotion"},{"floor":41,"key":"AttackPotion"}],"is_trial":false,"path_per_floor":["M","?","M","?","?","E","M","R","T","$","R","$","R","M","R","B",null,"M","M","?","M","$","R","E","R","T","M","M","R","?","M","R","B",null,"M","?","?","M","$","R","M","M","T","?","M","R","$","?","R","B"],"character_chosen":"IRONCLAD","items_purchased":["Trip","Gremlin Horn","Regal Pillow","Flex+1","Double Tap+1","True Grit+1"],"campfire_rested":4,"item_purchase_floors":[10,12,22,39,39,47],"current_hp_per_floor":[59,59,63,60,60,34,40,64,64,64,64,64,64,64,64,17,80,80,80,80,71,71,71,40,40,40,22,24,66,66,55,90,80,95,95,95,90,83,83,83,85,46,46,46,43,85,85,85,85,0],"gold":0,"neow_bonus":"TRANSFORM_TWO_CARDS","is_prod":false,"is_daily":false,"chose_seed":false,"campfire_upgraded":7,"win_rate":0.0,"timestamp":1548997060,"path_taken":["M","?","M","?","?","E","M","R","T","$","R","?","R","M","R","BOSS","M","M","?","M","$","R","E","R","T","M","M","R","?","M","R","BOSS","M","?","?","M","?","R","M","M","T","?","M","R","$","?","R","BOSS"],"build_version":"2019-01-23","purchased_purges":2,"victory":false,"max_hp_per_floor":[80,80,80,80,80,80,80,80,80,80,80,80,80,80,80,80,80,80,80,80,80,80,80,90,90,90,90,90,90,90,90,90,90,95,95,95,90,90,90,90,90,90,90,90,90,90,90,90,90,90],"card_choices":[{"not_picked":["Warcry","Pommel Strike"],"picked":"Cleave","floor":1},{"not_picked":["Wild Strike","Sword Boomerang"],"picked":"Iron Wave","floor":3},{"not_picked":["Clash","Body Slam"],"picked":"Ghostly Armor","floor":6},{"not_picked":["Flex","Burning Pact"],"picked":"Anger","floor":7},{"not_picked":["Dark Embrace","Sever Soul","Twin Strike"],"picked":"SKIP","floor":14},{"not_picked":["Barricade","Fiend Fire"],"picked":"Demon Form","floor":16},{"not_picked":["Iron Wave+1","Havoc"],"picked":"Disarm+1","floor":18},{"not_picked":["True Grit","Clothesline+1"],"picked":"Shrug It Off","floor":19},{"not_picked":["Warcry","Iron Wave"],"picked":"Anger+1","floor":21},{"not_picked":["Headbutt+1","Evolve"],"picked":"Heavy Blade","floor":24},{"not_picked":["Searing Blow","Combust","Twin Strike"],"picked":"SKIP","floor":27},{"not_picked":["Warcry+1","Wild Strike"],"picked":"Sword Boomerang","floor":28},{"not_picked":["Fiend Fire","Second Wind+1","Headbutt"],"picked":"SKIP","floor":31},{"not_picked":["Fiend Fire","Bludgeon"],"picked":"Offering+1","floor":33},{"not_picked":["Corruption+1","Perfected Strike+1"],"picked":"Pommel Strike+1","floor":35},{"not_picked":["Headbutt","Clash"],"picked":"Heavy Blade+1","floor":38},{"not_picked":["Wild Strike","Feel No Pain","Hemokinesis"],"picked":"SKIP","floor":41},{"not_picked":["Ghostly Armor+1","Body Slam"],"picked":"Flex+1","floor":42},{"not_picked":["Thinking Ahead+1","Secret Technique+1"],"picked":"Master of Strategy+1","floor":44},{"not_picked":["Rupture+1","Clash+1","Evolve"],"picked":"SKIP","floor":45}],"player_experience":97854,"relics_obtained":[{"floor":6,"key":"Lantern"},{"floor":9,"key":"Juzu Bracelet"},{"floor":24,"key":"Pear"},{"floor":26,"key":"Toxic Egg 2"},{"floor":43,"key":"Meat on the Bone"}],"event_choices":[{"damage_healed":0,"gold_gain":0,"cards_transformed":["Strike_R"],"player_choice":"Change","damage_taken":0,"max_hp_gain":0,"max_hp_loss":0,"event_name":"Living Wall","floor":2,"gold_loss":0,"cards_obtained":["Rampage"]},{"damage_healed":0,"gold_gain":0,"player_choice":"Success","damage_taken":3,"relics_obtained":["Art of War"],"max_hp_gain":0,"max_hp_loss":0,"event_name":"Scrap Ooze","floor":4,"gold_loss":0},{"damage_healed":0,"gold_gain":175,"player_choice":"AGREE","damage_taken":0,"max_hp_gain":0,"max_hp_loss":0,"event_name":"Liars Game","floor":5,"gold_loss":0,"cards_obtained":["Doubt"]},{"cards_removed":["Bash"],"damage_healed":0,"gold_gain":0,"player_choice":"Purged","damage_taken":0,"max_hp_gain":0,"max_hp_loss":0,"event_name":"Purifier","floor":20,"gold_loss":0},{"damage_healed":0,"gold_gain":0,"player_choice":"Simplicity","damage_taken":0,"max_hp_gain":0,"max_hp_loss":0,"event_name":"Back to Basics","floor":30,"gold_loss":0,"cards_upgraded":["Strike_R","Strike_R","Strike_R","Defend_R","Defend_R","Defend_R"]},{"cards_removed":["Anger"],"damage_healed":0,"gold_gain":0,"player_choice":"Removed Attack","damage_taken":0,"max_hp_gain":0,"max_hp_loss":0,"event_name":"Falling","floor":36,"gold_loss":0},{"damage_healed":0,"gold_gain":0,"player_choice":"Max HP","damage_taken":0,"max_hp_gain":0,"max_hp_loss":5,"event_name":"Winding Halls","floor":37,"gold_loss":0},{"damage_healed":0,"gold_gain":0,"player_choice":"Memory 1","damage_taken":0,"max_hp_gain":0,"max_hp_loss":0,"event_name":"SensoryStone","floor":44,"gold_loss":0},{"damage_healed":0,"gold_gain":0,"player_choice":"Paid","damage_taken":0,"relics_obtained":["Red Mask"],"max_hp_gain":0,"max_hp_loss":0,"event_name":"Tomb of Lord Red Mask","floor":48,"gold_loss":38}],"is_beta":false,"boss_relics":[{"not_picked":["Coffee Dripper","Orrery"],"picked":"Black Blood"},{"not_picked":["Runic Dome","Pandora\u0027s Box"],"picked":"Tiny House"}],"items_purged_floors":[10,39],"is_endless":false,"potions_floor_spawned":[7,18,27,28,33,35,41,45],"killed_by":"Time Eater","ascension_level":0}