{"gold_per_floor":[365,440,390,33,33,33,60,60,139,159,159,194,213,248,248,353,353,366,25,25,35,135,167,183,193,193,228,228,243,259,284,284,389,389,404,504,414,424,265,265,298,2,26,26,40,73,73,87,87,87],"floor_reached":51,"playtime":1671,"items_purged":["Defend_R","Rupture+1"],"score":1470,"play_id":"310e3b4a-ac7f-4699-82ca-2ca6e93b30f4","local_time":"20190314204504","is_ascension_mode":true,"campfire_choices":[{"floor":6,"key":"REST"},{"data":"Armaments","floor":11,"key":"SMITH"},{"data":"Rupture","floor":15,"key":"SMITH"},{"data":"Bash","floor":32,"key":"SMITH"},{"data":"Defend_R","floor":40,"key":"SMITH"},{"floor":44,"key":"REST"},{"floor":49,"key":"REST"}],"neow_cost":"CURSE","seed_source_timestamp":2333542869998686,"circlet_count":0,"master_deck":["AscendersBane","Strike_R+1","Defend_R+1","Defend_R+1","Defend_R+1","Bash+1","Armaments+1","Heavy Blade+1","Sword Boomerang+1","Sword Boomerang+1","Entrench+1","Immolate+1","Body Slam+1","Heavy Blade+1","Ghostly Armor+1","Rampage+1","Thunderclap+1","Bloodletting+1","Iron Wave+1","Inflame+1","Havoc+1","Headbutt+1","Impervious+1","Barricade+1","Power Through+1","Heavy Blade+1","Metallicize+1","Entrench+1","Metallicize+1","Madness+1","Impervious+1","Sword Boomerang+1","Offering+1"],"relics":["Burning Blood","Brimstone","PreservedInsect","Toxic Egg 2","Molten Egg 2","Champion Belt","Mango","Empty Cage","Ice Cream","Anchor","Charon\u0027s Ashes","Frozen Egg 2","Bag of Marbles","Bottled Flame","Mummified Hand","Omamori","Cursed Key","Turnip","Happy Flower","Orichalcum","Blue Candle"],"potions_floor_usage":[18,22,23,24,33,50,50],"damage_taken":[{"damage":10,"enemies":"Jaw Worm","floor":1,"turns":5},{"damage":0,"enemies":"Gremlin Nob","floor":7,"turns":2},{"damage":7,"enemies":"Small Slimes","floor":10,"turns":4},{"damage":12,"enemies":"3 Sentries","floor":12,"turns":5},{"damage":0,"enemies":"2 Louse","floor":13,"turns":1},{"damage":8,"enemies":"Lagavulin","floor":14,"turns":5},{"damage":12,"enemies":"The Guardian","floor":16,"turns":7},{"damage":30,"enemies":"3 Byrds","floor":18,"turns":3},{"damage":0,"enemies":"Chosen","floor":21,"turns":3},{"damage":0,"enemies":"Colosseum Slavers","floor":22,"turns":2},{"damage":10,"enemies":"Colosseum Nobs","floor":22,"turns":3},{"damage":0,"enemies":"Gremlin Leader","floor":23,"turns":4},{"damage":32,"enemies":"Shelled Parasite and Fungi","floor":24,"turns":4},{"damage":0,"enemies":"Sentry and Sphere","floor":25,"turns":3},{"damage":0,"enemies":"Slavers","floor":27,"turns":1},{"damage":0,"enemies":"3 Cultists","floor":29,"turns":2},{"damage":0,"enemies":"Snake Plant","floor":30,"turns":2},{"damage":0,"enemies":"Gremlin Leader","floor":31,"turns":3},{"damage":82,"enemies":"Champ","floor":33,"turns":7},{"damage":0,"enemies":"Orb Walker","floor":35,"turns":1},{"damage":0,"enemies":"Mind Bloom Boss Battle","floor":36,"turns":3},{"damage":0,"enemies":"3 Shapes","floor":38,"turns":2},{"damage":15,"enemies":"Giant Head","floor":41,"turns":4},{"damage":0,"enemies":"Writhing Mass","floor":45,"turns":4},{"damage":7,"enemies":"Reptomancer","floor":46,"turns":4},{"damage":0,"enemies":"Transient","floor":48,"turns":5},{"damage":38,"enemies":"Donu and Deca","floor":50,"turns":5}],"seed_played":"-5856781150587560066","potions_obtained":[{"floor":7,"key":"Regen Potion"},{"floor":12,"key":"Explosive Potion"},{"floor":21,"key":"Poison Potion"},{"floor":22,"key":"SpeedPotion"},{"floor":23,"key":"Block Potion"},{"floor":25,"key":"SkillPotion"},{"floor":36,"key":"EssenceOfSteel"},{"floor":46,"key":"LiquidBronze"}],"is_trial":false,"path_per_floor":["M","?","?","$","?","R","E","?","T","M","R","E","M","E","R","B",null,"M","$","?","M","?","E","M","M","T","E","?","M","M","E","R","B",null,"M","?","?","M","$","R","E","$","T","R","M","E","?","M","R","B",null],"character_chosen":"IRONCLAD","items_purchased":["Brimstone","PreservedInsect","Ice Cream","Heavy Blade+1","Heavy Blade+1","Metallicize+1","Entrench+1","Metallicize+1","Madness+1"],"campfire_rested":3,"item_purchase_floors":[4,4,19,19,39,39,42,42,42],"current_hp_per_floor":[68,57,57,57,41,65,71,76,76,75,75,69,75,87,87,81,95,71,71,71,77,79,85,59,65,65,71,71,77,83,89,89,13,78,84,90,90,96,96,96,87,87,87,99,99,98,98,99,99,67],"gold":87,"neow_bonus":"TWO_FIFTY_GOLD","is_prod":false,"is_daily":false,"chose_seed":false,"campfire_upgraded":4,"win_rate":0,"timestamp":1552610704,"path_taken":["M","?","?","$","?","R","E","?","T","M","R","E","M","E","R","BOSS","M","$","?","?","?","E","M","M","T","E","?","M","?","E","R","BOSS","M","?","?","?","$","R","E","$","T","R","M","E","?","?","R","BOSS"],"build_version":"2019-01-23","purchased_purges":2,"victory":true,"max_hp_per_floor":[80,80,80,80,80,80,80,85,85,85,85,85,85,99,99,99,99,99,99,99,99,99,99,99,99,99,99,99,99,99,99,99,99,99,99,99,99,99,99,99,99,99,99,99,99,99,99,99,99,99],"card_choices":[{"not_picked":["Rage","Spot Weakness"],"picked":"Armaments","floor":1},{"not_picked":["Bloodletting","Wild Strike"],"picked":"Rupture","floor":7},{"not_picked":["Corruption","Dual Wield+1"],"picked":"Heavy Blade+1","floor":10},{"not_picked":["Demon Form","Reckless Charge+1"],"picked":"Sword Boomerang+1","floor":12},{"not_picked":["Rage+1","Power Through+1"],"picked":"Sword Boomerang+1","floor":13},{"not_picked":["Warcry+1","Armaments+1"],"picked":"Entrench+1","floor":14},{"not_picked":["Berserk","Bludgeon+1"],"picked":"Immolate+1","floor":16},{"not_picked":["Wild Strike+1","Thunderclap+1"],"picked":"Body Slam+1","floor":18},{"not_picked":["Warcry+1","Blood for Blood+1"],"picked":"Ghostly Armor+1","floor":21},{"not_picked":["Shockwave+1","Corruption"],"picked":"Rampage+1","floor":22},{"not_picked":["Shrug It Off+1","Intimidate+1"],"picked":"Thunderclap+1","floor":23},{"not_picked":["Clash+1","Burning Pact+1","Clothesline+1"],"picked":"SKIP","floor":24},{"not_picked":["Clothesline+1","Twin Strike+1"],"picked":"Bloodletting+1","floor":25},{"not_picked":["Fiend Fire+1","True Grit+1"],"picked":"Iron Wave+1","floor":27},{"not_picked":["True Grit+1","Perfected Strike+1"],"picked":"Havoc+1","floor":29},{"not_picked":["Twin Strike+1","Infernal Blade+1"],"picked":"Headbutt+1","floor":30},{"not_picked":["Anger+1","Disarm+1"],"picked":"Impervious+1","floor":31},{"not_picked":["Immolate+1","Brutality+1"],"picked":"Barricade+1","floor":33},{"not_picked":["Armaments+1","Warcry+1","Feel No Pain+1"],"picked":"SKIP","floor":35},{"not_picked":["Rupture+1","Corruption+1"],"picked":"Power Through+1","floor":38},{"not_picked":["Shockwave+1","Flex+1","Havoc+1"],"picked":"SKIP","floor":41},{"not_picked":["Headbutt+1","Iron Wave+1"],"picked":"Impervious+1","floor":45},{"not_picked":["Clash+1","Uppercut+1","Inflame+1"],"picked":"SKIP","floor":46},{"not_picked":["Iron Wave+1","Twin Strike+1","Corruption+1"],"picked":"SKIP","floor":48}],"player_experience":390062,"relics_obtained":[{"floor":7,"key":"Toxic Egg 2"},{"floor":9,"key":"Molten Egg 2"},{"floor":12,"key":"Champion Belt"},{"floor":14,"key":"Mango"},{"floor":22,"key":"Charon\u0027s Ashes"},{"floor":22,"key":"Frozen Egg 2"},{"floor":23,"key":"Bag of Marbles"},{"floor":26,"key":"Bottled Flame"},{"floor":27,"key":"Mummified Hand"},{"floor":31,"key":"Omamori"},{"floor":36,"key":"Turnip"},{"floor":41,"key":"Happy Flower"},{"floor":43,"key":"Orichalcum"},{"floor":46,"key":"Blue Candle"}],"event_choices":[{"damage_healed":0,"gold_gain":75,"player_choice":"Gather Gold","damage_taken":11,"max_hp_gain":0,"max_hp_loss":0,"event_name":"World of Goop","floor":2,"gold_loss":0},{"cards_removed":["Writhe"],"damage_healed":0,"gold_gain":0,"player_choice":"Card Removal","damage_taken":0,"max_hp_gain":0,"max_hp_loss":0,"event_name":"The Cleric","floor":3,"gold_loss":50},{"damage_healed":0,"gold_gain":0,"player_choice":"Entered Light","damage_taken":16,"max_hp_gain":0,"max_hp_loss":0,"event_name":"Shining Light","floor":5,"gold_loss":0,"cards_upgraded":["Strike_R","Defend_R"]},{"damage_healed":0,"gold_gain":0,"player_choice":"Donut","damage_taken":0,"max_hp_gain":5,"max_hp_loss":0,"event_name":"Big Fish","floor":8,"gold_loss":0},{"damage_healed":0,"gold_gain":0,"player_choice":"Gave Potion","damage_taken":0,"relics_obtained":["Anchor"],"max_hp_gain":0,"max_hp_loss":0,"event_name":"WeMeetAgain","floor":20,"gold_loss":0},{"damage_healed":0,"gold_gain":0,"player_choice":"Fight","damage_taken":0,"max_hp_gain":0,"max_hp_loss":0,"event_name":"Colosseum","floor":22,"gold_loss":0},{"damage_healed":0,"gold_gain":0,"player_choice":"Fought Nobs","damage_taken":0,"max_hp_gain":0,"max_hp_loss":0,"event_name":"Colosseum","floor":22,"gold_loss":0},{"damage_healed":0,"gold_gain":0,"cards_transformed":["Strike_R"],"player_choice":"Transformed","damage_taken":0,"max_hp_gain":0,"max_hp_loss":0,"event_name":"Transmorgrifier","floor":28,"gold_loss":0,"cards_obtained":["Inflame"]},{"damage_healed":0,"gold_gain":0,"player_choice":"Fight","damage_taken":0,"max_hp_gain":0,"max_hp_loss":0,"event_name":"MindBloom","floor":36,"gold_loss":0},{"cards_removed":["Strike_R"],"damage_healed":0,"gold_gain":0,"player_choice":"Upgrade and Remove","damage_taken":0,"max_hp_gain":0,"max_hp_loss":0,"event_name":"Designer","floor":37,"gold_loss":90,"cards_upgraded":["Defend_R"]},{"damage_healed":0,"gold_gain":0,"player_choice":"2 cards matched","damage_taken":0,"max_hp_gain":0,"max_hp_loss":0,"event_name":"Match and Keep!","floor":47,"gold_loss":0,"cards_obtained":["Sword Boomerang","Offering"]}],"is_beta":false,"boss_relics":[{"not_picked":["Runic Cube","Runic Pyramid"],"picked":"Empty Cage"},{"not_picked":["Lizard Tail","Eternal Feather"],"picked":"Cursed Key"}],"items_purged_floors":[39,42],"is_endless":false,"potions_floor_spawned":[7,12,13,21,22,23,25,36,46],"ascension_level":12}