{"gold_per_floor":[110,127,127,46,69,97,111,125,125,125,135,170,188,205,205,278,278,296,296,310,3,3,3,36,52,78,78,93,93,143,156,156,156],"floor_reached":33,"playtime":1899,"items_purged":[],"score":460,"play_id":"b8bf2a62-62c2-4dfd-a4d2-cc6f016f7239","local_time":"20190326133753","is_ascension_mode":true,"campfire_choices":[{"floor":10,"key":"REST"},{"floor":15,"key":"REST"},{"data":"After Image","floor":23,"key":"SMITH"},{"floor":29,"key":"REST"},{"floor":32,"key":"REST"}],"neow_cost":"PERCENT_DAMAGE","seed_source_timestamp":502583845372149,"circlet_count":0,"master_deck":["AscendersBane","Defend_G","Defend_G","Defend_G","Defend_G","Defend_G","Strike_G+1","Strike_G+1","Strike_G","Strike_G","Strike_G","Survivor","Neutralize","Footwork","Infinite Blades","Catalyst","Flying Knee","Dagger Spray","Well Laid Plans","Sucker Punch","Accuracy","Dash","After Image+1","Tools of the Trade","Skewer","Poisoned Stab+1","Tactician","Blur","Slice"],"relics":["Ring of the Snake","Mango","PreservedInsect","Whetstone","Blue Candle","Shuriken","Black Star","Orichalcum","Bird Faced Urn","Bottled Lightning","Bottled Tornado","Oddly Smooth Stone"],"potions_floor_usage":[8,16,24,24,25,28],"damage_taken":[{"damage":1,"enemies":"Jaw Worm","floor":1,"turns":6},{"damage":0,"enemies":"Cultist","floor":2,"turns":5},{"damage":25,"enemies":"3 Sentries","floor":6,"turns":11},{"damage":1,"enemies":"Small Slimes","floor":7,"turns":4},{"damage":19,"enemies":"Gremlin Gang","floor":8,"turns":5},{"damage":15,"enemies":"Large Slime","floor":11,"turns":8},{"damage":6,"enemies":"Lagavulin","floor":12,"turns":8},{"damage":4,"enemies":"Lots of Slimes","floor":13,"turns":3},{"damage":6,"enemies":"2 Fungi Beasts","floor":14,"turns":3},{"damage":2,"enemies":"Hexaghost","floor":16,"turns":11},{"damage":1,"enemies":"Shell Parasite","floor":18,"turns":9},{"damage":29,"enemies":"Spheric Guardian","floor":20,"turns":8},{"damage":19,"enemies":"Slavers","floor":24,"turns":6},{"damage":37,"enemies":"Snake Plant","floor":25,"turns":5},{"damage":46,"enemies":"Cultist and Chosen","floor":28,"turns":9},{"damage":34,"enemies":"Centurion and Healer","floor":31,"turns":8},{"damage":55,"enemies":"Automaton","floor":33,"turns":6}],"seed_played":"-6237322816763065066","potions_obtained":[{"floor":2,"key":"Dexterity Potion"},{"floor":11,"key":"GamblersBrew"},{"floor":13,"key":"GamblersBrew"},{"floor":16,"key":"Fire Potion"},{"floor":24,"key":"LiquidBronze"},{"floor":25,"key":"SpeedPotion"},{"floor":31,"key":"GamblersBrew"}],"is_trial":false,"path_per_floor":["M","M","?","$","T","E","M","M","T","R","M","E","M","M","R","B",null,"M","T","M","$","?","R","E","M","T","$","M","R","?","M","R","B"],"character_chosen":"THE_SILENT","items_purchased":["Catalyst","Bird Faced Urn"],"campfire_rested":4,"item_purchase_floors":[4,21],"current_hp_per_floor":[58,58,58,58,58,33,32,13,13,38,23,17,13,7,32,30,71,70,70,41,41,84,84,75,50,50,50,16,41,41,19,44,0],"gold":156,"neow_bonus":"ONE_RARE_RELIC","is_prod":false,"is_daily":false,"chose_seed":false,"campfire_upgraded":1,"win_rate":0,"timestamp":1553621873,"path_taken":["M","M","?","$","?","E","M","M","T","R","M","E","M","M","R","BOSS","M","?","M","$","?","R","E","M","T","$","?","R","?","M","R","BOSS"],"build_version":"2019-01-23","purchased_purges":0,"victory":false,"max_hp_per_floor":[84,84,84,84,84,84,84,84,84,84,84,84,84,84,84,84,84,84,84,84,84,84,84,84,84,84,84,84,84,84,84,84,84],"card_choices":[{"not_picked":["Dodge and Roll","Tactician"],"picked":"Footwork","floor":1},{"not_picked":["Backflip","Slice"],"picked":"Infinite Blades","floor":2},{"not_picked":["Acrobatics","Prepared"],"picked":"Flying Knee","floor":6},{"not_picked":["Acrobatics","Dagger Throw"],"picked":"Dagger Spray","floor":7},{"not_picked":["Backstab","All Out Attack"],"picked":"Well Laid Plans","floor":8},{"not_picked":["Dagger Spray","Prepared"],"picked":"Sucker Punch","floor":11},{"not_picked":["Flying Knee","Poisoned Stab"],"picked":"Accuracy","floor":12},{"not_picked":["Cloak And Dagger","Prepared"],"picked":"Dash","floor":13},{"not_picked":["Outmaneuver","Prepared"],"picked":"After Image","floor":14},{"not_picked":["Phantasmal Killer","Burst"],"picked":"Tools of the Trade","floor":16},{"not_picked":["Concentrate","Predator"],"picked":"Skewer","floor":18},{"not_picked":["Dodge and Roll","Outmaneuver"],"picked":"Poisoned Stab+1","floor":20},{"not_picked":["Bouncing Flask","Sucker Punch"],"picked":"Tactician","floor":24},{"not_picked":["Outmaneuver","Unload","Flying Knee"],"picked":"SKIP","floor":25},{"not_picked":["Setup","Infinite Blades"],"picked":"Blur","floor":28},{"not_picked":["Acrobatics","Bane"],"picked":"Slice","floor":31}],"player_experience":465940,"relics_obtained":[{"floor":5,"key":"PreservedInsect"},{"floor":6,"key":"Whetstone"},{"floor":9,"key":"Blue Candle"},{"floor":12,"key":"Shuriken"},{"floor":19,"key":"Orichalcum"},{"floor":24,"key":"Bottled Lightning"},{"floor":24,"key":"Bottled Tornado"},{"floor":26,"key":"Oddly Smooth Stone"}],"event_choices":[{"damage_healed":0,"gold_gain":0,"player_choice":"Bought 0 Potions","damage_taken":0,"max_hp_gain":0,"max_hp_loss":0,"event_name":"The Woman in Blue","floor":3,"gold_loss":0},{"damage_healed":43,"gold_gain":0,"player_choice":"Full Heal","damage_taken":0,"max_hp_gain":0,"max_hp_loss":0,"event_name":"Wheel of Change","floor":22,"gold_loss":0},{"damage_healed":0,"gold_gain":100,"player_choice":"Bet on Murderer","damage_taken":0,"max_hp_gain":0,"max_hp_loss":0,"event_name":"The Joust","floor":30,"gold_loss":50}],"is_beta":false,"boss_relics":[{"not_picked":["Tiny House","Ring of the Serpent"],"picked":"Black Star"}],"items_purged_floors":[],"is_endless":false,"potions_floor_spawned":[2,11,13,16,18,24,25,31],"killed_by":"Automaton","ascension_level":13}