{"gold_per_floor":[117,128,32,32,32,64,64,119,173,173,193,225,245,259,259,259],"floor_reached":16,"playtime":599,"items_purged":[],"score":193,"play_id":"b9797c49-660e-4e09-a12a-efece1742bde","local_time":"20190325181438","is_ascension_mode":true,"campfire_choices":[{"floor":7,"key":"REST"},{"floor":10,"key":"REST"},{"data":"Go for the Eyes","floor":15,"key":"SMITH"}],"neow_cost":"NONE","seed_source_timestamp":434085886025483,"circlet_count":0,"master_deck":["AscendersBane","Strike_B","Strike_B","Strike_B","Defend_B","Defend_B","Defend_B","Defend_B","Zap","Dualcast","Capacitor","Leap","Panacea","Ball Lightning","Self Repair","Conserve Battery","Fusion","Leap","Go for the Eyes+1"],"relics":["Cracked Core","Dodecahedron","DataDisk","Bag of Marbles","Orichalcum"],"potions_floor_usage":[12,12],"damage_taken":[{"damage":1,"enemies":"Cultist","floor":1,"turns":3},{"damage":0,"enemies":"2 Louse","floor":2,"turns":2},{"damage":51,"enemies":"3 Sentries","floor":6,"turns":10},{"damage":31,"enemies":"3 Sentries","floor":8,"turns":8},{"damage":3,"enemies":"Small Slimes","floor":11,"turns":3},{"damage":8,"enemies":"Lagavulin","floor":12,"turns":6},{"damage":8,"enemies":"Red Slaver","floor":13,"turns":2},{"damage":9,"enemies":"Lots of Slimes","floor":14,"turns":4},{"damage":24,"enemies":"Hexaghost","floor":16,"turns":10}],"seed_played":"7419262361565090921","potions_obtained":[{"floor":6,"key":"SteroidPotion"},{"floor":11,"key":"FocusPotion"}],"is_trial":false,"path_per_floor":["M","M","$","$","?","E","R","?","T","R","M","E","M","M","R","B"],"character_chosen":"DEFECT","items_purchased":["Panacea"],"campfire_rested":2,"item_purchase_floors":[3],"current_hp_per_floor":[63,63,63,63,68,17,39,8,8,30,34,33,25,23,23,0],"gold":259,"neow_bonus":"REMOVE_CARD","is_prod":false,"is_daily":false,"chose_seed":false,"campfire_upgraded":1,"win_rate":0,"timestamp":1553552078,"path_taken":["M","?","?","$","?","E","R","?","T","R","M","E","M","M","R","BOSS"],"build_version":"2019-01-23","purchased_purges":0,"victory":false,"max_hp_per_floor":[71,71,71,71,76,76,76,76,76,76,76,76,76,76,76,76],"card_choices":[{"not_picked":["Sweeping Beam","BootSequence"],"picked":"Capacitor","floor":1},{"not_picked":["Beam Cell","Cold Snap"],"picked":"Leap","floor":2},{"not_picked":["Gash","Steam Power"],"picked":"Ball Lightning","floor":6},{"not_picked":["Compile Driver","Redo"],"picked":"Self Repair","floor":8},{"not_picked":["Stack","Beam Cell"],"picked":"Conserve Battery","floor":11},{"not_picked":["Meteor Strike","Leap"],"picked":"Fusion","floor":12},{"not_picked":["Genetic Algorithm","Barrage"],"picked":"Leap","floor":13},{"not_picked":["Barrage","Conserve Battery"],"picked":"Go for the Eyes","floor":14}],"player_experience":462857,"relics_obtained":[{"floor":6,"key":"Dodecahedron"},{"floor":8,"key":"DataDisk"},{"floor":9,"key":"Bag of Marbles"},{"floor":12,"key":"Orichalcum"}],"event_choices":[{"damage_healed":0,"gold_gain":0,"player_choice":"Donut","damage_taken":0,"max_hp_gain":5,"max_hp_loss":0,"event_name":"Big Fish","floor":5,"gold_loss":0},{"damage_healed":0,"gold_gain":0,"player_choice":"Searched \u00272\u0027 times","damage_taken":0,"max_hp_gain":0,"max_hp_loss":0,"event_name":"Dead Adventurer","floor":8,"gold_loss":0}],"is_beta":false,"boss_relics":[],"items_purged_floors":[],"is_endless":false,"potions_floor_spawned":[6,11],"killed_by":"Hexaghost","ascension_level":15}