{"gold_per_floor":[15,26,50,0,15,43,43,62,62,78,78,78,32,67,67,67],"floor_reached":16,"playtime":427,"items_purged":[],"score":230,"play_id":"233321e0-ed67-462e-b07a-3e7aad063932","local_time":"20190106143219","is_ascension_mode":true,"campfire_choices":[{"data":"Immolate","floor":7,"key":"SMITH"},{"data":"True Grit","floor":12,"key":"SMITH"},{"floor":15,"key":"REST"}],"neow_cost":"NO_GOLD","seed_source_timestamp":1022104449975,"circlet_count":0,"master_deck":["AscendersBane","Strike_R","Strike_R","Strike_R","Strike_R","Defend_R","Defend_R","Defend_R","Defend_R","Bash","Immolate+1","Headbutt","Wild Strike","Shrug It Off","Power Through","Spot Weakness","Thunderclap","True Grit+1","Shrug It Off","Battle Trance"],"relics":["Burning Blood","Pen Nib","Question Card","Smiling Mask","Sundial"],"potions_floor_usage":[6],"damage_taken":[{"damage":6,"enemies":"Cultist","floor":1,"turns":3},{"damage":4,"enemies":"2 Louse","floor":2,"turns":2},{"damage":7,"enemies":"Jaw Worm","floor":5,"turns":2},{"damage":0,"enemies":"Gremlin Nob","floor":6,"turns":3},{"damage":16,"enemies":"Exordium Thugs","floor":8,"turns":4},{"damage":6,"enemies":"Looter","floor":10,"turns":2},{"damage":27,"enemies":"Lagavulin","floor":14,"turns":5},{"damage":62,"enemies":"Hexaghost","floor":16,"turns":9}],"seed_played":"3005912870422165605","potions_obtained":[{"floor":2,"key":"AttackPotion"}],"is_trial":false,"path_per_floor":["M","M","T","$","M","E","R","M","T","M","?","R","$","E","R","B"],"character_chosen":"IRONCLAD","items_purchased":["Shrug It Off","Shrug It Off"],"campfire_rested":1,"item_purchase_floors":[4,13],"current_hp_per_floor":[68,70,70,70,69,75,75,65,65,65,58,58,58,37,59,0],"gold":67,"neow_bonus":"THREE_RARE_CARDS","is_prod":false,"is_daily":false,"chose_seed":false,"campfire_upgraded":2,"win_rate":0,"timestamp":1546813939,"path_taken":["M","M","?","$","M","E","R","?","T","M","?","R","$","E","R","BOSS"],"build_version":"2019-01-03v4","purchased_purges":0,"victory":false,"max_hp_per_floor":[75,75,75,75,75,75,75,75,75,75,75,75,75,75,75,75],"card_choices":[{"not_picked":["Reaper","Berserk"],"picked":"Immolate","floor":0},{"not_picked":["Clothesline","Heavy Blade"],"picked":"Headbutt","floor":1},{"not_picked":["Flex","Pummel"],"picked":"Wild Strike","floor":2},{"not_picked":["Havoc","Armaments"],"picked":"Power Through","floor":5},{"not_picked":["Rampage","Havoc"],"picked":"Spot Weakness","floor":6},{"not_picked":["Corruption","Twin Strike","Searing Blow"],"picked":"Thunderclap","floor":8},{"not_picked":["Heavy Blade","Armaments","Anger"],"picked":"True Grit","floor":10},{"not_picked":["Iron Wave","Power Through","Anger"],"picked":"Battle Trance","floor":14}],"player_experience":824950,"relics_obtained":[{"floor":3,"key":"Pen Nib"},{"floor":6,"key":"Question Card"},{"floor":9,"key":"Smiling Mask"},{"floor":14,"key":"Sundial"}],"event_choices":[{"cards_removed":["Strike_R"],"damage_healed":0,"gold_gain":0,"player_choice":"Card Removal","damage_taken":7,"max_hp_gain":0,"max_hp_loss":0,"event_name":"Golden Wing","floor":11,"gold_loss":0}],"is_beta":false,"boss_relics":[],"items_purged_floors":[],"is_endless":false,"potions_floor_spawned":[2],"killed_by":"Hexaghost","ascension_level":14}