{"gold_per_floor":[118,118,118,129,204,204,204,232,257,32,32,63,81,92,92,197,197,207,221,221,12,29,29,59,79,105,105,121,121,132,151,151,151],"floor_reached":33,"playtime":1546,"items_purged":[],"score":523,"play_id":"a35755d6-5845-4a27-a0bc-dbe112f55ee0","local_time":"20180819101528","is_ascension_mode":true,"campfire_choices":[{"data":"Underhanded Strike","floor":6,"key":"SMITH"},{"data":"Dash","floor":11,"key":"SMITH"},{"data":"Envenom","floor":15,"key":"SMITH"},{"floor":23,"key":"REST"},{"floor":27,"key":"REST"},{"floor":32,"key":"REST"}],"neow_cost":"NONE","seed_source_timestamp":235324015137580,"circlet_count":0,"master_deck":["Survivor","Neutralize","AscendersBane","Acrobatics","Leg Sweep","Underhanded Strike+1","Deadly Poison","Sadistic Nature","Dash+1","Deadly Poison","Deadly Poison","Envenom+1","Malaise","Catalyst","Blur","Slice","Cloak And Dagger","Deflect","Poisoned Stab","Sucker Punch","Distraction","Outmaneuver+1","Blur","Apotheosis","Corpse Explosion","Envenom","Quick Slash+1","Bouncing Flask","Dash"],"relics":["Ring of the Snake","Matryoshka","Art of War","Regal Pillow","MawBank","Boot","Pandora\u0027s Box","Blue Candle","Strawberry","Snake Skull"],"potions_floor_usage":[8,16,18,25,31],"damage_taken":[{"damage":1,"enemies":"Cultist","floor":1,"turns":5},{"damage":1,"enemies":"2 Louse","floor":4,"turns":3},{"damage":27,"enemies":"3 Sentries","floor":8,"turns":14},{"damage":11,"enemies":"Lagavulin","floor":12,"turns":10},{"damage":3,"enemies":"Small Slimes","floor":13,"turns":3},{"damage":0,"enemies":"Looter","floor":14,"turns":3},{"damage":0,"enemies":"Hexaghost","floor":16,"turns":8},{"damage":9,"enemies":"2 Thieves","floor":18,"turns":4},{"damage":4,"enemies":"Spheric Guardian","floor":19,"turns":4},{"damage":16,"enemies":"Shelled Parasite and Fungi","floor":22,"turns":8},{"damage":41,"enemies":"Gremlin Leader","floor":24,"turns":8},{"damage":13,"enemies":"Chosen and Byrds","floor":25,"turns":6},{"damage":22,"enemies":"Snake Plant","floor":28,"turns":5},{"damage":1,"enemies":"Snecko","floor":30,"turns":4},{"damage":38,"enemies":"Sentry and Sphere","floor":31,"turns":7},{"damage":51,"enemies":"Champ","floor":33,"turns":8}],"seed_played":"1128407306607416651","potions_obtained":[{"floor":1,"key":"GamblersBrew"},{"floor":13,"key":"SkillPotion"},{"floor":14,"key":"Energy Potion"},{"floor":24,"key":"Strength Potion"},{"floor":25,"key":"FairyPotion"},{"floor":30,"key":"Block Potion"}],"is_trial":false,"path_per_floor":["M","?","?","M","?","R","T","E","T","$","R","E","M","M","R","B",null,"M","M","?","$","M","R","E","M","T","R","M","?","M","M","R"],"character_chosen":"THE_SILENT","items_purchased":["Sadistic Nature","Dash","Apotheosis"],"campfire_rested":3,"item_purchase_floors":[10,10,21],"current_hp_per_floor":[62,55,70,69,58,58,58,31,31,31,31,20,17,17,17,17,57,48,44,44,44,28,64,23,10,17,55,33,33,32,2,40,0],"gold":151,"neow_bonus":"THREE_CARDS","is_prod":false,"is_daily":false,"chose_seed":false,"campfire_upgraded":3,"win_rate":0,"timestamp":1534698928,"path_taken":["M","?","?","M","?","R","?","E","T","$","R","E","M","M","R","BOSS","M","M","?","$","?","R","E","M","T","R","M","?","M","M","R","BOSS"],"build_version":"2018-08-16","purchased_purges":0,"victory":false,"max_hp_per_floor":[70,70,70,70,70,70,70,70,70,70,70,70,70,70,70,70,70,70,70,70,70,70,70,70,70,77,77,77,77,77,77,77,77],"card_choices":[{"not_picked":["Sucker Punch","Poisoned Stab"],"picked":"Acrobatics","floor":0},{"not_picked":["Backflip","Dodge and Roll"],"picked":"Leg Sweep","floor":1},{"not_picked":["Acrobatics","Blade Dance"],"picked":"Underhanded Strike","floor":4},{"not_picked":["Caltrops","Endless Agony"],"picked":"Deadly Poison","floor":8},{"not_picked":["Outmaneuver","Riddle With Holes"],"picked":"Deadly Poison","floor":12},{"not_picked":["Calculated Gamble","Acrobatics"],"picked":"Deadly Poison","floor":13},{"not_picked":["Dagger Spray","Flying Knee"],"picked":"Envenom","floor":14},{"not_picked":["Night Terror","Tools of the Trade"],"picked":"Malaise","floor":16},{"not_picked":["Backflip","Calculated Gamble"],"picked":"Outmaneuver+1","floor":18},{"not_picked":["Quick Slash","Backflip"],"picked":"Blur","floor":19},{"not_picked":["Backstab","Caltrops+1"],"picked":"Corpse Explosion","floor":22},{"not_picked":["Outmaneuver","Dodge and Roll+1"],"picked":"Envenom","floor":24},{"not_picked":["Blade Dance","Deadly Poison"],"picked":"Quick Slash+1","floor":25},{"not_picked":["Expertise+1","Riddle With Holes"],"picked":"Bouncing Flask","floor":28},{"not_picked":["Blade Dance","Sucker Punch"],"picked":"Dash","floor":30},{"not_picked":["Blur","Cloak And Dagger+1","Bane"],"picked":"SKIP","floor":31}],"player_experience":783784,"relics_obtained":[{"floor":7,"key":"Matryoshka"},{"floor":8,"key":"Art of War"},{"floor":9,"key":"Regal Pillow"},{"floor":9,"key":"MawBank"},{"floor":12,"key":"Boot"},{"floor":24,"key":"Blue Candle"},{"floor":26,"key":"Strawberry"},{"floor":26,"key":"Snake Skull"}],"event_choices":[{"event_name":"Golden Wing","player_choice":"Card Removal","floor":2,"damage_taken":0},{"event_name":"Big Fish","player_choice":"Banana","floor":3,"damage_taken":0},{"event_name":"World of Goop","player_choice":"Gather Gold","floor":5,"damage_taken":0},{"event_name":"Purifier","player_choice":"One Purge","floor":20,"damage_taken":0},{"event_name":"The Woman in Blue","player_choice":"Bought 0 Potions","floor":29,"damage_taken":0}],"is_beta":true,"boss_relics":[{"not_picked":["Tiny House","Empty Cage"],"picked":"Pandora\u0027s Box"}],"items_purged_floors":[],"is_endless":false,"potions_floor_spawned":[1,13,14,24,25,30],"killed_by":"Champ","ascension_level":12}