{"gold_per_floor":[116,116,132,132,162,206,206,229,229,253,253,253,271,287,287,287],"floor_reached":16,"playtime":349,"items_purged":[],"score":244,"play_id":"f8287f85-e649-40f9-884a-bb820c397ccd","local_time":"20190624220457","is_ascension_mode":true,"campfire_choices":[{"data":"Shockwave","floor":12,"key":"SMITH"},{"data":"Rampage","floor":15,"key":"SMITH"}],"neow_cost":"NONE","seed_source_timestamp":1034075482209594,"circlet_count":0,"master_deck":["AscendersBane","Strike_R","Strike_R","Strike_R","Strike_R","Defend_R","Defend_R","Defend_R","Defend_R","Bash","Power Through+1","Shockwave+1","Exhume","True Grit","Uppercut","Rampage+1"],"relics":["Burning Blood","NeowsBlessing","Golden Idol","Tiny Chest","Oddly Smooth Stone","Dodecahedron","Bag of Preparation","Bird Faced Urn"],"potions_floor_usage":[14,14],"damage_taken":[{"damage":0,"enemies":"Small Slimes","floor":1,"turns":1},{"damage":0,"enemies":"Jaw Worm","floor":3,"turns":1},{"damage":0,"enemies":"Lagavulin","floor":6,"turns":1},{"damage":6,"enemies":"2 Louse","floor":10,"turns":2},{"damage":5,"enemies":"Looter","floor":13,"turns":4},{"damage":14,"enemies":"Large Slime","floor":14,"turns":9},{"damage":52,"enemies":"Hexaghost","floor":16,"turns":11}],"seed_played":"-3321815235682956313","potions_obtained":[{"floor":6,"key":"Block Potion"},{"floor":10,"key":"Block Potion"}],"is_trial":false,"path_per_floor":["M","?","M","?","?","E","T","T","T","M","?","R","M","M","R","B"],"character_chosen":"IRONCLAD","items_purchased":[],"campfire_rested":0,"item_purchase_floors":[],"current_hp_per_floor":[74,74,75,68,50,56,56,56,56,56,56,56,57,49,49,0],"gold":287,"neow_bonus":"THREE_ENEMY_KILL","is_prod":false,"is_daily":false,"chose_seed":false,"campfire_upgraded":2,"win_rate":0,"timestamp":1561439097,"path_taken":["M","?","M","?","?","E","?","?","T","?","?","R","M","M","R","BOSS"],"build_version":"2019-01-23","purchased_purges":0,"victory":false,"max_hp_per_floor":[75,75,75,68,68,68,68,68,68,68,68,68,68,68,68,68],"card_choices":[{"not_picked":["Sword Boomerang","Warcry"],"picked":"Power Through","floor":1},{"not_picked":["Perfected Strike","Infernal Blade"],"picked":"Shockwave","floor":3},{"not_picked":["Wild Strike","Clash"],"picked":"Exhume","floor":6},{"not_picked":["Warcry","Sword Boomerang"],"picked":"True Grit","floor":10},{"not_picked":["Flex","Clash"],"picked":"Uppercut","floor":13},{"not_picked":["Headbutt","Havoc"],"picked":"Rampage","floor":14}],"player_experience":1070265,"relics_obtained":[{"floor":6,"key":"Oddly Smooth Stone"},{"floor":7,"key":"Dodecahedron"},{"floor":8,"key":"Bag of Preparation"},{"floor":9,"key":"Bird Faced Urn"}],"event_choices":[{"damage_healed":0,"gold_gain":0,"player_choice":"Grow","damage_taken":0,"max_hp_gain":0,"max_hp_loss":0,"event_name":"Living Wall","floor":2,"gold_loss":0,"cards_upgraded":["Power Through"]},{"damage_healed":0,"gold_gain":0,"player_choice":"Lose Max HP","damage_taken":0,"relics_obtained":["Golden Idol"],"max_hp_gain":0,"max_hp_loss":7,"event_name":"Golden Idol","floor":4,"gold_loss":0},{"damage_healed":0,"gold_gain":0,"player_choice":"Success","damage_taken":18,"relics_obtained":["Tiny Chest"],"max_hp_gain":0,"max_hp_loss":0,"event_name":"Scrap Ooze","floor":5,"gold_loss":0},{"cards_removed":["Strike_R"],"damage_healed":0,"gold_gain":0,"player_choice":"Offered Basic","damage_taken":0,"max_hp_gain":0,"max_hp_loss":0,"event_name":"Bonfire Elementals","floor":11,"gold_loss":0}],"is_beta":false,"boss_relics":[],"items_purged_floors":[],"is_endless":false,"potions_floor_spawned":[6,10],"killed_by":"Hexaghost","ascension_level":19}