{"gold_per_floor":[112,112,131,146,160,160,194,194,194,194,212,228,253,269,269,372,372,382,382,395,409,425,425,425,458,458,458,458],"floor_reached":28,"playtime":1496,"items_purged":[],"score":392,"play_id":"25c1bf21-ff49-4399-bea5-3980661fbef1","local_time":"20190629122948","is_ascension_mode":true,"campfire_choices":[{"data":"Bludgeon","floor":6,"key":"SMITH"},{"data":"Armaments","floor":8,"key":"SMITH"},{"data":"Dropkick","floor":10,"key":"SMITH"},{"data":"Entrench","floor":15,"key":"SMITH"},{"data":"Barricade","floor":23,"key":"SMITH"}],"neow_cost":"NONE","seed_source_timestamp":558874419163055,"circlet_count":0,"master_deck":["Strike_R","Strike_R","Strike_R","Strike_R","Strike_R","Defend_R","Defend_R","Defend_R","Defend_R","Bash+1","Battle Trance+1","Iron Wave","Bludgeon+1","Dropkick+1","Armaments+1","Entrench+1","Flame Barrier","Demon Form","Barricade+1","Cleave","True Grit+1","Rage","Anger+1","RitualDagger"],"relics":["Burning Blood","Sundial","Pantograph","Mercury Hourglass","Coffee Dripper","Gambling Chip","Dodecahedron","Toxic Egg 2"],"potions_floor_usage":[7,16,16,20,22,25,28],"damage_taken":[{"damage":6,"enemies":"Cultist","floor":1,"turns":3},{"damage":5,"enemies":"Small Slimes","floor":3,"turns":3},{"damage":7,"enemies":"Jaw Worm","floor":4,"turns":3},{"damage":6,"enemies":"Blue Slaver","floor":5,"turns":4},{"damage":5,"enemies":"3 Sentries","floor":7,"turns":6},{"damage":0,"enemies":"Looter","floor":11,"turns":2},{"damage":7,"enemies":"Exordium Wildlife","floor":12,"turns":4},{"damage":0,"enemies":"Gremlin Nob","floor":13,"turns":2},{"damage":0,"enemies":"Large Slime","floor":14,"turns":4},{"damage":0,"enemies":"Slime Boss","floor":16,"turns":4},{"damage":7,"enemies":"Chosen","floor":18,"turns":6},{"damage":14,"enemies":"Shell Parasite","floor":20,"turns":4},{"damage":12,"enemies":"Cultist and Chosen","floor":21,"turns":4},{"damage":17,"enemies":"3 Cultists","floor":22,"turns":5},{"damage":50,"enemies":"Slavers","floor":25,"turns":6},{"damage":35,"enemies":"Shelled Parasite and Fungi","floor":28,"turns":3}],"seed_played":"-891768348686738555","potions_obtained":[{"floor":4,"key":"BloodPotion"},{"floor":5,"key":"SkillPotion"},{"floor":12,"key":"FearPotion"},{"floor":13,"key":"SneckoOil"},{"floor":14,"key":"AttackPotion"},{"floor":21,"key":"BloodPotion"},{"floor":22,"key":"GamblersBrew"},{"floor":25,"key":"PowerPotion"}],"is_trial":false,"path_per_floor":["M","?","M","M","M","R","E","R","T","R","M","M","E","M","R","B",null,"M","?","M","M","M","R","?","E","T","T","M"],"character_chosen":"IRONCLAD","items_purchased":[],"campfire_rested":0,"item_purchase_floors":[],"current_hp_per_floor":[80,80,80,79,79,79,80,80,80,80,80,79,80,80,80,80,80,79,79,79,73,70,70,64,20,20,20,0],"gold":458,"neow_bonus":"UPGRADE_CARD","is_prod":false,"is_daily":false,"chose_seed":false,"campfire_upgraded":5,"win_rate":0,"timestamp":1561836588,"path_taken":["M","?","M","M","M","R","E","R","T","R","M","M","E","M","R","BOSS","M","?","M","M","M","R","?","E","T","?","M"],"build_version":"2019-01-23","purchased_purges":0,"victory":false,"max_hp_per_floor":[80,80,80,80,80,80,80,80,80,80,80,80,80,80,80,80,80,80,80,80,80,80,80,80,80,80,80,80],"card_choices":[{"not_picked":["Iron Wave","Dual Wield"],"picked":"Battle Trance","floor":1},{"not_picked":["Second Wind","Thunderclap"],"picked":"Iron Wave","floor":3},{"not_picked":["Sword Boomerang","Warcry"],"picked":"Bludgeon","floor":4},{"not_picked":["Battle Trance","Pommel Strike"],"picked":"Dropkick","floor":5},{"not_picked":["Blood for Blood","Warcry"],"picked":"Armaments","floor":7},{"not_picked":["Heavy Blade","Armaments","Ghostly Armor"],"picked":"SKIP","floor":11},{"not_picked":["Intimidate","Clash"],"picked":"Entrench","floor":12},{"not_picked":["Rupture","Heavy Blade"],"picked":"Flame Barrier","floor":13},{"not_picked":["Headbutt","Body Slam"],"picked":"Demon Form","floor":14},{"not_picked":["Feed","Immolate"],"picked":"Barricade","floor":16},{"not_picked":["Heavy Blade","Sentinel"],"picked":"Cleave","floor":18},{"not_picked":["Twin Strike","Clash"],"picked":"True Grit+1","floor":20},{"not_picked":["Inflame","Perfected Strike"],"picked":"Rage","floor":21},{"not_picked":["Bloodletting","Pommel Strike"],"picked":"Anger+1","floor":22},{"not_picked":["Rupture","Cleave","Blood for Blood"],"picked":"SKIP","floor":25}],"player_experience":522954,"relics_obtained":[{"floor":7,"key":"Sundial"},{"floor":9,"key":"Pantograph"},{"floor":13,"key":"Mercury Hourglass"},{"floor":25,"key":"Gambling Chip"},{"floor":26,"key":"Dodecahedron"},{"floor":27,"key":"Toxic Egg 2"}],"event_choices":[{"damage_healed":0,"gold_gain":0,"player_choice":"Grow","damage_taken":0,"max_hp_gain":0,"max_hp_loss":0,"event_name":"Living Wall","floor":2,"gold_loss":0,"cards_upgraded":["Battle Trance"]},{"damage_healed":0,"gold_gain":0,"player_choice":"Ignored","damage_taken":0,"max_hp_gain":0,"max_hp_loss":0,"event_name":"Ghosts","floor":19,"gold_loss":0},{"damage_healed":0,"gold_gain":0,"player_choice":"Joined the Cult","damage_taken":6,"max_hp_gain":0,"max_hp_loss":0,"event_name":"Nest","floor":24,"gold_loss":0,"cards_obtained":["RitualDagger"]}],"is_beta":false,"boss_relics":[{"not_picked":["Orrery","Runic Cube"],"picked":"Coffee Dripper"}],"items_purged_floors":[],"is_endless":false,"potions_floor_spawned":[4,5,12,13,14,21,22,25],"killed_by":"Shelled Parasite and Fungi","ascension_level":4}