{"gold_per_floor":[112,142,292,217,99,133,158,77,77,112,112,124,140,157,157,229,229,249,265,265,280,314,314,314,314,338,338,31,50,66,79,79,158,158,178,191,24,24,35,35,70,70,70,83,97,111,127,143,143,143],"floor_reached":50,"playtime":1820,"items_purged":["Regret"],"score":1094,"play_id":"4f0716c1-8eab-4c22-9c23-67fdc7b8dc76","local_time":"20190407162139","is_ascension_mode":true,"campfire_choices":[{"data":"Armaments","floor":11,"key":"SMITH"},{"data":"Bash","floor":15,"key":"SMITH"},{"floor":23,"key":"REST"},{"data":"Demon Form","floor":25,"key":"SMITH"},{"floor":32,"key":"REST"},{"floor":40,"key":"REST"},{"floor":42,"key":"REST"},{"floor":49,"key":"REST"}],"neow_cost":"NONE","seed_source_timestamp":166044954346601,"circlet_count":0,"master_deck":["AscendersBane","Bash+1","Armaments+1","Disarm","Carnage","Inflame","Pommel Strike","Sword Boomerang","Twin Strike","Bludgeon","Demon Form+1","Heavy Blade","Cleave+1","Armaments+1","Shrug It Off","Uppercut","Iron Wave","Flame Barrier","Whirlwind","Immolate","Metallicize","Bludgeon","Intimidate","Shockwave","Burning Pact","Reaper","Flex","Feed","Perfected Strike","Flame Barrier","Limit Break","Heavy Blade+1","Sword Boomerang","Metallicize+1"],"relics":["Burning Blood","NeowsBlessing","Tiny Chest","Self Forming Clay","Art of War","Smiling Mask","Bag of Preparation","Velvet Choker","CultistMask","Red Mask","Darkstone Periapt","Vajra","Brimstone","Pandora\u0027s Box","Regal Pillow","Singing Bowl"],"potions_floor_usage":[19,22,33,33,47,50,50],"damage_taken":[{"damage":0,"enemies":"Jaw Worm","floor":1,"turns":1},{"damage":0,"enemies":"Lagavulin","floor":6,"turns":1},{"damage":0,"enemies":"3 Sentries","floor":10,"turns":2},{"damage":5,"enemies":"Small Slimes","floor":12,"turns":4},{"damage":0,"enemies":"2 Louse","floor":13,"turns":3},{"damage":6,"enemies":"Looter","floor":14,"turns":3},{"damage":65,"enemies":"Hexaghost","floor":16,"turns":12},{"damage":19,"enemies":"Shell Parasite","floor":18,"turns":5},{"damage":7,"enemies":"3 Byrds","floor":19,"turns":7},{"damage":4,"enemies":"Centurion and Healer","floor":21,"turns":4},{"damage":38,"enemies":"Masked Bandits","floor":22,"turns":5},{"damage":21,"enemies":"Shelled Parasite and Fungi","floor":29,"turns":3},{"damage":13,"enemies":"Snake Plant","floor":30,"turns":2},{"damage":10,"enemies":"Snecko","floor":31,"turns":3},{"damage":12,"enemies":"Collector","floor":33,"turns":5},{"damage":19,"enemies":"Orb Walker","floor":35,"turns":3},{"damage":20,"enemies":"3 Shapes","floor":36,"turns":3},{"damage":47,"enemies":"3 Darklings","floor":39,"turns":6},{"damage":41,"enemies":"Giant Head","floor":41,"turns":6},{"damage":1,"enemies":"Transient","floor":44,"turns":6},{"damage":18,"enemies":"Jaw Worm Horde","floor":45,"turns":2},{"damage":18,"enemies":"3 Darklings","floor":46,"turns":4},{"damage":34,"enemies":"Spire Growth","floor":47,"turns":4},{"damage":45,"enemies":"Transient","floor":48,"turns":6},{"damage":100,"enemies":"Awakened One","floor":50,"turns":5}],"seed_played":"-3596389378553022780","potions_obtained":[{"floor":6,"key":"BloodPotion"},{"floor":14,"key":"Regen Potion"},{"floor":21,"key":"Energy Potion"},{"floor":30,"key":"EssenceOfSteel"},{"floor":41,"key":"LiquidBronze"},{"floor":46,"key":"Fire Potion"},{"floor":48,"key":"Weak Potion"}],"is_trial":false,"path_per_floor":["M","?","?","?","$","E","T","$","T","E","R","M","M","M","R","B",null,"M","M","?","M","?","R","T","R","T","?","$","M","M","M","R","B",null,"M","M","$","$","M","R","E","R","T","M","M","M","M","M","R","B"],"character_chosen":"IRONCLAD","items_purchased":["Disarm","Inflame","Brimstone","Shrug It Off","Uppercut","Limit Break"],"campfire_rested":5,"item_purchase_floors":[5,8,28,28,28,37],"current_hp_per_floor":[74,74,74,74,74,75,75,75,75,75,75,75,75,75,75,16,60,47,53,53,55,35,57,57,57,57,57,57,42,35,31,53,47,68,55,41,41,41,21,43,39,75,75,75,65,55,29,19,58,0],"gold":143,"neow_bonus":"THREE_ENEMY_KILL","is_prod":false,"is_daily":false,"chose_seed":false,"campfire_upgraded":3,"win_rate":0,"timestamp":1554668499,"path_taken":["M","?","?","?","$","E","?","$","T","E","R","M","M","M","R","BOSS","M","M","?","?","?","R","?","R","T","?","$","M","?","M","R","BOSS","M","?","?","$","M","R","E","R","T","M","M","?","M","M","R","BOSS"],"build_version":"2019-01-23","purchased_purges":1,"victory":false,"max_hp_per_floor":[75,75,75,75,75,75,75,75,75,75,75,75,75,75,75,75,75,75,75,75,75,75,75,75,75,75,75,75,75,75,75,75,75,75,75,75,75,75,75,75,75,75,75,75,77,79,81,83,83,83],"card_choices":[{"not_picked":["Clash","Clothesline"],"picked":"Armaments","floor":1},{"not_picked":["Body Slam","Second Wind"],"picked":"Carnage","floor":6},{"not_picked":["Body Slam","Rupture"],"picked":"Pommel Strike","floor":10},{"not_picked":["Armaments","Wild Strike"],"picked":"Sword Boomerang","floor":12},{"not_picked":["Anger","Metallicize","Warcry"],"picked":"SKIP","floor":13},{"not_picked":["Body Slam","Flex"],"picked":"Twin Strike","floor":14},{"not_picked":["Exhume","Dark Embrace"],"picked":"Bludgeon","floor":16},{"not_picked":["Twin Strike","Havoc","Anger"],"picked":"SKIP","floor":18},{"not_picked":["Heavy Blade","Flame Barrier"],"picked":"Demon Form","floor":19},{"not_picked":["Searing Blow","Iron Wave"],"picked":"Heavy Blade","floor":21},{"not_picked":["Infernal Blade","Wild Strike"],"picked":"Cleave+1","floor":22},{"not_picked":["Fire Breathing","Corruption"],"picked":"Iron Wave","floor":29},{"not_picked":["Heavy Blade","True Grit"],"picked":"Flame Barrier","floor":30},{"not_picked":["Wild Strike","Cleave"],"picked":"Whirlwind","floor":31},{"not_picked":["Fiend Fire","Brutality"],"picked":"Immolate","floor":33},{"not_picked":["Wild Strike","Anger"],"picked":"Flame Barrier","floor":35},{"not_picked":["Pommel Strike","Feel No Pain","Body Slam"],"picked":"SKIP","floor":36},{"not_picked":["Juggernaut","True Grit"],"picked":"Heavy Blade+1","floor":39},{"not_picked":["Iron Wave","Havoc"],"picked":"Sword Boomerang","floor":41},{"not_picked":["Evolve+1","Wild Strike"],"picked":"Metallicize+1","floor":44},{"not_picked":["Cleave","Hemokinesis","Shockwave"],"picked":"Singing Bowl","floor":45},{"not_picked":["Wild Strike","Thunderclap","Battle Trance+1"],"picked":"Singing Bowl","floor":46},{"not_picked":["Pommel Strike","Body Slam","Power Through"],"picked":"Singing Bowl","floor":47},{"not_picked":["Evolve+1","Sword Boomerang","Clash"],"picked":"Singing Bowl","floor":48}],"player_experience":536847,"relics_obtained":[{"floor":6,"key":"Self Forming Clay"},{"floor":7,"key":"Art of War"},{"floor":9,"key":"Smiling Mask"},{"floor":10,"key":"Bag of Preparation"},{"floor":22,"key":"Red Mask"},{"floor":24,"key":"Darkstone Periapt"},{"floor":26,"key":"Vajra"},{"floor":41,"key":"Regal Pillow"},{"floor":43,"key":"Singing Bowl"}],"event_choices":[{"damage_healed":0,"gold_gain":0,"player_choice":"Box","damage_taken":0,"relics_obtained":["Tiny Chest"],"max_hp_gain":0,"max_hp_loss":0,"event_name":"Big Fish","floor":2,"gold_loss":0,"cards_obtained":["Regret"]},{"damage_healed":0,"gold_gain":150,"player_choice":"AGREE","damage_taken":0,"max_hp_gain":0,"max_hp_loss":0,"event_name":"Liars Game","floor":3,"gold_loss":0,"cards_obtained":["Doubt"]},{"cards_removed":["Doubt"],"damage_healed":0,"gold_gain":0,"player_choice":"Card Removal","damage_taken":0,"max_hp_gain":0,"max_hp_loss":0,"event_name":"The Cleric","floor":4,"gold_loss":75},{"damage_healed":0,"gold_gain":0,"player_choice":"Trade","damage_taken":0,"relics_obtained":["CultistMask"],"max_hp_gain":0,"max_hp_loss":0,"event_name":"FaceTrader","floor":20,"gold_loss":0},{"damage_healed":0,"gold_gain":0,"player_choice":"Fought Bandits","damage_taken":0,"max_hp_gain":0,"max_hp_loss":0,"event_name":"Masked Bandits","floor":22,"gold_loss":0},{"damage_healed":0,"gold_gain":0,"player_choice":"Copied","damage_taken":0,"max_hp_gain":0,"max_hp_loss":0,"event_name":"Duplicator","floor":27,"gold_loss":0,"cards_obtained":["Armaments"]}],"is_beta":false,"boss_relics":[{"not_picked":["Runic Dome","Tiny House"],"picked":"Velvet Choker"},{"not_picked":["Calling Bell","Coffee Dripper"],"picked":"Pandora\u0027s Box"}],"items_purged_floors":[5],"is_endless":false,"potions_floor_spawned":[6,14,18,21,30,41,46,48],"killed_by":"Awakened One","ascension_level":19}