{"gold_per_floor":[118,118,268,287,212,131,143,59,82,97,127,127,162,162],"floor_reached":14,"playtime":302,"items_purged":[],"score":167,"play_id":"da863bb6-bdec-477d-b3f8-6b9ef5ae6778","local_time":"20190619185519","is_ascension_mode":true,"campfire_choices":[{"data":"Genetic Algorithm","floor":12,"key":"SMITH"}],"neow_cost":"NONE","seed_source_timestamp":590749830846553,"circlet_count":0,"master_deck":["AscendersBane","Strike_B","Strike_B","Strike_B","Strike_B","Defend_B","Defend_B","Defend_B","Defend_B","Zap","Dualcast","White Noise","Genetic Algorithm+1","Rip and Tear","Leap","Melter","Coolheaded","Streamline"],"relics":["Cracked Core","NeowsBlessing","Shovel","Vajra","Tiny Chest","The Courier"],"potions_floor_usage":[10,10],"damage_taken":[{"damage":0,"enemies":"Jaw Worm","floor":1,"turns":1},{"damage":0,"enemies":"Small Slimes","floor":4,"turns":1},{"damage":0,"enemies":"2 Louse","floor":7,"turns":1},{"damage":8,"enemies":"Large Slime","floor":10,"turns":6},{"damage":26,"enemies":"3 Sentries","floor":13,"turns":7},{"damage":15,"enemies":"Gremlin Gang","floor":14,"turns":1}],"seed_played":"-4097397670909130496","potions_obtained":[{"floor":1,"key":"Block Potion"},{"floor":4,"key":"EssenceOfSteel"}],"is_trial":false,"path_per_floor":["M","?","?","M","?","$","M","$","T","M","T","R","E","M"],"character_chosen":"DEFECT","items_purchased":["Rip and Tear","Melter"],"campfire_rested":0,"item_purchase_floors":[6,8],"current_hp_per_floor":[64,46,46,46,46,46,46,46,46,38,38,38,12,0],"gold":162,"neow_bonus":"THREE_ENEMY_KILL","is_prod":false,"is_daily":false,"chose_seed":false,"campfire_upgraded":1,"win_rate":0,"timestamp":1560995719,"path_taken":["M","?","?","M","?","$","M","$","T","M","?","R","E","M"],"build_version":"2019-01-23","purchased_purges":0,"victory":false,"max_hp_per_floor":[71,71,71,71,71,71,71,71,71,71,71,71,71,71],"card_choices":[{"not_picked":["Barrage","Skim"],"picked":"White Noise","floor":1},{"not_picked":["Conserve Battery","Cold Snap"],"picked":"Genetic Algorithm","floor":4},{"not_picked":["Conserve Battery","Redo"],"picked":"Leap","floor":7},{"not_picked":["Scrape","Double Energy"],"picked":"Coolheaded","floor":10},{"not_picked":["Meteor Strike","Steam"],"picked":"Streamline","floor":13}],"player_experience":1039445,"relics_obtained":[{"floor":9,"key":"Vajra"},{"floor":11,"key":"Tiny Chest"},{"floor":13,"key":"The Courier"}],"event_choices":[{"damage_healed":0,"gold_gain":0,"player_choice":"Success","damage_taken":18,"relics_obtained":["Shovel"],"max_hp_gain":0,"max_hp_loss":0,"event_name":"Scrap Ooze","floor":2,"gold_loss":0},{"damage_healed":0,"gold_gain":150,"player_choice":"AGREE","damage_taken":0,"max_hp_gain":0,"max_hp_loss":0,"event_name":"Liars Game","floor":3,"gold_loss":0,"cards_obtained":["Doubt"]},{"cards_removed":["Doubt"],"damage_healed":0,"gold_gain":0,"player_choice":"Card Removal","damage_taken":0,"max_hp_gain":0,"max_hp_loss":0,"event_name":"The Cleric","floor":5,"gold_loss":75}],"is_beta":false,"boss_relics":[],"items_purged_floors":[],"is_endless":false,"potions_floor_spawned":[1,4],"killed_by":"Gremlin Gang","ascension_level":18}