{"gold_per_floor":[216,216,216,230,246,246,123,153,153,153,187,187,199,215,215,311,311,330,341,44,54,66,66,66,66,115,30,30,40,40,59,59,154,154,168,168,128,148,168,168,179,179],"floor_reached":42,"playtime":2240,"items_purged":["Strike_R"],"score":519,"play_id":"98adbc85-c46a-44ba-af10-fe948913125f","local_time":"20190630014804","is_ascension_mode":true,"campfire_choices":[{"data":"Armaments","floor":6,"key":"SMITH"},{"floor":10,"key":"REST"},{"data":"Flame Barrier","floor":12,"key":"SMITH"},{"floor":15,"key":"REST"},{"floor":23,"key":"REST"},{"data":"Juggernaut","floor":30,"key":"SMITH"},{"floor":32,"key":"REST"},{"floor":40,"key":"REST"}],"neow_cost":"NONE","seed_source_timestamp":606026283958050,"circlet_count":0,"master_deck":["Strike_R","Strike_R","Defend_R","Defend_R","Defend_R","Defend_R","Bash+1","Armaments+1","Cleave+1","Flame Barrier+1","Blood for Blood+1","Juggernaut+1","Shrug It Off+1","Sentinel","Shrug It Off","Shrug It Off","Impervious","Body Slam+1","Shrug It Off","Bloodletting+1","Whirlwind+1"],"relics":["Burning Blood","Molten Egg 2","Paper Frog","Art of War","Dodecahedron","Empty Cage","StoneCalendar","Happy Flower","Omamori","Regal Pillow","Orrery"],"potions_floor_usage":[5,8,14,22,24,24,42],"damage_taken":[{"damage":3,"enemies":"Jaw Worm","floor":1,"turns":5},{"damage":0,"enemies":"2 Louse","floor":4,"turns":3},{"damage":9,"enemies":"Small Slimes","floor":5,"turns":4},{"damage":32,"enemies":"Lagavulin","floor":8,"turns":4},{"damage":32,"enemies":"Gremlin Nob","floor":11,"turns":4},{"damage":0,"enemies":"2 Fungi Beasts","floor":13,"turns":3},{"damage":8,"enemies":"Exordium Thugs","floor":14,"turns":5},{"damage":71,"enemies":"The Guardian","floor":16,"turns":12},{"damage":2,"enemies":"Shell Parasite","floor":18,"turns":4},{"damage":20,"enemies":"Chosen","floor":19,"turns":6},{"damage":41,"enemies":"Shelled Parasite and Fungi","floor":21,"turns":5},{"damage":3,"enemies":"Cultist and Chosen","floor":22,"turns":7},{"damage":0,"enemies":"Chosen and Byrds","floor":24,"turns":1},{"damage":7,"enemies":"Snecko","floor":29,"turns":7},{"damage":21,"enemies":"3 Cultists","floor":31,"turns":5},{"damage":75,"enemies":"Automaton","floor":33,"turns":13},{"damage":2,"enemies":"3 Shapes","floor":35,"turns":6},{"damage":23,"enemies":"3 Darklings","floor":38,"turns":7},{"damage":29,"enemies":"4 Shapes","floor":39,"turns":7},{"damage":39,"enemies":"Sphere and 2 Shapes","floor":41,"turns":4},{"damage":89,"enemies":"Nemesis","floor":42,"turns":12}],"seed_played":"-5072514638760590207","potions_obtained":[{"floor":4,"key":"Regen Potion"},{"floor":5,"key":"AttackPotion"},{"floor":13,"key":"Strength Potion"},{"floor":18,"key":"SmokeBomb"},{"floor":21,"key":"AttackPotion"},{"floor":22,"key":"Fruit Juice"},{"floor":29,"key":"LiquidBronze"}],"is_trial":false,"path_per_floor":["M","?","?","M","M","R","$","E","T","R","E","R","M","M","R","B",null,"M","M","$","M","M","R","M","?","T","?","?","M","R","M","R","B",null,"M","?","?","M","M","R","M","E"],"character_chosen":"IRONCLAD","items_purchased":["Cleave+1","StoneCalendar"],"campfire_rested":5,"item_purchase_floors":[7,20],"current_hp_per_floor":[80,80,73,79,80,80,80,54,54,78,52,52,58,56,80,15,80,80,66,66,31,34,58,69,69,69,69,69,68,68,53,85,16,85,85,85,85,68,45,85,52,0],"gold":179,"neow_bonus":"HUNDRED_GOLD","is_prod":false,"is_daily":false,"chose_seed":false,"campfire_upgraded":3,"win_rate":0,"timestamp":1561884484,"path_taken":["M","?","?","M","M","R","$","E","T","R","E","R","M","M","R","BOSS","M","M","$","M","M","R","M","?","T","?","?","M","R","M","R","BOSS","M","?","?","M","?","R","M","E"],"build_version":"2019-01-23","purchased_purges":1,"victory":false,"max_hp_per_floor":[80,80,80,80,80,80,80,80,80,80,80,80,80,80,80,80,80,80,80,80,80,80,80,85,85,85,85,85,85,85,85,85,85,85,85,85,85,85,85,85,85,85],"card_choices":[{"not_picked":["Thunderclap","Havoc","Sentinel"],"picked":"SKIP","floor":1},{"not_picked":["Thunderclap+1","Armaments"],"picked":"Dropkick+1","floor":4},{"not_picked":["Sword Boomerang+1","Havoc"],"picked":"Armaments","floor":5},{"not_picked":["Rupture","Clash+1"],"picked":"Flame Barrier","floor":8},{"not_picked":["Whirlwind+1","Searing Blow+1"],"picked":"Blood for Blood+1","floor":11},{"not_picked":["Shockwave","Sword Boomerang+1","Heavy Blade+1"],"picked":"SKIP","floor":13},{"not_picked":["Wild Strike+1","Iron Wave+1","Carnage+1"],"picked":"SKIP","floor":14},{"not_picked":["Reaper+1","Fiend Fire+1"],"picked":"Juggernaut","floor":16},{"not_picked":["Inflame+1","Warcry"],"picked":"Shrug It Off","floor":18},{"not_picked":["Infernal Blade","Cleave+1","Flex+1"],"picked":"SKIP","floor":19},{"not_picked":["Body Slam+1","Entrench+1"],"picked":"Sentinel","floor":21},{"not_picked":["Clash+1","Wild Strike+1","Heavy Blade+1"],"picked":"SKIP","floor":22},{"not_picked":["Whirlwind+1","Pommel Strike+1"],"picked":"Shrug It Off","floor":29},{"not_picked":["Heavy Blade+1","Rampage+1"],"picked":"Shrug It Off","floor":31},{"not_picked":["Double Tap","Bludgeon+1"],"picked":"Impervious","floor":33},{"not_picked":["Entrench","Combust"],"picked":"Body Slam+1","floor":34},{"not_picked":["Limit Break","Flex"],"picked":"Shrug It Off","floor":34},{"not_picked":["Rage","Flex+1"],"picked":"Bloodletting+1","floor":35},{"not_picked":["Bloodletting","Fire Breathing","Sever Soul+1"],"picked":"SKIP","floor":38},{"not_picked":["Bloodletting","Fire Breathing","Sever Soul+1"],"picked":"SKIP","floor":38},{"not_picked":["Twin Strike+1","Shrug It Off+1","Burning Pact"],"picked":"SKIP","floor":39},{"not_picked":["Clash+1","Carnage+1"],"picked":"Whirlwind+1","floor":41}],"player_experience":547780,"relics_obtained":[{"floor":8,"key":"Paper Frog"},{"floor":9,"key":"Art of War"},{"floor":11,"key":"Dodecahedron"},{"floor":26,"key":"Happy Flower"}],"event_choices":[{"damage_healed":0,"gold_gain":0,"player_choice":"Grow","damage_taken":0,"max_hp_gain":0,"max_hp_loss":0,"event_name":"Living Wall","floor":2,"gold_loss":0,"cards_upgraded":["Bash"]},{"damage_healed":0,"gold_gain":0,"player_choice":"Success","damage_taken":7,"relics_obtained":["Molten Egg 2"],"max_hp_gain":0,"max_hp_loss":0,"event_name":"Scrap Ooze","floor":3,"gold_loss":0},{"damage_healed":0,"gold_gain":0,"player_choice":"Ignored","damage_taken":0,"max_hp_gain":0,"max_hp_loss":0,"event_name":"Beggar","floor":25,"gold_loss":0},{"damage_healed":0,"gold_gain":0,"player_choice":"Obtained Relic","damage_taken":0,"relics_obtained":["Omamori"],"max_hp_gain":0,"max_hp_loss":0,"event_name":"Addict","floor":27,"gold_loss":85},{"damage_healed":0,"gold_gain":0,"player_choice":"Opened","damage_taken":0,"relics_obtained":["Regal Pillow"],"max_hp_gain":0,"max_hp_loss":0,"event_name":"The Mausoleum","floor":28,"gold_loss":0},{"cards_removed":["Dropkick"],"damage_healed":0,"gold_gain":0,"player_choice":"Removed Attack","damage_taken":0,"max_hp_gain":0,"max_hp_loss":0,"event_name":"Falling","floor":36,"gold_loss":0},{"damage_healed":0,"gold_gain":0,"player_choice":"Upgrade","damage_taken":0,"max_hp_gain":0,"max_hp_loss":0,"event_name":"Designer","floor":37,"gold_loss":40,"cards_upgraded":["Shrug It Off"]}],"is_beta":false,"boss_relics":[{"not_picked":["Busted Crown","Fusion Hammer"],"picked":"Empty Cage"},{"not_picked":["Pandora\u0027s Box","Snecko Eye"],"picked":"Orrery"}],"items_purged_floors":[7],"is_endless":false,"potions_floor_spawned":[4,5,13,18,21,22,29],"killed_by":"Nemesis","ascension_level":4}