{"gold_per_floor":[117,117,137,156,172,172,189,189,189,217,234,65,240,240,240,316,316,335,434,434,451,268,268,268,285,367,367,143,143,153,153,153,228,228,243,243,243,243,243,243,257,275,275,275,295,35,35,47,47,47],"floor_reached":51,"playtime":2427,"items_purged":["Strike_B","Strike_B","Defend_B"],"score":1087,"play_id":"195e5950-57f3-4160-a359-e4778d824072","local_time":"20190502210722","is_ascension_mode":true,"campfire_choices":[{"data":"Echo Form","floor":6,"key":"SMITH"},{"floor":8,"key":"REST"},{"floor":15,"key":"REST"},{"floor":23,"key":"REST"},{"data":"Defragment","floor":27,"key":"SMITH"},{"floor":32,"key":"REST"},{"floor":40,"key":"REST"},{"floor":49,"key":"REST"}],"neow_cost":"PERCENT_DAMAGE","seed_source_timestamp":520037050325412,"circlet_count":0,"master_deck":["AscendersBane","Strike_B+1","Defend_B+1","Defend_B+1","Defend_B+1","Zap","Dualcast","Echo Form+1","Defragment+1","Ball Lightning","Coolheaded","Auto Shields","Sweeping Beam","Cold Snap","Bandage Up","Seek","FTL+1","Compile Driver","Capacitor","Defragment","Conserve Battery","Go for the Eyes","Go for the Eyes+1","Flash of Steel"],"relics":["Cracked Core","Matryoshka","Emotion Chip","Nuclear Battery","Meat on the Bone","Frozen Egg 2","Busted Crown","Smiling Mask","Happy Flower","Bottled Flame","Bottled Lightning"],"potions_floor_usage":[7,10,25,30,33,41,42,50],"damage_taken":[{"damage":11,"enemies":"Small Slimes","floor":1,"turns":4},{"damage":1,"enemies":"Cultist","floor":3,"turns":4},{"damage":0,"enemies":"2 Louse","floor":4,"turns":2},{"damage":3,"enemies":"Blue Slaver","floor":5,"turns":3},{"damage":9,"enemies":"Large Slime","floor":7,"turns":4},{"damage":20,"enemies":"3 Sentries","floor":10,"turns":7},{"damage":6,"enemies":"2 Fungi Beasts","floor":11,"turns":3},{"damage":32,"enemies":"The Guardian","floor":16,"turns":17},{"damage":29,"enemies":"3 Byrds","floor":18,"turns":6},{"damage":11,"enemies":"Shell Parasite","floor":21,"turns":4},{"damage":16,"enemies":"Cultist and Chosen","floor":25,"turns":6},{"damage":2,"enemies":"Centurion and Healer","floor":30,"turns":7},{"damage":49,"enemies":"Collector","floor":33,"turns":11},{"damage":25,"enemies":"3 Darklings","floor":35,"turns":6},{"damage":31,"enemies":"3 Shapes","floor":41,"turns":4},{"damage":20,"enemies":"Sphere and 2 Shapes","floor":42,"turns":4},{"damage":15,"enemies":"Writhing Mass","floor":45,"turns":8},{"damage":15,"enemies":"Maw","floor":48,"turns":6},{"damage":39,"enemies":"Time Eater","floor":50,"turns":17}],"seed_played":"3047870928208340358","potions_obtained":[{"floor":1,"key":"Weak Potion"},{"floor":4,"key":"FocusPotion"},{"floor":21,"key":"Block Potion"},{"floor":35,"key":"Poison Potion"},{"floor":41,"key":"PowerPotion"},{"floor":45,"key":"GamblersBrew"},{"floor":47,"key":"EssenceOfSteel"}],"is_trial":false,"path_per_floor":["M","?","M","M","M","R","M","R","T","E","M","$","?","?","R","B",null,"M","?","?","M","$","R","?","M","T","R","$","$","M","?","R","B",null,"M","?","?","T","?","R","M","M","T","?","M","$","?","M","R","B",null],"character_chosen":"DEFECT","items_purchased":["Bandage Up","Capacitor","Energy Potion","Conserve Battery","EssenceOfSteel","Bottled Lightning"],"campfire_rested":6,"item_purchase_floors":[12,22,22,28,28,46],"current_hp_per_floor":[35,35,34,34,31,31,22,43,43,23,17,17,17,17,38,10,56,31,31,31,24,24,45,45,37,37,37,37,37,39,39,60,27,60,39,39,39,39,39,59,44,44,44,39,40,40,40,41,61,38],"gold":47,"neow_bonus":"THREE_RARE_CARDS","is_prod":false,"is_daily":false,"chose_seed":false,"campfire_upgraded":2,"win_rate":0,"timestamp":1556856442,"path_taken":["M","?","M","M","?","R","?","R","T","E","M","$","?","?","R","BOSS","M","?","?","?","$","R","?","M","T","R","?","$","M","?","R","BOSS","M","?","?","?","?","R","M","?","T","?","M","$","?","M","R","BOSS"],"build_version":"2019-01-23","purchased_purges":3,"victory":true,"max_hp_per_floor":[71,71,71,71,71,71,71,71,71,71,71,71,71,71,71,71,71,71,71,71,71,71,71,71,71,71,71,71,71,71,71,71,71,71,71,71,71,71,67,67,67,67,67,67,67,67,67,67,67,67],"card_choices":[{"not_picked":["Reboot","Biased Cognition"],"picked":"Echo Form","floor":0},{"not_picked":["Hello World","Hologram"],"picked":"Defragment","floor":1},{"not_picked":["Double Energy","Force Field"],"picked":"Ball Lightning","floor":3},{"not_picked":["Gash","Double Energy"],"picked":"Ball Lightning","floor":4},{"not_picked":["Stack","Cold Snap"],"picked":"Coolheaded","floor":5},{"not_picked":["Blizzard","Ball Lightning"],"picked":"Auto Shields","floor":7},{"not_picked":["Double Energy","Aggregate"],"picked":"Sweeping Beam","floor":10},{"not_picked":["Lockon","All For One"],"picked":"Cold Snap","floor":11},{"not_picked":["Core Surge","Thunder Strike"],"picked":"Seek","floor":16},{"not_picked":["Hello World","Conserve Battery"],"picked":"FTL+1","floor":18},{"not_picked":["Recycle","Turbo"],"picked":"Compile Driver","floor":21},{"not_picked":["Fusion","Hologram"],"picked":"Defragment","floor":25},{"not_picked":["Steam Power","Lockon"],"picked":"Go for the Eyes","floor":30},{"not_picked":[],"picked":"Go for the Eyes+1","floor":35},{"not_picked":["Barrage"],"picked":"SKIP","floor":41},{"not_picked":["Compile Driver"],"picked":"SKIP","floor":42},{"not_picked":[],"picked":"Flash of Steel","floor":44},{"not_picked":["Force Field"],"picked":"SKIP","floor":45},{"not_picked":["Sweeping Beam+1"],"picked":"SKIP","floor":48}],"player_experience":858145,"relics_obtained":[{"floor":9,"key":"Matryoshka"},{"floor":10,"key":"Emotion Chip"},{"floor":26,"key":"Meat on the Bone"},{"floor":26,"key":"Frozen Egg 2"},{"floor":38,"key":"Smiling Mask"},{"floor":38,"key":"Happy Flower"},{"floor":43,"key":"Bottled Flame"}],"event_choices":[{"cards_removed":["Strike_B"],"damage_healed":0,"gold_gain":0,"player_choice":"Purged","damage_taken":0,"max_hp_gain":0,"max_hp_loss":0,"event_name":"Purifier","floor":2,"gold_loss":0},{"damage_healed":0,"gold_gain":175,"player_choice":"AGREE","damage_taken":0,"max_hp_gain":0,"max_hp_loss":0,"event_name":"Liars Game","floor":13,"gold_loss":0,"cards_obtained":["Doubt"]},{"damage_healed":0,"gold_gain":0,"player_choice":"Searched \u00270\u0027 times","damage_taken":0,"max_hp_gain":0,"max_hp_loss":0,"event_name":"Dead Adventurer","floor":14,"gold_loss":0},{"damage_healed":0,"gold_gain":99,"player_choice":"Stole From Cult","damage_taken":0,"max_hp_gain":0,"max_hp_loss":0,"event_name":"Nest","floor":19,"gold_loss":0},{"cards_removed":["Doubt"],"damage_healed":0,"gold_gain":0,"player_choice":"Purged","damage_taken":0,"max_hp_gain":0,"max_hp_loss":0,"event_name":"Purifier","floor":20,"gold_loss":0},{"damage_healed":0,"gold_gain":0,"player_choice":"0 cards matched","damage_taken":0,"max_hp_gain":0,"max_hp_loss":0,"event_name":"Match and Keep!","floor":24,"gold_loss":0,"cards_obtained":[]},{"damage_healed":0,"gold_gain":0,"player_choice":"Simplicity","damage_taken":0,"max_hp_gain":0,"max_hp_loss":0,"event_name":"Back to Basics","floor":31,"gold_loss":0,"cards_upgraded":["Strike_B","Defend_B","Defend_B","Defend_B"]},{"cards_removed":["Ball Lightning"],"damage_healed":0,"gold_gain":0,"player_choice":"Removed Attack","damage_taken":0,"max_hp_gain":0,"max_hp_loss":0,"event_name":"Falling","floor":36,"gold_loss":0},{"damage_healed":0,"gold_gain":0,"player_choice":"Ignored","damage_taken":0,"max_hp_gain":0,"max_hp_loss":0,"event_name":"Mysterious Sphere","floor":37,"gold_loss":0},{"damage_healed":0,"gold_gain":0,"player_choice":"Max HP","damage_taken":0,"max_hp_gain":0,"max_hp_loss":4,"event_name":"Winding Halls","floor":39,"gold_loss":0},{"damage_healed":0,"gold_gain":0,"player_choice":"Memory 2","damage_taken":5,"max_hp_gain":0,"max_hp_loss":0,"event_name":"SensoryStone","floor":44,"gold_loss":0},{"damage_healed":0,"gold_gain":0,"player_choice":"Got Potions","damage_taken":0,"max_hp_gain":0,"max_hp_loss":0,"event_name":"Lab","floor":47,"gold_loss":0}],"is_beta":false,"boss_relics":[{"not_picked":["Ectoplasm","Eternal Feather"],"picked":"Nuclear Battery"},{"not_picked":["Runic Dome","Snecko Eye"],"picked":"Busted Crown"}],"items_purged_floors":[12,22,28],"is_endless":false,"potions_floor_spawned":[1,4,21,35,41,45],"ascension_level":14}