{"gold_per_floor":[111,261,271,284,302,302,331,343,378,390],"floor_reached":10,"playtime":353,"items_purged":[],"score":129,"play_id":"1bd1e99c-c107-4d21-b214-5e4066cb47a0","local_time":"20190616111421","is_ascension_mode":true,"campfire_choices":[{"data":"Disarm","floor":6,"key":"SMITH"}],"neow_cost":"NONE","seed_source_timestamp":303841678049439,"circlet_count":0,"master_deck":["AscendersBane","Strike_R","Strike_R","Strike_R","Strike_R","Strike_R","Defend_R","Defend_R","Defend_R","Defend_R","Bash","Double Tap","Carnage","Doubt","Power Through","Disarm+1","Rage","Clothesline"],"relics":["Burning Blood","MawBank","Mummified Hand","Potion Belt"],"potions_floor_usage":[3,7,10],"damage_taken":[{"damage":14,"enemies":"Jaw Worm","floor":1,"turns":4},{"damage":1,"enemies":"2 Louse","floor":3,"turns":2},{"damage":0,"enemies":"Small Slimes","floor":4,"turns":5},{"damage":11,"enemies":"Looter","floor":5,"turns":2},{"damage":35,"enemies":"3 Sentries","floor":7,"turns":13},{"damage":47,"enemies":"Gremlin Nob","floor":10,"turns":4}],"seed_played":"-2857667979802993388","potions_obtained":[{"floor":1,"key":"AttackPotion"},{"floor":4,"key":"Swift Potion"},{"floor":7,"key":"BloodPotion"}],"is_trial":false,"path_per_floor":["M","?","M","M","M","R","E","T","T","?"],"character_chosen":"IRONCLAD","items_purchased":[],"campfire_rested":0,"item_purchase_floors":[],"current_hp_per_floor":[60,60,65,71,66,66,37,37,37,0],"gold":390,"neow_bonus":"ONE_RANDOM_RARE_CARD","is_prod":false,"is_daily":false,"chose_seed":false,"campfire_upgraded":1,"win_rate":0,"timestamp":1560708861,"path_taken":["M","?","M","M","M","R","E","?","T","?"],"build_version":"2019-01-23","purchased_purges":0,"victory":false,"max_hp_per_floor":[75,75,75,75,75,75,75,75,75,75],"card_choices":[{"not_picked":["True Grit","Entrench"],"picked":"Carnage","floor":1},{"not_picked":["Clash","Bloodletting"],"picked":"Power Through","floor":3},{"not_picked":["Battle Trance","Twin Strike"],"picked":"Disarm","floor":4},{"not_picked":["Pommel Strike","Body Slam"],"picked":"Rage","floor":5},{"not_picked":["Intimidate","Perfected Strike"],"picked":"Clothesline","floor":7}],"player_experience":1022221,"relics_obtained":[{"floor":7,"key":"MawBank"},{"floor":8,"key":"Mummified Hand"},{"floor":9,"key":"Potion Belt"}],"event_choices":[{"damage_healed":0,"gold_gain":150,"player_choice":"AGREE","damage_taken":0,"max_hp_gain":0,"max_hp_loss":0,"event_name":"Liars Game","floor":2,"gold_loss":0,"cards_obtained":["Doubt"]},{"damage_healed":0,"gold_gain":0,"player_choice":"Searched \u00271\u0027 times","damage_taken":0,"max_hp_gain":0,"max_hp_loss":0,"event_name":"Dead Adventurer","floor":10,"gold_loss":0}],"is_beta":false,"boss_relics":[],"items_purged_floors":[],"is_endless":false,"potions_floor_spawned":[1,4,7],"killed_by":"Gremlin Nob","ascension_level":18}