{"gold_per_floor":[111,126,138,156,156,156,187,187,232,232,232,202,235,253,253,352,352,364,377,377],"floor_reached":20,"playtime":1197,"items_purged":[],"score":255,"play_id":"d12e9142-9cea-46af-8ced-c68520bc34bd","local_time":"20190619193012","is_ascension_mode":true,"campfire_choices":[{"data":"Zap","floor":6,"key":"SMITH"},{"data":"Defragment","floor":8,"key":"SMITH"},{"floor":10,"key":"REST"},{"data":"Defend_B","floor":15,"key":"SMITH"}],"neow_cost":"NONE","seed_source_timestamp":5576684130731,"circlet_count":0,"master_deck":["Strike_B","Strike_B+1","Strike_B","Strike_B+1","Defend_B","Defend_B","Defend_B","Defend_B+1","Zap+1","Dualcast","Coolheaded","Defragment+1","Compile Driver","Parasite","Compile Driver","Machine Learning","Creative AI","Go for the Eyes","Aggregate+1"],"relics":["Cracked Core","Pear","Whetstone","Pen Nib","Inserter"],"potions_floor_usage":[4,7,13,20,20],"damage_taken":[{"damage":1,"enemies":"Cultist","floor":1,"turns":3},{"damage":12,"enemies":"Jaw Worm","floor":2,"turns":3},{"damage":0,"enemies":"2 Louse","floor":3,"turns":2},{"damage":13,"enemies":"2 Fungi Beasts","floor":4,"turns":5},{"damage":14,"enemies":"3 Sentries","floor":7,"turns":7},{"damage":14,"enemies":"Lagavulin","floor":13,"turns":5},{"damage":19,"enemies":"Gremlin Gang","floor":14,"turns":5},{"damage":38,"enemies":"Hexaghost","floor":16,"turns":10},{"damage":21,"enemies":"Spheric Guardian","floor":18,"turns":5},{"damage":25,"enemies":"Chosen","floor":19,"turns":5},{"damage":32,"enemies":"Centurion and Healer","floor":20,"turns":3}],"seed_played":"-5645808383127150798","potions_obtained":[{"floor":2,"key":"GamblersBrew"},{"floor":4,"key":"PowerPotion"},{"floor":7,"key":"SteroidPotion"},{"floor":18,"key":"PowerPotion"},{"floor":19,"key":"Strength Potion"}],"is_trial":false,"path_per_floor":["M","M","M","M","$","R","E","R","T","R","?","?","E","M","R","B",null,"M","M","M"],"character_chosen":"DEFECT","items_purchased":[],"campfire_rested":1,"item_purchase_floors":[],"current_hp_per_floor":[81,69,69,56,56,56,52,52,52,79,92,92,78,59,59,21,74,53,28,0],"gold":377,"neow_bonus":"TEN_PERCENT_HP_BONUS","is_prod":false,"is_daily":false,"chose_seed":false,"campfire_upgraded":3,"win_rate":0,"timestamp":1560997812,"path_taken":["M","M","M","?","$","R","E","R","T","R","?","?","E","M","R","BOSS","M","M","M"],"build_version":"2019-01-23","purchased_purges":0,"victory":false,"max_hp_per_floor":[82,82,82,82,82,82,92,92,92,92,92,92,92,92,92,92,92,92,92,92],"card_choices":[{"not_picked":["Rebound","Streamline"],"picked":"Coolheaded","floor":1},{"not_picked":["Storm","Steam Power","Fusion"],"picked":"SKIP","floor":2},{"not_picked":["Compile Driver","Undo"],"picked":"Defragment","floor":3},{"not_picked":["Leap","White Noise"],"picked":"Compile Driver","floor":4},{"not_picked":["Force Field","Chaos","Go for the Eyes"],"picked":"SKIP","floor":7},{"not_picked":["Go for the Eyes","Force Field"],"picked":"Compile Driver","floor":13},{"not_picked":["Steam","Sunder"],"picked":"Machine Learning","floor":14},{"not_picked":["Buffer","Hyperbeam"],"picked":"Creative AI","floor":16},{"not_picked":["Steam","Sweeping Beam+1"],"picked":"Go for the Eyes","floor":18},{"not_picked":["Go for the Eyes","Rip and Tear+1"],"picked":"Aggregate+1","floor":19}],"player_experience":439012,"relics_obtained":[{"floor":7,"key":"Pear"},{"floor":9,"key":"Whetstone"},{"floor":13,"key":"Pen Nib"}],"event_choices":[{"damage_healed":23,"gold_gain":0,"player_choice":"Healed and dodged fight","damage_taken":0,"max_hp_gain":0,"max_hp_loss":0,"event_name":"Mushrooms","floor":11,"gold_loss":0,"cards_obtained":["Parasite"]},{"damage_healed":0,"gold_gain":0,"player_choice":"Left Gold","damage_taken":0,"max_hp_gain":0,"max_hp_loss":0,"event_name":"World of Goop","floor":12,"gold_loss":30}],"is_beta":false,"boss_relics":[{"not_picked":["Sozu","Calling Bell"],"picked":"Inserter"}],"items_purged_floors":[],"is_endless":false,"potions_floor_spawned":[2,4,7,18,19],"killed_by":"Centurion and Healer","ascension_level":5}