{"gold_per_floor":[109,384,61,78,98,98,130,130,185,218,218,244,4,18,18,113,113,128,128,128,145,45,45,62,62,62,62,62,75,75,94,94,198,198,212,312,326,247,247,247,266,278,303,46,57,57,57,68,68,68],"floor_reached":50,"playtime":4096,"items_purged":["Regret","Berserk+1"],"score":510,"play_id":"2f8ce45b-eb27-42bd-b788-aeaa23de79b5","local_time":"20190127215605","is_ascension_mode":false,"campfire_choices":[{"data":"Apotheosis","floor":6,"key":"SMITH"},{"data":"True Grit","floor":8,"key":"SMITH"},{"data":"Berserk","floor":15,"key":"SMITH"},{"floor":23,"key":"REST"},{"floor":25,"key":"REST"},{"floor":32,"key":"REST"},{"floor":40,"key":"REST"},{"floor":46,"key":"REST"},{"floor":49,"key":"REST"}],"neow_cost":"NONE","seed_source_timestamp":814560284273128,"circlet_count":0,"master_deck":["Strike_R","Strike_R","Strike_R","Strike_R","Strike_R","Defend_R","Defend_R","Defend_R","Defend_R","Bash","Clothesline","Apotheosis+1","Seeing Red","True Grit+1","Anger","Double Tap","Shrug It Off+1","Inflame","Power Through","Pommel Strike","Shrug It Off","Bludgeon","Flex","Sword Boomerang+1","Iron Wave+1","Metallicize","Metallicize+1","Iron Wave","Flex","Flame Barrier"],"relics":["Burning Blood","Bronze Scales","Bag of Marbles","Omamori","WingedGreaves","Lee\u0027s Waffle","Fusion Hammer","Anchor","Du-Vu Doll","NlothsMask","Cursed Key","Shovel","Pantograph"],"potions_floor_usage":[12,31,33,33,36,45,50,50],"damage_taken":[{"damage":0,"enemies":"2 Louse","floor":1,"turns":3},{"damage":4,"enemies":"Cultist","floor":4,"turns":3},{"damage":5,"enemies":"Small Slimes","floor":5,"turns":4},{"damage":31,"enemies":"Lagavulin","floor":7,"turns":6},{"damage":19,"enemies":"3 Sentries","floor":10,"turns":9},{"damage":15,"enemies":"Gremlin Nob","floor":12,"turns":4},{"damage":26,"enemies":"Gremlin Gang","floor":14,"turns":5},{"damage":27,"enemies":"Slime Boss","floor":16,"turns":6},{"damage":17,"enemies":"2 Thieves","floor":18,"turns":4},{"damage":4,"enemies":"Shell Parasite","floor":21,"turns":5},{"damage":13,"enemies":"3 Cultists","floor":24,"turns":5},{"damage":0,"enemies":"Snake Plant","floor":29,"turns":4},{"damage":9,"enemies":"Cultist and Chosen","floor":31,"turns":5},{"damage":44,"enemies":"Champ","floor":33,"turns":11},{"damage":0,"enemies":"Orb Walker","floor":35,"turns":3},{"damage":36,"enemies":"Mind Bloom Boss Battle","floor":36,"turns":4},{"damage":26,"enemies":"3 Darklings","floor":37,"turns":4},{"damage":8,"enemies":"Jaw Worm Horde","floor":41,"turns":5},{"damage":40,"enemies":"Spire Growth","floor":42,"turns":7},{"damage":16,"enemies":"4 Shapes","floor":45,"turns":5},{"damage":20,"enemies":"Jaw Worm Horde","floor":48,"turns":5},{"damage":117,"enemies":"Awakened One","floor":50,"turns":11}],"seed_played":"4788852776009356944","potions_obtained":[{"floor":5,"key":"Explosive Potion"},{"floor":14,"key":"Energy Potion"},{"floor":24,"key":"Strength Potion"},{"floor":29,"key":"Fire Potion"},{"floor":33,"key":"PowerPotion"},{"floor":35,"key":"PowerPotion"},{"floor":41,"key":"GamblersBrew"},{"floor":45,"key":"BloodPotion"}],"is_trial":false,"path_per_floor":["M","?","$","M","M","R","E","R","T","E","?","E","$","M","R","B",null,"M","?","?","M","$","R","M","R","T","?","$","M","?","M","R","B",null,"M","?","M","$","?","R","M","M","T","$","M","R","$","M","R","B"],"character_chosen":"IRONCLAD","items_purchased":["Apotheosis","Flex","Lee\u0027s Waffle","Poison Potion","Metallicize","Pantograph"],"campfire_rested":6,"item_purchase_floors":[3,3,13,13,38,44],"current_hp_per_floor":[88,88,88,88,88,88,63,63,63,50,50,41,95,75,75,54,95,84,84,84,86,86,95,88,95,95,95,95,95,76,73,100,62,100,100,70,50,50,50,80,78,44,44,44,34,64,64,50,80,0],"gold":68,"neow_bonus":"TEN_PERCENT_HP_BONUS","is_prod":false,"is_daily":false,"chose_seed":false,"campfire_upgraded":3,"win_rate":0.0,"timestamp":1548644165,"path_taken":["M","?","$","M","?","R","E","R","T","E","?","E","$","M","R","BOSS","M","?","?","?","$","R","M","R","T","?","?","M","?","M","R","BOSS","M","?","M","?","?","R","M","M","T","$","M","R","$","M","R","BOSS"],"build_version":"2019-01-23","purchased_purges":2,"victory":false,"max_hp_per_floor":[88,88,88,88,88,88,88,88,88,88,88,88,95,95,95,95,95,95,95,95,95,95,95,95,95,95,95,95,95,100,100,100,100,100,100,100,100,100,100,100,100,100,100,100,100,100,100,100,100,100],"card_choices":[{"not_picked":["Warcry","Infernal Blade"],"picked":"Clothesline","floor":1},{"not_picked":["Intimidate","Cleave"],"picked":"Armaments","floor":4},{"not_picked":["Twin Strike","Heavy Blade"],"picked":"Seeing Red","floor":5},{"not_picked":["Armaments","Warcry"],"picked":"True Grit","floor":7},{"not_picked":["Rupture","Heavy Blade"],"picked":"Anger","floor":10},{"not_picked":["Offering","Shrug It Off"],"picked":"Berserk","floor":12},{"not_picked":["Twin Strike","Body Slam","Rupture"],"picked":"SKIP","floor":14},{"not_picked":["Feed","Bludgeon"],"picked":"Double Tap","floor":16},{"not_picked":["Clash","Sword Boomerang+1"],"picked":"Shrug It Off+1","floor":18},{"not_picked":["Entrench","Cleave"],"picked":"Inflame","floor":21},{"not_picked":["Flex","Clothesline"],"picked":"Power Through","floor":24},{"not_picked":["Hemokinesis","Twin Strike"],"picked":"Pommel Strike","floor":29},{"not_picked":["Twin Strike+1","Headbutt+1"],"picked":"Shrug It Off","floor":31},{"not_picked":["Feed","Berserk"],"picked":"Bludgeon","floor":33},{"not_picked":["Armaments+1","Shrug It Off"],"picked":"Flex","floor":35},{"not_picked":["Warcry+1","Searing Blow"],"picked":"Sword Boomerang+1","floor":36},{"not_picked":["Second Wind","Berserk"],"picked":"Iron Wave+1","floor":37},{"not_picked":["Armaments+1","Sword Boomerang"],"picked":"Metallicize+1","floor":41},{"not_picked":["Seeing Red+1","Ghostly Armor+1"],"picked":"Iron Wave","floor":42},{"not_picked":["Dropkick","Thunderclap+1"],"picked":"Flex","floor":45},{"not_picked":["Flex","Fire Breathing+1"],"picked":"Flame Barrier","floor":48}],"player_experience":31834,"relics_obtained":[{"floor":7,"key":"Bronze Scales"},{"floor":9,"key":"Bag of Marbles"},{"floor":10,"key":"Omamori"},{"floor":12,"key":"WingedGreaves"},{"floor":26,"key":"Du-Vu Doll"},{"floor":36,"key":"Shovel"}],"event_choices":[{"damage_healed":0,"gold_gain":275,"player_choice":"Desecrate","damage_taken":0,"max_hp_gain":0,"max_hp_loss":0,"event_name":"Golden Shrine","floor":2,"gold_loss":0,"cards_obtained":["Regret"]},{"cards_removed":["Armaments"],"damage_healed":0,"gold_gain":0,"player_choice":"Purged","damage_taken":0,"max_hp_gain":0,"max_hp_loss":0,"event_name":"Purifier","floor":11,"gold_loss":0},{"damage_healed":0,"gold_gain":0,"player_choice":"Ignored","damage_taken":0,"max_hp_gain":0,"max_hp_loss":0,"event_name":"Vampires","floor":19,"gold_loss":0},{"damage_healed":0,"gold_gain":0,"player_choice":"Gave Potion","damage_taken":0,"relics_obtained":["Anchor"],"max_hp_gain":0,"max_hp_loss":0,"event_name":"WeMeetAgain","floor":20,"gold_loss":0},{"damage_healed":0,"gold_gain":0,"player_choice":"Trade","damage_taken":0,"relics_obtained":["NlothsMask"],"max_hp_gain":0,"max_hp_loss":0,"event_name":"FaceTrader","floor":27,"gold_loss":0},{"damage_healed":0,"gold_gain":0,"player_choice":"Shed Blood","damage_taken":24,"max_hp_gain":5,"max_hp_loss":0,"event_name":"Forgotten Altar","floor":30,"gold_loss":0},{"damage_healed":0,"gold_gain":0,"player_choice":"Fight","damage_taken":0,"max_hp_gain":0,"max_hp_loss":0,"event_name":"MindBloom","floor":36,"gold_loss":0},{"cards_removed":["Flex"],"damage_healed":0,"gold_gain":0,"player_choice":"Removed Skill","damage_taken":0,"max_hp_gain":0,"max_hp_loss":0,"event_name":"Falling","floor":39,"gold_loss":0}],"is_beta":false,"boss_relics":[{"not_picked":["Busted Crown","Sozu"],"picked":"Fusion Hammer"},{"not_picked":["Velvet Choker","Philosopher\u0027s Stone"],"picked":"Cursed Key"}],"items_purged_floors":[3,22],"is_endless":false,"potions_floor_spawned":[5,14,24,29,33,35,41,45],"killed_by":"Awakened One","ascension_level":0}