{"gold_per_floor":[118,137,157,157,169,169,201,201,226,241,241,261,96,110,110,207,207,223,138,154,172,97,131,146,157,206,225,225,47,47,63,63,159,159,172,191,201,3,17,33,33,333,333,333,345,363,375,395,395,395],"floor_reached":51,"playtime":4219,"items_purged":["Strike_G","Strike_G","Strike_G"],"score":656,"play_id":"83d66929-8a0a-442e-a8f1-e3414ceaf204","local_time":"20190628003721","is_ascension_mode":false,"campfire_choices":[{"data":"Neutralize","floor":6,"key":"SMITH"},{"floor":8,"key":"REST"},{"floor":15,"key":"REST"},{"data":"Apotheosis","floor":32,"key":"SMITH"},{"data":"Night Terror","floor":41,"key":"SMITH"},{"data":"After Image","floor":44,"key":"SMITH"},{"data":"Adrenaline","floor":49,"key":"SMITH"}],"neow_cost":"NONE","seed_source_timestamp":426995836114384,"circlet_count":0,"master_deck":["Defend_G","Defend_G","Defend_G","Defend_G","Defend_G","Survivor","Neutralize+1","Well Laid Plans","Slice","Dagger Spray","Dagger Throw","Escape Plan","Acrobatics","Dagger Spray","Apotheosis+1","After Image","Night Terror+1","Terror","Deadly Poison","Blur+1","Flying Knee","Quick Slash","Distraction+1","After Image+1","After Image","Poisoned Stab","Concentrate","Parasite","PiercingWail+1","Distraction+1","Outmaneuver+1","Adrenaline+1"],"relics":["Ring of the Snake","Ancient Tea Set","Oddly Smooth Stone","Strawberry","Coffee Dripper","Pen Nib","Happy Flower","Dream Catcher","Runic Pyramid","Bag of Preparation"],"potions_floor_usage":[5,7,16,21,23,25,27,28,33,36,46,50],"damage_taken":[{"damage":0,"enemies":"Small Slimes","floor":1,"turns":3},{"damage":2,"enemies":"Cultist","floor":2,"turns":4},{"damage":2,"enemies":"Jaw Worm","floor":3,"turns":3},{"damage":8,"enemies":"Exordium Wildlife","floor":5,"turns":7},{"damage":40,"enemies":"Lagavulin","floor":7,"turns":7},{"damage":0,"enemies":"Lots of Slimes","floor":10,"turns":3},{"damage":1,"enemies":"Looter","floor":12,"turns":3},{"damage":7,"enemies":"3 Louse","floor":14,"turns":3},{"damage":2,"enemies":"Hexaghost","floor":16,"turns":7},{"damage":0,"enemies":"3 Byrds","floor":18,"turns":4},{"damage":2,"enemies":"Spheric Guardian","floor":20,"turns":4},{"damage":2,"enemies":"Snake Plant","floor":21,"turns":4},{"damage":2,"enemies":"Book of Stabbing","floor":23,"turns":5},{"damage":11,"enemies":"Centurion and Healer","floor":24,"turns":5},{"damage":8,"enemies":"Cultist and Chosen","floor":25,"turns":6},{"damage":10,"enemies":"Snake Plant","floor":27,"turns":5},{"damage":12,"enemies":"Colosseum Slavers","floor":28,"turns":4},{"damage":0,"enemies":"Shelled Parasite and Fungi","floor":31,"turns":6},{"damage":4,"enemies":"Automaton","floor":33,"turns":11},{"damage":0,"enemies":"Orb Walker","floor":35,"turns":4},{"damage":9,"enemies":"3 Darklings","floor":36,"turns":6},{"damage":3,"enemies":"Maw","floor":37,"turns":8},{"damage":10,"enemies":"Writhing Mass","floor":39,"turns":7},{"damage":2,"enemies":"Jaw Worm Horde","floor":40,"turns":5},{"damage":0,"enemies":"Transient","floor":45,"turns":5},{"damage":3,"enemies":"Maw","floor":46,"turns":8},{"damage":0,"enemies":"Jaw Worm Horde","floor":47,"turns":6},{"damage":0,"enemies":"Spire Growth","floor":48,"turns":5},{"damage":38,"enemies":"Time Eater","floor":50,"turns":14}],"seed_played":"6644599981830881357","potions_obtained":[{"floor":3,"key":"GhostInAJar"},{"floor":5,"key":"Energy Potion"},{"floor":14,"key":"AttackPotion"},{"floor":16,"key":"Weak Potion"},{"floor":18,"key":"Poison Potion"},{"floor":21,"key":"Energy Potion"},{"floor":25,"key":"Weak Potion"},{"floor":27,"key":"EssenceOfSteel"},{"floor":31,"key":"GamblersBrew"},{"floor":35,"key":"Explosive Potion"},{"floor":39,"key":"EssenceOfSteel"},{"floor":40,"key":"Regen Potion"}],"is_trial":false,"path_per_floor":["M","M","M","?","M","R","E","R","T","M","?","M","$","M","R","B",null,"M","?","M","M","$","E","M","M","T","M","?","$","$","M","R","B",null,"M","M","M","$","M","M","R","?","T","R","M","M","M","M","R","B",null],"character_chosen":"THE_SILENT","items_purchased":["Apotheosis","After Image","Concentrate"],"campfire_rested":2,"item_purchase_floors":[13,29,38],"current_hp_per_floor":[70,68,66,66,58,58,18,39,46,46,46,45,45,38,61,59,77,77,77,75,73,73,71,60,52,52,42,30,30,30,30,30,26,77,77,68,65,65,55,53,53,53,53,53,53,50,50,50,50,27],"gold":395,"neow_bonus":"RANDOM_COMMON_RELIC","is_prod":false,"is_daily":false,"chose_seed":false,"campfire_upgraded":5,"win_rate":0,"timestamp":1561707441,"path_taken":["M","M","M","?","M","R","E","R","T","?","?","M","$","M","R","BOSS","M","?","M","M","$","E","M","M","T","M","?","?","$","M","R","BOSS","M","M","?","$","M","M","R","?","T","R","M","M","?","M","R","BOSS"],"build_version":"2019-01-23","purchased_purges":3,"victory":true,"max_hp_per_floor":[70,70,70,70,70,70,70,70,77,77,77,77,77,77,77,77,77,77,77,77,77,77,77,77,77,77,77,77,77,77,77,77,77,77,77,77,77,77,77,77,77,77,77,77,77,77,77,77,77,77],"card_choices":[{"not_picked":["Bane","Escape Plan"],"picked":"Well Laid Plans","floor":1},{"not_picked":["PiercingWail","Reflex"],"picked":"Slice","floor":2},{"not_picked":["Escape Plan","Dodge and Roll"],"picked":"Dagger Spray","floor":3},{"not_picked":["Bane","Eviscerate"],"picked":"Dagger Throw","floor":5},{"not_picked":["Deadly Poison","Finisher"],"picked":"Escape Plan","floor":7},{"not_picked":["Catalyst","Dodge and Roll"],"picked":"Acrobatics","floor":10},{"not_picked":["Setup","Concentrate"],"picked":"Dagger Spray","floor":12},{"not_picked":["Infinite Blades","Concentrate"],"picked":"After Image","floor":14},{"not_picked":["Envenom","Bullet Time"],"picked":"Night Terror","floor":16},{"not_picked":["Dodge and Roll+1","Blade Dance"],"picked":"Terror","floor":18},{"not_picked":["Sucker Punch","Poisoned Stab"],"picked":"Deadly Poison","floor":20},{"not_picked":["Infinite Blades","Flying Knee","Cloak And Dagger"],"picked":"SKIP","floor":21},{"not_picked":["Catalyst","Dagger Throw"],"picked":"Blur+1","floor":23},{"not_picked":["Acrobatics","Cloak And Dagger"],"picked":"Flying Knee","floor":24},{"not_picked":["Predator+1","Dodge and Roll+1"],"picked":"Quick Slash","floor":25},{"not_picked":["Poisoned Stab+1","Dodge and Roll"],"picked":"Distraction+1","floor":27},{"not_picked":["Dagger Spray+1","Doppelganger","Quick Slash"],"picked":"SKIP","floor":31},{"not_picked":["Phantasmal Killer","Glass Knife"],"picked":"After Image","floor":33},{"not_picked":["Flying Knee","Underhanded Strike+1","Deflect"],"picked":"SKIP","floor":35},{"not_picked":["Distraction","Sucker Punch+1"],"picked":"Poisoned Stab","floor":36},{"not_picked":["Backstab","Underhanded Strike","Predator"],"picked":"SKIP","floor":37},{"not_picked":["Sucker Punch+1","Concentrate","Dodge and Roll+1"],"picked":"SKIP","floor":39},{"not_picked":["Infinite Blades","Sucker Punch"],"picked":"PiercingWail+1","floor":40},{"not_picked":["Predator","Eviscerate","Distraction+1"],"picked":"SKIP","floor":45},{"not_picked":["Predator","Eviscerate"],"picked":"Distraction+1","floor":45},{"not_picked":["Sucker Punch+1","Underhanded Strike+1","Flechettes+1"],"picked":"SKIP","floor":46},{"not_picked":["PiercingWail+1","Dagger Spray+1"],"picked":"Outmaneuver+1","floor":47},{"not_picked":["Heel Hook","Eviscerate+1"],"picked":"Adrenaline","floor":48}],"player_experience":505248,"relics_obtained":[{"floor":7,"key":"Oddly Smooth Stone"},{"floor":9,"key":"Strawberry"},{"floor":23,"key":"Happy Flower"},{"floor":26,"key":"Dream Catcher"},{"floor":43,"key":"Bag of Preparation"}],"event_choices":[{"cards_removed":["Strike_G"],"damage_healed":0,"gold_gain":0,"player_choice":"Offered Basic","damage_taken":0,"max_hp_gain":0,"max_hp_loss":0,"event_name":"Bonfire Elementals","floor":4,"gold_loss":0},{"cards_removed":["Strike_G"],"damage_healed":0,"gold_gain":0,"player_choice":"Purged","damage_taken":0,"max_hp_gain":0,"max_hp_loss":0,"event_name":"Purifier","floor":11,"gold_loss":0},{"damage_healed":0,"gold_gain":0,"player_choice":"Obtained Relic","damage_taken":0,"relics_obtained":["Pen Nib"],"max_hp_gain":0,"max_hp_loss":0,"event_name":"Addict","floor":19,"gold_loss":85},{"damage_healed":0,"gold_gain":0,"player_choice":"Fight","damage_taken":0,"max_hp_gain":0,"max_hp_loss":0,"event_name":"Colosseum","floor":28,"gold_loss":0},{"damage_healed":0,"gold_gain":0,"player_choice":"Fled From Nobs","damage_taken":0,"max_hp_gain":0,"max_hp_loss":0,"event_name":"Colosseum","floor":28,"gold_loss":0},{"damage_healed":0,"gold_gain":300,"player_choice":"Gold","damage_taken":0,"max_hp_gain":0,"max_hp_loss":0,"event_name":"Wheel of Change","floor":42,"gold_loss":0}],"is_beta":false,"boss_relics":[{"not_picked":["Runic Dome","HoveringKite"],"picked":"Coffee Dripper"},{"not_picked":["Calling Bell","Snecko Eye"],"picked":"Runic Pyramid"}],"items_purged_floors":[22,29,38],"is_endless":false,"potions_floor_spawned":[3,5,14,16,18,21,25,27,31,35,39,40],"ascension_level":0}