{"gold_per_floor":[369,385,397,469,186,186,217,217,294,444,444,444],"floor_reached":12,"playtime":287,"items_purged":[],"score":144,"play_id":"a2cd9509-e58a-4b43-a0fc-fd6ab34fdacb","local_time":"20190615171341","is_ascension_mode":true,"campfire_choices":[{"data":"True Grit","floor":6,"key":"SMITH"},{"data":"Feel No Pain","floor":11,"key":"SMITH"}],"neow_cost":"TEN_PERCENT_HP_LOSS","seed_source_timestamp":239066592720914,"circlet_count":0,"master_deck":["AscendersBane","Strike_R","Strike_R","Strike_R","Strike_R","Defend_R","Defend_R","Defend_R","Defend_R","Bash","Headbutt","Flex","True Grit+1","Feel No Pain+1","Doubt"],"relics":["Burning Blood","Blue Candle","Meat on the Bone","Boot","Shuriken"],"potions_floor_usage":[12],"damage_taken":[{"damage":12,"enemies":"Cultist","floor":1,"turns":5},{"damage":4,"enemies":"Small Slimes","floor":2,"turns":4},{"damage":0,"enemies":"2 Louse","floor":3,"turns":2},{"damage":39,"enemies":"Gremlin Nob","floor":7,"turns":4},{"damage":56,"enemies":"Lagavulin","floor":12,"turns":7}],"seed_played":"-7641686487386441500","potions_obtained":[{"floor":7,"key":"FearPotion"}],"is_trial":false,"path_per_floor":["M","M","M","T","$","R","E","?","T","?","R","E"],"character_chosen":"IRONCLAD","items_purchased":["Meat on the Bone"],"campfire_rested":0,"item_purchase_floors":[5],"current_hp_per_floor":[62,64,68,68,68,68,47,40,40,40,40,0],"gold":444,"neow_bonus":"TWO_FIFTY_GOLD","is_prod":false,"is_daily":false,"chose_seed":false,"campfire_upgraded":2,"win_rate":0,"timestamp":1560644021,"path_taken":["M","?","M","?","$","R","E","?","T","?","R","E"],"build_version":"2019-01-23","purchased_purges":0,"victory":false,"max_hp_per_floor":[68,68,68,68,68,68,68,68,68,68,68,68],"card_choices":[{"not_picked":["Armaments","Iron Wave"],"picked":"Headbutt","floor":1},{"not_picked":["Perfected Strike","Havoc"],"picked":"Flex","floor":2},{"not_picked":["Clash","Perfected Strike"],"picked":"True Grit","floor":3},{"not_picked":["Warcry","Entrench"],"picked":"Feel No Pain","floor":7}],"player_experience":1012350,"relics_obtained":[{"floor":4,"key":"Blue Candle"},{"floor":7,"key":"Boot"},{"floor":9,"key":"Shuriken"}],"event_choices":[{"cards_removed":["Strike_R"],"damage_healed":0,"gold_gain":0,"player_choice":"Card Removal","damage_taken":7,"max_hp_gain":0,"max_hp_loss":0,"event_name":"Golden Wing","floor":8,"gold_loss":0},{"damage_healed":0,"gold_gain":150,"player_choice":"AGREE","damage_taken":0,"max_hp_gain":0,"max_hp_loss":0,"event_name":"Liars Game","floor":10,"gold_loss":0,"cards_obtained":["Doubt"]}],"is_beta":false,"boss_relics":[],"items_purged_floors":[],"is_endless":false,"potions_floor_spawned":[7],"killed_by":"Lagavulin","ascension_level":18}