{"gold_per_floor":[115,115,132,142,158,158,184,184,184,195,195,34,49,49,49,153,153,172,191,39,55,71,71,97,113,140,140,140,68,68],"floor_reached":30,"playtime":1194,"items_purged":["Strike_R"],"score":277,"play_id":"0ce7f269-500d-4337-a2a5-71cb1eabb43a","local_time":"20190701175528","is_ascension_mode":true,"campfire_choices":[{"data":"Shrug It Off","floor":6,"key":"SMITH"},{"data":"Thunderclap","floor":8,"key":"SMITH"},{"data":"Infernal Blade","floor":11,"key":"SMITH"},{"data":"Blood for Blood","floor":15,"key":"SMITH"},{"data":"Shrug It Off","floor":23,"key":"SMITH"},{"data":"Rampage","floor":28,"key":"SMITH"}],"neow_cost":"NONE","seed_source_timestamp":1274953242294254,"circlet_count":0,"master_deck":["Strike_R","Defend_R","Defend_R","Defend_R","Defend_R","Bash","Thunderclap+1","Shrug It Off+1","Headbutt","Infernal Blade+1","Shrug It Off+1","Headbutt","Blood for Blood+1","Reaper","Rampage+1","Shrug It Off","Metallicize"],"relics":["Burning Blood","Dodecahedron","Ornamental Fan","Paper Frog","Empty Cage","Dead Branch","PreservedInsect"],"potions_floor_usage":[5,7,7,21,21,25,30],"damage_taken":[{"damage":4,"enemies":"2 Louse","floor":1,"turns":3},{"damage":11,"enemies":"Cultist","floor":3,"turns":4},{"damage":6,"enemies":"Jaw Worm","floor":4,"turns":5},{"damage":28,"enemies":"Exordium Thugs","floor":5,"turns":3},{"damage":26,"enemies":"3 Sentries","floor":7,"turns":10},{"damage":8,"enemies":"Looter","floor":10,"turns":3},{"damage":0,"enemies":"Blue Slaver","floor":13,"turns":3},{"damage":43,"enemies":"Hexaghost","floor":16,"turns":10},{"damage":16,"enemies":"Spheric Guardian","floor":18,"turns":6},{"damage":36,"enemies":"Chosen","floor":19,"turns":7},{"damage":41,"enemies":"Centurion and Healer","floor":21,"turns":10},{"damage":20,"enemies":"Cultist and Chosen","floor":22,"turns":4},{"damage":55,"enemies":"Gremlin Leader","floor":24,"turns":10},{"damage":6,"enemies":"Snecko","floor":25,"turns":4},{"damage":5,"enemies":"3 Cultists","floor":30,"turns":3}],"seed_played":"1379569235974345079","potions_obtained":[{"floor":1,"key":"BloodPotion"},{"floor":2,"key":"Swift Potion"},{"floor":2,"key":"LiquidBronze"},{"floor":19,"key":"Regen Potion"},{"floor":21,"key":"SpeedPotion"},{"floor":25,"key":"LiquidBronze"}],"is_trial":false,"path_per_floor":["M","?","M","M","M","R","E","R","T","M","R","$","M","?","R","B",null,"M","M","$","M","M","R","E","M","T","?","R","$","M"],"character_chosen":"IRONCLAD","items_purchased":["Shrug It Off","Headbutt","Good Instincts","Regen Potion","Metallicize"],"campfire_rested":0,"item_purchase_floors":[12,12,12,20,29],"current_hp_per_floor":[80,80,75,75,53,53,53,53,53,51,51,51,57,57,57,20,80,70,43,43,66,52,52,7,11,11,11,11,11,18],"gold":68,"neow_bonus":"REMOVE_CARD","is_prod":false,"is_daily":false,"chose_seed":false,"campfire_upgraded":6,"win_rate":0,"timestamp":1562028928,"path_taken":["M","?","?","M","M","R","E","R","T","M","R","$","M","?","R","BOSS","M","?","$","M","M","R","E","M","T","?","R","?","M"],"build_version":"2019-07-01","purchased_purges":1,"victory":false,"max_hp_per_floor":[80,80,80,80,80,80,80,80,80,80,80,80,80,80,80,80,80,80,80,80,80,80,80,80,80,80,80,80,80,80],"card_choices":[{"not_picked":["Battle Trance","Wild Strike"],"picked":"Thunderclap","floor":1},{"not_picked":["Iron Wave","Spot Weakness","Pummel"],"picked":"SKIP","floor":3},{"not_picked":["Dual Wield","Wild Strike"],"picked":"Shrug It Off","floor":4},{"not_picked":["Reckless Charge","Twin Strike"],"picked":"Headbutt","floor":5},{"not_picked":["Heavy Blade","Perfected Strike","Clash"],"picked":"SKIP","floor":7},{"not_picked":["Warcry","Iron Wave"],"picked":"Infernal Blade","floor":10},{"not_picked":["Bloodletting","Combust"],"picked":"Blood for Blood","floor":13},{"not_picked":["Berserk","Bludgeon"],"picked":"Reaper","floor":16},{"not_picked":["Fire Breathing","Sever Soul"],"picked":"Rampage","floor":18},{"not_picked":["Clothesline","Spot Weakness+1","Flex"],"picked":"SKIP","floor":19},{"not_picked":["Dropkick","Power Through+1","Headbutt"],"picked":"SKIP","floor":21},{"not_picked":["Entrench","Warcry","Second Wind+1"],"picked":"SKIP","floor":22},{"not_picked":["Reaper","Spot Weakness","Headbutt"],"picked":"SKIP","floor":24},{"not_picked":["Anger","Fire Breathing"],"picked":"Shrug It Off","floor":25}],"player_experience":59476,"relics_obtained":[{"floor":7,"key":"Dodecahedron"},{"floor":9,"key":"Ornamental Fan"},{"floor":24,"key":"Dead Branch"},{"floor":26,"key":"PreservedInsect"}],"event_choices":[{"damage_healed":0,"gold_gain":0,"player_choice":"Got Potions","damage_taken":0,"max_hp_gain":0,"max_hp_loss":0,"event_name":"Lab","floor":2,"gold_loss":0},{"cards_removed":["Good Instincts"],"damage_healed":0,"gold_gain":0,"player_choice":"Gave Card","damage_taken":0,"relics_obtained":["Paper Frog"],"max_hp_gain":0,"max_hp_loss":0,"event_name":"WeMeetAgain","floor":14,"gold_loss":0},{"damage_healed":0,"gold_gain":0,"player_choice":"Ignored","damage_taken":0,"max_hp_gain":0,"max_hp_loss":0,"event_name":"Ghosts","floor":27,"gold_loss":0}],"is_beta":false,"boss_relics":[{"not_picked":["Lizard Tail","Calling Bell"],"picked":"Empty Cage"}],"items_purged_floors":[20],"is_endless":false,"potions_floor_spawned":[1,4,5,19,21,25],"killed_by":"3 Cultists","ascension_level":2}