{"gold_per_floor":[112,25,25,25,25,55,55,66,147,179,179,208,208,236,236,236],"floor_reached":16,"playtime":350,"items_purged":[],"score":348,"play_id":"e3f4d7e0-937b-47df-b9e5-9684bd5d1852","local_time":"20190620222208","is_ascension_mode":true,"campfire_choices":[{"data":"Beam Cell","floor":7,"key":"SMITH"},{"data":"Zap","floor":13,"key":"SMITH"},{"data":"Defragment","floor":15,"key":"SMITH"}],"neow_cost":"NONE","seed_source_timestamp":598899196512594,"circlet_count":0,"master_deck":["AscendersBane","Strike_B","Strike_B+1","Strike_B","Strike_B","Defend_B","Defend_B","Defend_B","Defend_B","Zap+1","Dualcast","Beam Cell+1","Sunder+1","Ball Lightning","Genetic Algorithm","Auto Shields","Defragment+1"],"relics":["Cracked Core","NeowsBlessing","Incense Burner","Bottled Lightning","Anchor","FossilizedHelix","Bag of Preparation"],"potions_floor_usage":[14],"damage_taken":[{"damage":0,"enemies":"Small Slimes","floor":1,"turns":1},{"damage":0,"enemies":"Lagavulin","floor":6,"turns":1},{"damage":0,"enemies":"2 Louse","floor":8,"turns":1},{"damage":8,"enemies":"Gremlin Nob","floor":10,"turns":3},{"damage":15,"enemies":"Lagavulin","floor":12,"turns":4},{"damage":0,"enemies":"Gremlin Nob","floor":14,"turns":3},{"damage":30,"enemies":"Hexaghost","floor":16,"turns":8}],"seed_played":"1893917738571303802","potions_obtained":[{"floor":8,"key":"AttackPotion"}],"is_trial":false,"path_per_floor":["M","$","?","?","$","E","R","M","T","E","?","E","R","E","R","B"],"character_chosen":"DEFECT","items_purchased":["Sunder"],"campfire_rested":0,"item_purchase_floors":[2],"current_hp_per_floor":[64,64,69,46,46,46,46,46,46,38,38,23,23,23,23,0],"gold":236,"neow_bonus":"THREE_ENEMY_KILL","is_prod":false,"is_daily":false,"chose_seed":false,"campfire_upgraded":3,"win_rate":0,"timestamp":1561083728,"path_taken":["M","$","?","?","$","E","R","M","T","E","?","E","R","E","R","BOSS"],"build_version":"2019-01-23","purchased_purges":0,"victory":false,"max_hp_per_floor":[71,71,76,76,76,76,76,76,76,76,76,76,76,76,76,76],"card_choices":[{"not_picked":["Redo","Loop"],"picked":"Beam Cell","floor":1},{"not_picked":["Gash","Tempest","Turbo"],"picked":"SKIP","floor":6},{"not_picked":["Gash","Static Discharge"],"picked":"Ball Lightning","floor":8},{"not_picked":["Ball Lightning","Redo"],"picked":"Genetic Algorithm","floor":10},{"not_picked":["Stack","Fission"],"picked":"Auto Shields","floor":12},{"not_picked":["Streamline","Double Energy"],"picked":"Defragment","floor":14}],"player_experience":946302,"relics_obtained":[{"floor":6,"key":"Incense Burner"},{"floor":9,"key":"Bottled Lightning"},{"floor":10,"key":"Anchor"},{"floor":12,"key":"FossilizedHelix"},{"floor":14,"key":"Bag of Preparation"}],"event_choices":[{"damage_healed":0,"gold_gain":0,"player_choice":"Donut","damage_taken":0,"max_hp_gain":5,"max_hp_loss":0,"event_name":"Big Fish","floor":3,"gold_loss":0},{"damage_healed":0,"gold_gain":0,"player_choice":"Entered Light","damage_taken":23,"max_hp_gain":0,"max_hp_loss":0,"event_name":"Shining Light","floor":4,"gold_loss":0,"cards_upgraded":["Strike_B","Sunder"]},{"damage_healed":0,"gold_gain":0,"player_choice":"Ignored","damage_taken":0,"max_hp_gain":0,"max_hp_loss":0,"event_name":"Liars Game","floor":11,"gold_loss":0}],"is_beta":false,"boss_relics":[],"items_purged_floors":[],"is_endless":false,"potions_floor_spawned":[8],"killed_by":"Hexaghost","ascension_level":20}