{"gold_per_floor":[111,111,111,111,126,126,153,117,117,152,168,168,186,36,36,112,112,131,131,164,189,189,189,204,204,272,78,78,78,89,122,122,122],"floor_reached":33,"playtime":879,"items_purged":[],"score":567,"play_id":"49c5f285-0d4e-4ef7-9d38-edf99a791045","local_time":"20181120223122","is_ascension_mode":true,"campfire_choices":[{"data":"Whirlwind","floor":6,"key":"SMITH"},{"floor":12,"key":"REST"},{"data":"True Grit","floor":15,"key":"SMITH"},{"floor":23,"key":"REST"},{"floor":28,"key":"REST"},{"floor":32,"key":"REST"}],"neow_cost":"NONE","seed_source_timestamp":16979920685733,"circlet_count":0,"master_deck":["AscendersBane","Strike_R+1","Strike_R+1","Defend_R","Defend_R","Defend_R","Defend_R","Bash+1","Headbutt+1","Whirlwind+1","Spot Weakness","Feed+1","Inflame","Twin Strike+1","Headbutt+1","Headbutt+1","True Grit+1","Reaper+1","Armaments","Corruption","Shrug It Off","Inflame","Armaments+1","RitualDagger+1","Armaments+1","Feed+1"],"relics":["Burning Blood","Bag of Marbles","Molten Egg 2","Dodecahedron","Letter Opener","Tiny Chest","Empty Cage","Red Mask","Blood Vial","Paper Frog","Toxic Egg 2","Whetstone","Centennial Puzzle"],"potions_floor_usage":[7,20,30,31,33],"damage_taken":[{"damage":10,"enemies":"Small Slimes","floor":1,"turns":3},{"damage":2,"enemies":"Jaw Worm","floor":5,"turns":3},{"damage":13,"enemies":"3 Sentries","floor":7,"turns":3},{"damage":37,"enemies":"Gremlin Nob","floor":10,"turns":4},{"damage":0,"enemies":"2 Louse","floor":11,"turns":1},{"damage":3,"enemies":"Blue Slaver","floor":13,"turns":2},{"damage":0,"enemies":"Slime Boss","floor":16,"turns":4},{"damage":3,"enemies":"3 Byrds","floor":18,"turns":3},{"damage":79,"enemies":"Masked Bandits","floor":20,"turns":6},{"damage":30,"enemies":"Spheric Guardian","floor":24,"turns":5},{"damage":24,"enemies":"Snake Plant","floor":30,"turns":4},{"damage":44,"enemies":"Gremlin Leader","floor":31,"turns":8},{"damage":70,"enemies":"Collector","floor":33,"turns":5}],"seed_played":"1434345368641365982","potions_obtained":[{"floor":5,"key":"EssenceOfSteel"},{"floor":11,"key":"EssenceOfSteel"},{"floor":13,"key":"GamblersBrew"},{"floor":30,"key":"Energy Potion"},{"floor":31,"key":"Energy Potion"}],"is_trial":false,"path_per_floor":["M","?","?","?","M","R","E","$","T","E","M","R","M","$","R","B",null,"M","?","?","T","T","R","M","?","T","$","R","?","M","E","R","B"],"character_chosen":"IRONCLAD","items_purchased":["Inflame","True Grit","Tiny Chest","Whetstone","Armaments+1"],"campfire_rested":4,"item_purchase_floors":[8,14,14,27,27],"current_hp_per_floor":[64,64,49,74,75,75,68,68,68,37,43,65,72,72,72,82,83,87,87,19,19,19,46,24,24,24,24,51,45,40,16,44,0],"gold":122,"neow_bonus":"RANDOM_COMMON_RELIC","is_prod":false,"is_daily":false,"chose_seed":false,"campfire_upgraded":2,"win_rate":0,"timestamp":1542781882,"path_taken":["M","?","?","?","M","R","E","?","T","E","M","R","M","$","R","BOSS","M","?","?","?","?","R","?","?","T","$","R","?","M","E","R","BOSS"],"build_version":"2018-11-15","purchased_purges":0,"victory":false,"max_hp_per_floor":[75,75,75,75,75,75,75,75,75,75,75,75,79,79,79,83,83,87,87,91,91,91,91,91,91,91,91,91,91,91,95,95,95],"card_choices":[{"not_picked":["True Grit","Anger"],"picked":"Headbutt","floor":1},{"not_picked":["Heavy Blade","Iron Wave"],"picked":"Spot Weakness","floor":5},{"not_picked":["Wild Strike","Warcry"],"picked":"Feed","floor":7},{"not_picked":["Rage","Bloodletting"],"picked":"Twin Strike+1","floor":10},{"not_picked":["Thunderclap+1","Clash+1"],"picked":"Headbutt+1","floor":11},{"not_picked":["Entrench","Combust"],"picked":"Headbutt+1","floor":13},{"not_picked":["Berserk","Brutality"],"picked":"Reaper+1","floor":16},{"not_picked":["Pommel Strike+1","Combust"],"picked":"Armaments","floor":18},{"not_picked":["Perfected Strike+1","Headbutt+1"],"picked":"Shrug It Off","floor":20},{"not_picked":["Fire Breathing+1","Cleave+1"],"picked":"Inflame","floor":24},{"not_picked":["Pommel Strike+1","Body Slam+1"],"picked":"Armaments+1","floor":30},{"not_picked":["Perfected Strike+1","Wild Strike+1"],"picked":"Feed+1","floor":31}],"player_experience":811562,"relics_obtained":[{"floor":7,"key":"Molten Egg 2"},{"floor":9,"key":"Dodecahedron"},{"floor":10,"key":"Letter Opener"},{"floor":20,"key":"Red Mask"},{"floor":21,"key":"Blood Vial"},{"floor":22,"key":"Paper Frog"},{"floor":26,"key":"Toxic Egg 2"},{"floor":31,"key":"Centennial Puzzle"}],"event_choices":[{"damage_healed":0,"gold_gain":0,"cards_transformed":["Strike_R"],"player_choice":"Change","damage_taken":0,"max_hp_gain":0,"max_hp_loss":0,"event_name":"Living Wall","floor":2,"gold_loss":0,"cards_obtained":["Whirlwind"]},{"damage_healed":0,"gold_gain":0,"player_choice":"Entered Light","damage_taken":15,"max_hp_gain":0,"max_hp_loss":0,"event_name":"Shining Light","floor":3,"gold_loss":0,"cards_upgraded":["Strike_R","Headbutt"]},{"damage_healed":25,"gold_gain":0,"player_choice":"Banana","damage_taken":0,"max_hp_gain":0,"max_hp_loss":0,"event_name":"Big Fish","floor":4,"gold_loss":0},{"damage_healed":0,"gold_gain":0,"player_choice":"Read","damage_taken":0,"max_hp_gain":0,"max_hp_loss":0,"event_name":"The Library","floor":19,"gold_loss":0,"cards_obtained":["Corruption"]},{"damage_healed":0,"gold_gain":0,"player_choice":"Fought Bandits","damage_taken":0,"max_hp_gain":0,"max_hp_loss":0,"event_name":"Masked Bandits","floor":20,"gold_loss":0},{"damage_healed":0,"gold_gain":0,"player_choice":"Ignored","damage_taken":0,"max_hp_gain":0,"max_hp_loss":0,"event_name":"Beggar","floor":25,"gold_loss":0},{"damage_healed":0,"gold_gain":0,"player_choice":"Joined the Cult","damage_taken":6,"max_hp_gain":0,"max_hp_loss":0,"event_name":"Nest","floor":29,"gold_loss":0,"cards_obtained":["RitualDagger"]}],"is_beta":false,"boss_relics":[{"not_picked":["Fusion Hammer","Coffee Dripper"],"picked":"Empty Cage"}],"items_purged_floors":[],"is_endless":false,"potions_floor_spawned":[5,11,13,30,31],"killed_by":"Collector","ascension_level":14}