{"gold_per_floor":[111,122,136,155,165,165,177,102,102,62,62,62,75,75,75,75],"floor_reached":16,"playtime":674,"items_purged":["Strike_G"],"score":174,"play_id":"f8bb67a8-e5c7-4d48-9f07-3cba38fac8be","local_time":"20190608000353","is_ascension_mode":true,"campfire_choices":[{"floor":6,"key":"REST"},{"data":"A Thousand Cuts","floor":11,"key":"SMITH"},{"floor":15,"key":"REST"}],"neow_cost":"NONE","seed_source_timestamp":549611413346602,"circlet_count":0,"master_deck":["AscendersBane","Defend_G","Defend_G","Defend_G","Defend_G","Defend_G","Strike_G","Strike_G","Strike_G","Strike_G","Survivor","Neutralize","Quick Slash","Bouncing Flask","Escape Plan","Caltrops","A Thousand Cuts+1","Deflect","Noxious Fumes","Backflip"],"relics":["Ring of the Snake","Ornamental Fan","Toxic Egg 2"],"potions_floor_usage":[5,7,13,16],"damage_taken":[{"damage":1,"enemies":"Small Slimes","floor":1,"turns":5},{"damage":6,"enemies":"Jaw Worm","floor":2,"turns":5},{"damage":2,"enemies":"Cultist","floor":3,"turns":4},{"damage":30,"enemies":"Large Slime","floor":4,"turns":8},{"damage":8,"enemies":"2 Fungi Beasts","floor":5,"turns":4},{"damage":27,"enemies":"Exordium Wildlife","floor":7,"turns":8},{"damage":18,"enemies":"3 Louse","floor":13,"turns":5},{"damage":32,"enemies":"Slime Boss","floor":16,"turns":9}],"seed_played":"2298772545218821117","potions_obtained":[{"floor":2,"key":"Regen Potion"},{"floor":4,"key":"SteroidPotion"},{"floor":7,"key":"GamblersBrew"},{"floor":13,"key":"Swift Potion"}],"is_trial":false,"path_per_floor":["M","M","M","M","M","R","M","$","T","$","R","?","M","T","R","B"],"character_chosen":"THE_SILENT","items_purchased":["Noxious Fumes"],"campfire_rested":2,"item_purchase_floors":[10],"current_hp_per_floor":[64,58,56,26,18,39,27,27,27,27,27,27,9,9,30,0],"gold":75,"neow_bonus":"TEN_PERCENT_HP_BONUS","is_prod":false,"is_daily":false,"chose_seed":false,"campfire_upgraded":1,"win_rate":0,"timestamp":1559977433,"path_taken":["M","M","M","M","M","R","M","$","T","$","R","?","M","?","R","BOSS"],"build_version":"2019-01-23","purchased_purges":1,"victory":false,"max_hp_per_floor":[72,72,72,72,72,72,72,72,72,72,72,72,72,72,72,72],"card_choices":[{"not_picked":["Underhanded Strike","Cloak And Dagger"],"picked":"Quick Slash","floor":1},{"not_picked":["Masterful Stab","Prepared"],"picked":"Bouncing Flask","floor":2},{"not_picked":["Underhanded Strike","Blade Dance"],"picked":"Escape Plan","floor":3},{"not_picked":["PiercingWail","Outmaneuver"],"picked":"Caltrops","floor":4},{"not_picked":["Dagger Spray","Backstab"],"picked":"A Thousand Cuts","floor":5},{"not_picked":["Backflip","Cloak And Dagger"],"picked":"Deflect","floor":7},{"not_picked":["Deadly Poison","Bouncing Flask"],"picked":"Backflip","floor":13}],"player_experience":981433,"relics_obtained":[{"floor":9,"key":"Ornamental Fan"},{"floor":14,"key":"Toxic Egg 2"}],"event_choices":[{"damage_healed":0,"gold_gain":0,"player_choice":"Ignored","damage_taken":0,"max_hp_gain":0,"max_hp_loss":0,"event_name":"Golden Wing","floor":12,"gold_loss":0}],"is_beta":false,"boss_relics":[],"items_purged_floors":[8],"is_endless":false,"potions_floor_spawned":[2,4,7,13],"killed_by":"Slime Boss","ascension_level":17}