{"gold_per_floor":[114,39,39,39,51,51,81,81,81,109,109,128,140,160,160,234,234,219,29,0,0,10,10,26,26,53,73,84,84,84,100,100,175,175,194,594,594,510,528,538,555,566,620,620,620,620],"floor_reached":46,"playtime":2781,"items_purged":[],"score":823,"play_id":"e327ef75-83ab-4c1d-acdc-4482b8d62f9c","local_time":"20190605214121","is_ascension_mode":true,"campfire_choices":[{"data":"Defragment","floor":6,"key":"SMITH"},{"data":"Self Repair","floor":8,"key":"SMITH"},{"data":"Go for the Eyes","floor":11,"key":"SMITH"},{"data":"Defend_B","floor":15,"key":"SMITH"},{"data":"Beam Cell","floor":23,"key":"SMITH"},{"data":"BootSequence","floor":25,"key":"SMITH"},{"data":"Undo","floor":30,"key":"SMITH"},{"data":"Biased Cognition","floor":32,"key":"SMITH"},{"floor":44,"key":"REST"}],"neow_cost":"NONE","seed_source_timestamp":366146771877225,"circlet_count":0,"master_deck":["AscendersBane","Strike_B","Strike_B","Strike_B","Strike_B","Defend_B+1","Defend_B","Defend_B","Zap","Dualcast","Compile Driver","Self Repair+1","Defragment+1","BootSequence+1","Go for the Eyes+1","Chill","Ball Lightning","Biased Cognition+1","Conserve Battery","Beam Cell+1","Compile Driver","Undo+1","Skim","Echo Form","Conserve Battery","Cold Snap","White Noise"],"relics":["Cracked Core","NeowsBlessing","Pear","Omamori","Shuriken","Pen Nib","Cursed Key","DataDisk","Ancient Tea Set","Fusion Hammer","Old Coin","Bag of Marbles"],"potions_floor_usage":[10,16,24,27,33,33,41,41],"damage_taken":[{"damage":0,"enemies":"Cultist","floor":1,"turns":1},{"damage":0,"enemies":"Small Slimes","floor":5,"turns":1},{"damage":0,"enemies":"3 Sentries","floor":7,"turns":1},{"damage":38,"enemies":"Gremlin Nob","floor":10,"turns":4},{"damage":0,"enemies":"2 Louse","floor":12,"turns":2},{"damage":13,"enemies":"Large Slime","floor":13,"turns":6},{"damage":14,"enemies":"3 Louse","floor":14,"turns":4},{"damage":44,"enemies":"Slime Boss","floor":16,"turns":11},{"damage":11,"enemies":"2 Thieves","floor":18,"turns":5},{"damage":0,"enemies":"Chosen","floor":22,"turns":3},{"damage":14,"enemies":"Snake Plant","floor":24,"turns":4},{"damage":11,"enemies":"Snecko","floor":27,"turns":4},{"damage":4,"enemies":"Centurion and Healer","floor":28,"turns":7},{"damage":15,"enemies":"Snake Plant","floor":31,"turns":4},{"damage":3,"enemies":"Collector","floor":33,"turns":11},{"damage":47,"enemies":"3 Darklings","floor":35,"turns":7},{"damage":13,"enemies":"Mind Bloom Boss Battle","floor":36,"turns":7},{"damage":0,"enemies":"Orb Walker","floor":39,"turns":5},{"damage":21,"enemies":"4 Shapes","floor":40,"turns":6},{"damage":37,"enemies":"Jaw Worm Horde","floor":41,"turns":5},{"damage":7,"enemies":"Maw","floor":42,"turns":8},{"damage":73,"enemies":"Reptomancer","floor":46,"turns":5}],"seed_played":"-4315208904848030728","potions_obtained":[{"floor":1,"key":"GamblersBrew"},{"floor":12,"key":"PowerPotion"},{"floor":14,"key":"Ancient Potion"},{"floor":21,"key":"Weak Potion"},{"floor":28,"key":"SteroidPotion"},{"floor":31,"key":"SkillPotion"},{"floor":36,"key":"Dexterity Potion"}],"is_trial":false,"path_per_floor":["M","$","?","?","M","R","E","R","T","E","R","M","M","M","R","B",null,"M","$","?","?","M","R","M","R","T","M","M","?","R","M","R","B",null,"M","?","?","$","M","M","M","M","T","R","?","E"],"character_chosen":"DEFECT","items_purchased":["Self Repair","DataDisk","Conserve Battery","Regen Potion"],"campfire_rested":1,"item_purchase_floors":[2,19,19,38],"current_hp_per_floor":[64,64,74,74,74,74,74,74,74,46,46,56,53,49,49,15,65,64,64,64,64,74,74,70,70,70,69,75,75,75,70,70,77,80,43,40,40,40,60,39,36,49,49,73,73,0],"gold":620,"neow_bonus":"THREE_ENEMY_KILL","is_prod":false,"is_daily":false,"chose_seed":false,"campfire_upgraded":8,"win_rate":0,"timestamp":1559796081,"path_taken":["M","$","?","?","M","R","E","R","T","E","R","M","M","M","R","BOSS","M","$","?","?","M","R","?","R","T","M","M","?","R","M","R","BOSS","M","?","?","$","M","M","M","M","T","R","?","E"],"build_version":"2019-01-23","purchased_purges":0,"victory":false,"max_hp_per_floor":[71,71,81,81,81,81,81,81,81,81,81,81,81,81,81,81,81,81,81,81,81,81,81,81,81,81,81,81,81,81,81,81,81,81,81,81,81,81,81,81,81,81,81,81,81,81],"card_choices":[{"not_picked":["Recycle","Coolheaded"],"picked":"Compile Driver","floor":1},{"not_picked":["Ball Lightning","Rebound"],"picked":"Defragment","floor":5},{"not_picked":["Steam","Storm"],"picked":"BootSequence","floor":7},{"not_picked":["Steam","BootSequence"],"picked":"Go for the Eyes","floor":10},{"not_picked":["Gash","Turbo"],"picked":"Chill","floor":12},{"not_picked":["Consume","Doom and Gloom"],"picked":"Ball Lightning","floor":13},{"not_picked":["Meteor Strike","Barrage","Steam"],"picked":"SKIP","floor":14},{"not_picked":["Creative AI","Amplify"],"picked":"Biased Cognition","floor":16},{"not_picked":["Redo","Hello World","Rebound"],"picked":"SKIP","floor":18},{"not_picked":["Compile Driver","Barrage"],"picked":"Beam Cell","floor":22},{"not_picked":["BootSequence+1","Ball Lightning"],"picked":"Compile Driver","floor":24},{"not_picked":["Genetic Algorithm","Rip and Tear","Go for the Eyes"],"picked":"SKIP","floor":27},{"not_picked":["Hello World","Darkness"],"picked":"Undo","floor":28},{"not_picked":["Genetic Algorithm+1","Barrage"],"picked":"Skim","floor":31},{"not_picked":["Core Surge","Rainbow"],"picked":"Echo Form","floor":33},{"not_picked":["Barrage","Sweeping Beam"],"picked":"Conserve Battery","floor":35},{"not_picked":["Genetic Algorithm","Storm"],"picked":"Cold Snap","floor":36},{"not_picked":["Redo","Streamline+1"],"picked":"White Noise","floor":39},{"not_picked":["Hologram","Stack","Chill"],"picked":"SKIP","floor":40},{"not_picked":["Steam","Stack","Sweeping Beam+1"],"picked":"SKIP","floor":41},{"not_picked":["Ball Lightning+1","Chill","Conserve Battery"],"picked":"SKIP","floor":42}],"player_experience":948982,"relics_obtained":[{"floor":7,"key":"Omamori"},{"floor":9,"key":"Shuriken"},{"floor":10,"key":"Pen Nib"},{"floor":26,"key":"Ancient Tea Set"},{"floor":36,"key":"Old Coin"},{"floor":43,"key":"Bag of Marbles"}],"event_choices":[{"damage_healed":0,"gold_gain":0,"player_choice":"Box","damage_taken":0,"relics_obtained":["Pear"],"max_hp_gain":0,"max_hp_loss":0,"event_name":"Big Fish","floor":3,"gold_loss":0,"cards_obtained":["Regret"]},{"cards_removed":["Regret"],"damage_healed":0,"gold_gain":0,"player_choice":"Forget","damage_taken":0,"max_hp_gain":0,"max_hp_loss":0,"event_name":"Living Wall","floor":4,"gold_loss":0},{"damage_healed":0,"gold_gain":0,"player_choice":"Paid Fearfully","damage_taken":0,"max_hp_gain":0,"max_hp_loss":0,"event_name":"Masked Bandits","floor":20,"gold_loss":29},{"damage_healed":0,"gold_gain":0,"player_choice":"Got Potions","damage_taken":0,"max_hp_gain":0,"max_hp_loss":0,"event_name":"Lab","floor":21,"gold_loss":0},{"damage_healed":0,"gold_gain":0,"player_choice":"Ignored","damage_taken":0,"max_hp_gain":0,"max_hp_loss":0,"event_name":"Ghosts","floor":29,"gold_loss":0},{"damage_healed":0,"gold_gain":0,"player_choice":"Fight","damage_taken":0,"max_hp_gain":0,"max_hp_loss":0,"event_name":"MindBloom","floor":36,"gold_loss":0},{"damage_healed":0,"gold_gain":0,"player_choice":"Ignored","damage_taken":0,"max_hp_gain":0,"max_hp_loss":0,"event_name":"Mysterious Sphere","floor":37,"gold_loss":0},{"cards_removed":["Defend_B"],"damage_healed":0,"gold_gain":0,"player_choice":"Removed Skill","damage_taken":0,"max_hp_gain":0,"max_hp_loss":0,"event_name":"Falling","floor":45,"gold_loss":0}],"is_beta":false,"boss_relics":[{"not_picked":["Calling Bell","Astrolabe"],"picked":"Cursed Key"},{"not_picked":["Pandora\u0027s Box","Lizard Tail"],"picked":"Fusion Hammer"}],"items_purged_floors":[],"is_endless":false,"potions_floor_spawned":[1,12,14,22,28,31,36,39],"killed_by":"Reptomancer","ascension_level":16}