{"gold_per_floor":[20,30,30,43,43,43,74,74,74,74,92,118,150,48,48,127,127,145,145,145,70,84,84],"floor_reached":23,"playtime":898,"items_purged":[],"score":394,"play_id":"b26bc654-aafa-4740-89eb-69ea17c803be","local_time":"20190622142900","is_ascension_mode":true,"campfire_choices":[{"data":"Bash","floor":6,"key":"SMITH"},{"data":"Rampage","floor":8,"key":"SMITH"},{"data":"Disarm","floor":15,"key":"SMITH"}],"neow_cost":"NO_GOLD","seed_source_timestamp":68360132535713,"circlet_count":0,"master_deck":["AscendersBane","Bash+1","Reaper","Rampage+1","Disarm+1","Headbutt","Metallicize","True Grit+1","Spot Weakness+1","True Grit+1","Feed","Armaments+1","Sentinel+1","Fiend Fire","Burning Pact+1","Bludgeon","Double Tap+1","Berserk","Dual Wield+1","Feel No Pain","Intimidate+1","Entrench+1"],"relics":["Burning Blood","Calipers","Toxic Egg 2","Art of War","Strawberry","Pandora\u0027s Box","Regal Pillow"],"potions_floor_usage":[7,7,7,13,22],"damage_taken":[{"damage":6,"enemies":"Cultist","floor":1,"turns":3},{"damage":7,"enemies":"Jaw Worm","floor":2,"turns":4},{"damage":3,"enemies":"Small Slimes","floor":4,"turns":4},{"damage":24,"enemies":"Lagavulin","floor":7,"turns":6},{"damage":36,"enemies":"Exordium Wildlife","floor":11,"turns":7},{"damage":30,"enemies":"3 Sentries","floor":13,"turns":6},{"damage":5,"enemies":"Hexaghost","floor":16,"turns":9},{"damage":39,"enemies":"2 Thieves","floor":18,"turns":5},{"damage":26,"enemies":"3 Byrds","floor":22,"turns":9},{"damage":58,"enemies":"Book of Stabbing","floor":23,"turns":6}],"seed_played":"-5550215184058481830","potions_obtained":[{"floor":1,"key":"EssenceOfSteel"},{"floor":2,"key":"EntropicBrew"},{"floor":16,"key":"Ancient Potion"},{"floor":18,"key":"Strength Potion"}],"is_trial":false,"path_per_floor":["M","M","?","M","?","R","E","R","T","$","M","T","E","$","R","B",null,"M","?","?","?","M","E"],"character_chosen":"IRONCLAD","items_purchased":["Spot Weakness+1","True Grit+1"],"campfire_rested":0,"item_purchase_floors":[14,14],"current_hp_per_floor":[72,71,71,74,79,79,61,61,61,61,39,39,34,34,34,53,79,54,54,54,54,46,0],"gold":84,"neow_bonus":"THREE_RARE_CARDS","is_prod":false,"is_daily":false,"chose_seed":false,"campfire_upgraded":3,"win_rate":0,"timestamp":1561228140,"path_taken":["M","?","?","M","?","R","E","R","T","?","M","?","E","$","R","BOSS","M","?","?","?","?","E"],"build_version":"2019-01-23","purchased_purges":0,"victory":false,"max_hp_per_floor":[75,75,75,75,80,80,80,80,80,80,80,80,87,87,87,87,87,87,87,87,87,93,93],"card_choices":[{"not_picked":["Double Tap","Juggernaut"],"picked":"Reaper","floor":0},{"not_picked":["Reckless Charge","Shockwave"],"picked":"Rampage","floor":1},{"not_picked":["Flex","Flame Barrier"],"picked":"Disarm","floor":2},{"not_picked":["Clothesline","Havoc"],"picked":"Headbutt","floor":4},{"not_picked":["Searing Blow","True Grit"],"picked":"Metallicize","floor":7},{"not_picked":["Warcry+1","Reckless Charge"],"picked":"True Grit+1","floor":11},{"not_picked":["Clash","Headbutt","Flex+1"],"picked":"SKIP","floor":13},{"not_picked":["Demon Form","Bludgeon"],"picked":"Feed","floor":16},{"not_picked":["Thunderclap","Twin Strike"],"picked":"Intimidate+1","floor":18},{"not_picked":["Second Wind+1","Searing Blow+1"],"picked":"Entrench+1","floor":22}],"player_experience":959884,"relics_obtained":[{"floor":7,"key":"Calipers"},{"floor":9,"key":"Toxic Egg 2"},{"floor":12,"key":"Art of War"},{"floor":13,"key":"Strawberry"}],"event_choices":[{"damage_healed":0,"gold_gain":0,"player_choice":"Ignored","damage_taken":0,"max_hp_gain":0,"max_hp_loss":0,"event_name":"Liars Game","floor":3,"gold_loss":0},{"damage_healed":0,"gold_gain":0,"player_choice":"Donut","damage_taken":0,"max_hp_gain":5,"max_hp_loss":0,"event_name":"Big Fish","floor":5,"gold_loss":0},{"damage_healed":0,"gold_gain":0,"player_choice":"Ignored","damage_taken":0,"max_hp_gain":0,"max_hp_loss":0,"event_name":"Vampires","floor":19,"gold_loss":0},{"damage_healed":0,"gold_gain":0,"player_choice":"Opened","damage_taken":0,"relics_obtained":["Regal Pillow"],"max_hp_gain":0,"max_hp_loss":0,"event_name":"The Mausoleum","floor":20,"gold_loss":0,"cards_obtained":["Writhe"]},{"cards_removed":["Writhe"],"damage_healed":0,"gold_gain":0,"player_choice":"Gave Gold","damage_taken":0,"max_hp_gain":0,"max_hp_loss":0,"event_name":"Beggar","floor":21,"gold_loss":75}],"is_beta":false,"boss_relics":[{"not_picked":["Eternal Feather","Black Blood"],"picked":"Pandora\u0027s Box"}],"items_purged_floors":[],"is_endless":false,"potions_floor_spawned":[1,2,4,16,18],"killed_by":"Book of Stabbing","ascension_level":20}