{"gold_per_floor":[112,130,148,148,160,160,177,188,188,48,48,48,77,90,90,193,193,204,204,204,22,34,34,69,85,85,85,85,98,98,109,109,109],"floor_reached":33,"playtime":2792,"items_purged":[],"score":269,"play_id":"1646f270-ca37-4341-99c6-780986bcae8e","local_time":"20190127190608","is_ascension_mode":false,"campfire_choices":[{"data":"Flex","floor":6,"key":"SMITH"},{"data":"Reaper","floor":12,"key":"SMITH"},{"data":"Rampage","floor":15,"key":"SMITH"},{"floor":23,"key":"REST"},{"floor":30,"key":"REST"},{"floor":32,"key":"REST"}],"neow_cost":"NONE","seed_source_timestamp":805668400220615,"circlet_count":0,"master_deck":["Strike_R","Strike_R","Strike_R","Strike_R","Strike_R","Defend_R","Defend_R","Defend_R","Bash+1","Clash","Dual Wield","Iron Wave","Flex+1","Clash","Clash","Reaper+1","Shockwave","Rampage+1","Barricade","Headbutt","Decay","Apotheosis","Anger","Shrug It Off","Thunderclap+1","Dual Wield","Warcry+1"],"relics":["Burning Blood","Pear","Ancient Tea Set","Lizard Tail","Boot","Ornamental Fan","MutagenicStrength"],"potions_floor_usage":[16,16,25,29,33,33],"damage_taken":[{"damage":5,"enemies":"Small Slimes","floor":1,"turns":4},{"damage":1,"enemies":"Cultist","floor":2,"turns":4},{"damage":6,"enemies":"Jaw Worm","floor":3,"turns":2},{"damage":8,"enemies":"Lots of Slimes","floor":5,"turns":5},{"damage":17,"enemies":"Exordium Thugs","floor":7,"turns":4},{"damage":12,"enemies":"3 Louse","floor":8,"turns":2},{"damage":30,"enemies":"3 Sentries","floor":13,"turns":9},{"damage":9,"enemies":"2 Fungi Beasts","floor":14,"turns":3},{"damage":48,"enemies":"Hexaghost","floor":16,"turns":10},{"damage":33,"enemies":"Shell Parasite","floor":18,"turns":8},{"damage":40,"enemies":"Chosen","floor":22,"turns":7},{"damage":55,"enemies":"Book of Stabbing","floor":24,"turns":6},{"damage":46,"enemies":"Snake Plant","floor":25,"turns":5},{"damage":26,"enemies":"3 Cultists","floor":29,"turns":6},{"damage":18,"enemies":"Shelled Parasite and Fungi","floor":31,"turns":5},{"damage":104,"enemies":"Automaton","floor":33,"turns":6}],"seed_played":"-7693530660727953376","potions_obtained":[{"floor":1,"key":"Dexterity Potion"},{"floor":7,"key":"Swift Potion"},{"floor":8,"key":"Block Potion"},{"floor":13,"key":"Block Potion"},{"floor":22,"key":"Regen Potion"},{"floor":29,"key":"SkillPotion"},{"floor":31,"key":"AttackPotion"}],"is_trial":false,"path_per_floor":["M","M","M","?","M","R","M","M","T","$","?","R","E","M","R","B",null,"M","?","?","$","M","R","E","M","T","?","?","M","R","M","R","B"],"character_chosen":"IRONCLAD","items_purchased":["Reaper","Apotheosis"],"campfire_rested":3,"item_purchase_floors":[10,21],"current_hp_per_floor":[80,80,80,80,78,78,67,61,71,71,90,90,74,80,80,43,90,63,63,63,63,43,70,21,51,51,51,51,46,73,61,88,0],"gold":109,"neow_bonus":"UPGRADE_CARD","is_prod":false,"is_daily":false,"chose_seed":false,"campfire_upgraded":3,"win_rate":0.0,"timestamp":1548633968,"path_taken":["M","M","M","?","M","R","?","M","T","$","?","R","E","?","R","BOSS","M","?","?","$","M","R","E","M","T","?","?","M","R","M","R","BOSS"],"build_version":"2019-01-23","purchased_purges":0,"victory":false,"max_hp_per_floor":[80,80,80,80,80,80,80,80,90,90,90,90,90,90,90,90,90,90,90,90,90,90,90,90,90,90,90,90,90,90,90,90,90],"card_choices":[{"not_picked":["Combust","Heavy Blade"],"picked":"Clash","floor":1},{"not_picked":["Intimidate","Rupture"],"picked":"Seeing Red","floor":2},{"not_picked":["Sever Soul","Body Slam"],"picked":"Dual Wield","floor":3},{"not_picked":["Clothesline","Searing Blow"],"picked":"Flex","floor":5},{"not_picked":["Corruption","Spot Weakness"],"picked":"Clash","floor":7},{"not_picked":["Flex","Perfected Strike"],"picked":"Clash","floor":8},{"not_picked":["Whirlwind","Bludgeon"],"picked":"Shockwave","floor":13},{"not_picked":["Shockwave","Clothesline"],"picked":"Rampage","floor":14},{"not_picked":["Fiend Fire","Feed"],"picked":"Barricade","floor":16},{"not_picked":["Flex","True Grit+1"],"picked":"Headbutt","floor":18},{"not_picked":["Pummel+1","Dropkick"],"picked":"Anger","floor":22},{"not_picked":["Ghostly Armor","Anger+1"],"picked":"Shrug It Off","floor":24},{"not_picked":["Flex","Disarm"],"picked":"Thunderclap+1","floor":25},{"not_picked":["Sword Boomerang","Thunderclap"],"picked":"Dual Wield","floor":29},{"not_picked":["Dropkick","Anger"],"picked":"Warcry+1","floor":31}],"player_experience":23015,"relics_obtained":[{"floor":9,"key":"Pear"},{"floor":13,"key":"Ancient Tea Set"},{"floor":24,"key":"Boot"},{"floor":26,"key":"Ornamental Fan"}],"event_choices":[{"cards_removed":["Defend_R"],"damage_healed":0,"gold_gain":0,"player_choice":"Took Card","damage_taken":0,"max_hp_gain":0,"max_hp_loss":0,"event_name":"NoteForYourself","floor":4,"gold_loss":0,"cards_obtained":["Iron Wave"]},{"cards_removed":["Seeing Red"],"damage_healed":19,"gold_gain":0,"player_choice":"Offered Uncommon","damage_taken":0,"max_hp_gain":0,"max_hp_loss":0,"event_name":"Bonfire Elementals","floor":11,"gold_loss":0},{"damage_healed":0,"gold_gain":0,"player_choice":"Ignored","damage_taken":0,"max_hp_gain":0,"max_hp_loss":0,"event_name":"Beggar","floor":19,"gold_loss":0},{"damage_healed":0,"gold_gain":0,"player_choice":"Smashed Altar","damage_taken":0,"max_hp_gain":0,"max_hp_loss":0,"event_name":"Forgotten Altar","floor":20,"gold_loss":0,"cards_obtained":["Decay"]},{"damage_healed":0,"gold_gain":0,"player_choice":"Inject Mutagens","damage_taken":0,"relics_obtained":["MutagenicStrength"],"max_hp_gain":0,"max_hp_loss":0,"event_name":"Drug Dealer","floor":27,"gold_loss":0},{"damage_healed":0,"gold_gain":0,"player_choice":"Ignored","damage_taken":0,"max_hp_gain":0,"max_hp_loss":0,"event_name":"Ghosts","floor":28,"gold_loss":0}],"is_beta":false,"boss_relics":[{"not_picked":["Runic Pyramid","Eternal Feather"],"picked":"Lizard Tail"}],"items_purged_floors":[],"is_endless":false,"potions_floor_spawned":[1,7,8,13,22,29,31],"killed_by":"Automaton","ascension_level":0}