{"gold_per_floor":[114,114,124,124,143,143,174,174,200,250,268,302,312,330,330,330],"floor_reached":16,"playtime":678,"items_purged":[],"score":213,"play_id":"aea28c90-1025-4963-9d4e-ede7facec79d","local_time":"20190616113222","is_ascension_mode":true,"campfire_choices":[{"data":"Uppercut","floor":6,"key":"SMITH"},{"floor":8,"key":"REST"},{"floor":15,"key":"REST"}],"neow_cost":"NONE","seed_source_timestamp":304598155033951,"circlet_count":0,"master_deck":["AscendersBane","Strike_R","Strike_R","Strike_R","Strike_R","Strike_R","Defend_R","Defend_R","Defend_R+1","Defend_R","Bash","Uppercut+1","Twin Strike","Second Wind+1","Feel No Pain","Rampage","True Grit","Feed","Rampage"],"relics":["Burning Blood","Art of War","Lantern","War Paint"],"potions_floor_usage":[7,11,12],"damage_taken":[{"damage":6,"enemies":"Cultist","floor":1,"turns":3},{"damage":14,"enemies":"2 Louse","floor":3,"turns":2},{"damage":15,"enemies":"Small Slimes","floor":5,"turns":4},{"damage":37,"enemies":"Lagavulin","floor":7,"turns":7},{"damage":6,"enemies":"Exordium Wildlife","floor":11,"turns":3},{"damage":24,"enemies":"Gremlin Nob","floor":12,"turns":4},{"damage":10,"enemies":"2 Fungi Beasts","floor":13,"turns":3},{"damage":13,"enemies":"Red Slaver","floor":14,"turns":4},{"damage":44,"enemies":"Hexaghost","floor":16,"turns":9}],"seed_played":"6761887276109435138","potions_obtained":[{"floor":1,"key":"Ancient Potion"},{"floor":5,"key":"FearPotion"},{"floor":7,"key":"BloodPotion"},{"floor":11,"key":"Swift Potion"}],"is_trial":false,"path_per_floor":["M","?","M","?","M","R","E","R","T","?","M","E","M","M","R","B"],"character_chosen":"IRONCLAD","items_purchased":[],"campfire_rested":2,"item_purchase_floors":[],"current_hp_per_floor":[68,68,60,60,51,51,20,42,42,35,42,24,23,19,43,0],"gold":330,"neow_bonus":"ONE_RANDOM_RARE_CARD","is_prod":false,"is_daily":false,"chose_seed":false,"campfire_upgraded":1,"win_rate":0,"timestamp":1560709942,"path_taken":["M","?","M","?","?","R","E","R","T","?","M","E","?","M","R","BOSS"],"build_version":"2019-01-23","purchased_purges":0,"victory":false,"max_hp_per_floor":[75,75,75,75,75,75,75,75,75,75,75,75,78,81,81,81],"card_choices":[{"not_picked":["Iron Wave","Rupture"],"picked":"Uppercut","floor":1},{"not_picked":["Pommel Strike","Power Through"],"picked":"Second Wind","floor":3},{"not_picked":["Battle Trance","Thunderclap"],"picked":"Feel No Pain","floor":5},{"not_picked":["Clash","Pommel Strike"],"picked":"Rampage","floor":7},{"not_picked":["Headbutt","Warcry"],"picked":"True Grit","floor":11},{"not_picked":["Offering","Evolve"],"picked":"Feed","floor":12},{"not_picked":["Sword Boomerang","Fire Breathing","Armaments"],"picked":"SKIP","floor":13},{"not_picked":["Burning Pact","Clash"],"picked":"Rampage","floor":14}],"player_experience":1022943,"relics_obtained":[{"floor":7,"key":"Art of War"},{"floor":9,"key":"Lantern"},{"floor":12,"key":"War Paint"}],"event_choices":[{"damage_healed":0,"gold_gain":0,"cards_transformed":["Brutality"],"player_choice":"Change","damage_taken":0,"max_hp_gain":0,"max_hp_loss":0,"event_name":"Living Wall","floor":2,"gold_loss":0,"cards_obtained":["Twin Strike"]},{"damage_healed":0,"gold_gain":0,"player_choice":"0 cards matched","damage_taken":0,"max_hp_gain":0,"max_hp_loss":0,"event_name":"Match and Keep!","floor":4,"gold_loss":0,"cards_obtained":[]},{"damage_healed":0,"gold_gain":50,"player_choice":"Touch","damage_taken":7,"max_hp_gain":0,"max_hp_loss":0,"event_name":"FaceTrader","floor":10,"gold_loss":0}],"is_beta":false,"boss_relics":[],"items_purged_floors":[],"is_endless":false,"potions_floor_spawned":[1,5,7,11],"killed_by":"Hexaghost","ascension_level":18}