{"gold_per_floor":[112,123,135,135,146,146,181,181,181,181,131,131,150,150,150,255,255,275,289,302,320,245,245,264,264,264,44,70,88,88,98,98,98],"floor_reached":33,"playtime":1459,"items_purged":["Strike_B"],"score":319,"play_id":"41f59119-4165-447a-b116-c023718e7ed9","local_time":"20190701161235","is_ascension_mode":false,"campfire_choices":[{"data":"Loop","floor":6,"key":"SMITH"},{"data":"Redo","floor":8,"key":"SMITH"},{"data":"Zap","floor":10,"key":"SMITH"},{"data":"Dualcast","floor":12,"key":"SMITH"},{"data":"Sweeping Beam","floor":15,"key":"SMITH"},{"floor":23,"key":"REST"},{"data":"Self Repair","floor":25,"key":"SMITH"},{"data":"Loop","floor":32,"key":"SMITH"}],"neow_cost":"NONE","seed_source_timestamp":745089988733248,"circlet_count":0,"master_deck":["Strike_B","Strike_B","Defend_B","Defend_B","Defend_B","Zap+1","Dualcast+1","Biased Cognition","Static Discharge","Cold Snap","Lockon","Loop+1","Redo+1","Sweeping Beam+1","Biased Cognition","Ball Lightning","Redo+1","Rainbow","Leap+1","Self Repair+1","Loop+1","Force Field","Loop","Conserve Battery+1"],"relics":["Cracked Core","PreservedInsect","Blood Vial","Philosopher\u0027s Stone","Regal Pillow","Mummified Hand"],"potions_floor_usage":[7,7,18,19,24,29,33],"damage_taken":[{"damage":1,"enemies":"Cultist","floor":1,"turns":3},{"damage":0,"enemies":"2 Louse","floor":2,"turns":3},{"damage":0,"enemies":"Small Slimes","floor":3,"turns":2},{"damage":5,"enemies":"Looter","floor":5,"turns":3},{"damage":0,"enemies":"Gremlin Nob","floor":7,"turns":2},{"damage":2,"enemies":"Large Slime","floor":13,"turns":4},{"damage":33,"enemies":"Slime Boss","floor":16,"turns":8},{"damage":17,"enemies":"3 Byrds","floor":18,"turns":3},{"damage":7,"enemies":"Spheric Guardian","floor":19,"turns":3},{"damage":22,"enemies":"Shelled Parasite and Fungi","floor":20,"turns":4},{"damage":5,"enemies":"Sentry and Sphere","floor":21,"turns":4},{"damage":8,"enemies":"Chosen and Byrds","floor":24,"turns":4},{"damage":15,"enemies":"Book of Stabbing","floor":28,"turns":4},{"damage":5,"enemies":"Cultist and Chosen","floor":29,"turns":6},{"damage":16,"enemies":"Shelled Parasite and Fungi","floor":31,"turns":5},{"damage":60,"enemies":"Collector","floor":33,"turns":14}],"seed_played":"405963474922083847","potions_obtained":[{"floor":1,"key":"SteroidPotion"},{"floor":5,"key":"FearPotion"},{"floor":13,"key":"LiquidBronze"},{"floor":16,"key":"Poison Potion"},{"floor":19,"key":"Ancient Potion"},{"floor":21,"key":"Weak Potion"},{"floor":28,"key":"Regen Potion"},{"floor":31,"key":"EssenceOfSteel"}],"is_trial":false,"path_per_floor":["M","M","M","?","M","R","E","R","T","R","?","R","M","?","R","B",null,"M","M","M","M","$","R","M","R","T","$","E","M","?","M","R","B"],"character_chosen":"DEFECT","items_purchased":["Self Repair","Loop","Force Field"],"campfire_rested":1,"item_purchase_floors":[22,27,27],"current_hp_per_floor":[74,74,74,79,74,74,74,74,74,74,74,74,74,74,74,43,80,63,58,38,35,35,59,60,60,60,60,47,69,69,65,65,7],"gold":98,"neow_bonus":"ONE_RANDOM_RARE_CARD","is_prod":false,"is_daily":false,"chose_seed":false,"campfire_upgraded":7,"win_rate":0,"timestamp":1562022755,"path_taken":["M","M","M","?","M","R","E","R","T","R","?","R","M","?","R","BOSS","M","M","?","M","$","R","M","R","T","$","E","M","?","M","R","BOSS"],"build_version":"2019-01-23","purchased_purges":1,"victory":false,"max_hp_per_floor":[75,75,75,80,80,80,80,80,80,80,80,80,80,80,80,80,80,80,80,80,80,80,80,80,80,80,80,80,80,80,80,80,80],"card_choices":[{"not_picked":["Doom and Gloom","Barrage"],"picked":"Static Discharge","floor":1},{"not_picked":["Go for the Eyes","Stack"],"picked":"Cold Snap","floor":2},{"not_picked":["Leap","Rebound"],"picked":"Lockon","floor":3},{"not_picked":["Scrape","Barrage"],"picked":"Loop","floor":5},{"not_picked":["Scrape","Streamline"],"picked":"Redo","floor":7},{"not_picked":["Streamline","Chill"],"picked":"Sweeping Beam","floor":13},{"not_picked":["Meteor Strike","All For One"],"picked":"Biased Cognition","floor":16},{"not_picked":["Scrape+1","Steam"],"picked":"Ball Lightning","floor":18},{"not_picked":["Ball Lightning","Chill"],"picked":"Redo+1","floor":19},{"not_picked":["Leap+1","Blizzard"],"picked":"Rainbow","floor":20},{"not_picked":["Rebound","Redo"],"picked":"Leap+1","floor":21},{"not_picked":["Hologram","Compile Driver","Genetic Algorithm"],"picked":"SKIP","floor":24},{"not_picked":["Coolheaded","Reboot"],"picked":"Loop","floor":28},{"not_picked":["Go for the Eyes","Gash"],"picked":"Conserve Battery+1","floor":29},{"not_picked":["Rebound","Beam Cell","Leap"],"picked":"SKIP","floor":31}],"player_experience":580395,"relics_obtained":[{"floor":7,"key":"PreservedInsect"},{"floor":9,"key":"Blood Vial"},{"floor":26,"key":"Regal Pillow"},{"floor":28,"key":"Mummified Hand"}],"event_choices":[{"damage_healed":0,"gold_gain":0,"player_choice":"Donut","damage_taken":0,"max_hp_gain":5,"max_hp_loss":0,"event_name":"Big Fish","floor":4,"gold_loss":0},{"cards_removed":["Strike_B"],"damage_healed":0,"gold_gain":0,"player_choice":"Card Removal","damage_taken":0,"max_hp_gain":0,"max_hp_loss":0,"event_name":"The Cleric","floor":11,"gold_loss":50},{"damage_healed":0,"gold_gain":0,"player_choice":"Ignored","damage_taken":0,"max_hp_gain":0,"max_hp_loss":0,"event_name":"NoteForYourself","floor":14,"gold_loss":0},{"cards_removed":["Defend_B"],"damage_healed":0,"gold_gain":0,"player_choice":"Elegance","damage_taken":0,"max_hp_gain":0,"max_hp_loss":0,"event_name":"Back to Basics","floor":30,"gold_loss":0}],"is_beta":false,"boss_relics":[{"not_picked":["Velvet Choker","Snecko Eye"],"picked":"Philosopher\u0027s Stone"}],"items_purged_floors":[27],"is_endless":false,"potions_floor_spawned":[1,5,13,16,19,21,28,31],"killed_by":"Collector","ascension_level":0}