{"gold_per_floor":[109,109,12,12,29,63,63,74,74,74,28,28,59,77,77,172,172,184,184,31,50,76,76,86,31,31,60,60,92,124,146,158,275,287,318,344,369,392,46,46,65,165,165,165,131,131,143,365,365,365],"floor_reached":51,"playtime":3991,"items_purged":[],"score":795,"play_id":"38d28897-2344-4994-9d6d-1df71d5bfb20","local_time":"20190629053217","is_ascension_mode":false,"campfire_choices":[{"data":"Hello World","floor":7,"key":"SMITH"},{"data":"Redo","floor":15,"key":"SMITH"},{"data":"White Noise","floor":23,"key":"SMITH"},{"data":"Defragment","floor":28,"key":"SMITH"},{"floor":32,"key":"REST"},{"data":"Enlightenment","floor":40,"key":"SMITH"},{"data":"Glacier","floor":44,"key":"SMITH"},{"data":"White Noise","floor":46,"key":"SMITH"},{"data":"Force Field","floor":49,"key":"SMITH"}],"neow_cost":"NONE","seed_source_timestamp":1054763745734847,"circlet_count":0,"master_deck":["Defend_B","Defend_B","Defend_B","Defend_B","Dualcast","Ball Lightning","Hologram","Cold Snap","Defragment+1","Hello World+1","Ball Lightning","Cold Snap","Hologram","Redo+1","Amplify+1","Fission+1","Skim+1","Streamline","Thunder Strike+1","Capacitor+1","White Noise+1","Gash","Force Field+1","Gash","Chaos+1","Blizzard+1","Beam Cell+1","Storm+1","Biased Cognition+1","Glacier+1","Gash","Capacitor+1","Parasite","Electrodynamics+1","BootSequence","Defragment+1","Enlightenment+1","Leap+1","Undo","White Noise+1","Gash"],"relics":["Cracked Core","Blood Vial","Frozen Egg 2","Incense Burner","Happy Flower","Astrolabe","Red Mask","Shuriken","Vajra","Centennial Puzzle","MawBank","Black Star","Whetstone","Mango","Boot"],"potions_floor_usage":[6,13,16,22,29,33,36,38,41],"damage_taken":[{"damage":7,"enemies":"Jaw Worm","floor":1,"turns":6},{"damage":0,"enemies":"2 Louse","floor":5,"turns":3},{"damage":16,"enemies":"Gremlin Nob","floor":6,"turns":4},{"damage":1,"enemies":"Cultist","floor":8,"turns":3},{"damage":0,"enemies":"Lagavulin","floor":13,"turns":5},{"damage":0,"enemies":"Looter","floor":14,"turns":2},{"damage":4,"enemies":"Slime Boss","floor":16,"turns":10},{"damage":6,"enemies":"Chosen","floor":18,"turns":4},{"damage":5,"enemies":"Shell Parasite","floor":21,"turns":7},{"damage":15,"enemies":"Masked Bandits","floor":22,"turns":5},{"damage":7,"enemies":"Shelled Parasite and Fungi","floor":24,"turns":9},{"damage":35,"enemies":"Slavers","floor":27,"turns":5},{"damage":0,"enemies":"Book of Stabbing","floor":29,"turns":7},{"damage":0,"enemies":"Snecko","floor":30,"turns":4},{"damage":5,"enemies":"Sentry and Sphere","floor":31,"turns":4},{"damage":33,"enemies":"Champ","floor":33,"turns":7},{"damage":9,"enemies":"3 Darklings","floor":35,"turns":2},{"damage":13,"enemies":"Orb Walker","floor":36,"turns":3},{"damage":10,"enemies":"4 Shapes","floor":37,"turns":4},{"damage":7,"enemies":"Writhing Mass","floor":38,"turns":4},{"damage":3,"enemies":"Transient","floor":41,"turns":5},{"damage":0,"enemies":"Mind Bloom Boss Battle","floor":42,"turns":6},{"damage":7,"enemies":"Spire Growth","floor":47,"turns":4},{"damage":9,"enemies":"Time Eater","floor":50,"turns":8}],"seed_played":"7346074857477936449","potions_obtained":[{"floor":5,"key":"Regen Potion"},{"floor":8,"key":"Fruit Juice"},{"floor":13,"key":"Weak Potion"},{"floor":16,"key":"Weak Potion"},{"floor":21,"key":"SkillPotion"},{"floor":27,"key":"Dexterity Potion"},{"floor":29,"key":"Explosive Potion"},{"floor":33,"key":"Explosive Potion"},{"floor":37,"key":"SkillPotion"},{"floor":38,"key":"PowerPotion"},{"floor":47,"key":"SneckoOil"}],"is_trial":false,"path_per_floor":["M","?","$","?","M","E","R","M","T","?","$","?","E","M","R","B",null,"M","?","$","M","?","R","M","?","T","E","R","E","M","M","R","B",null,"M","M","M","M","$","R","M","?","T","R","$","R","M","?","R","B",null],"character_chosen":"DEFECT","items_purchased":["Hologram","Cold Snap","Cold Snap","Capacitor+1","White Noise","Whetstone","BootSequence","Defragment+1","Enlightenment","White Noise"],"campfire_rested":1,"item_purchase_floors":[3,3,11,20,20,39,39,39,39,45],"current_hp_per_floor":[75,68,68,68,68,62,62,63,63,51,51,51,58,60,60,58,80,74,74,74,71,58,58,53,53,53,20,20,22,24,21,45,14,80,71,60,52,47,47,47,46,62,62,62,62,62,57,57,57,50],"gold":365,"neow_bonus":"TRANSFORM_CARD","is_prod":false,"is_daily":false,"chose_seed":false,"campfire_upgraded":8,"win_rate":0.0,"timestamp":1561811537,"path_taken":["M","?","$","?","?","E","R","M","T","?","$","?","E","M","R","BOSS","M","?","$","M","?","R","M","?","T","E","R","E","?","M","R","BOSS","M","M","?","M","$","R","M","?","T","R","$","R","M","?","R","BOSS"],"build_version":"2019-01-23","purchased_purges":0,"victory":true,"max_hp_per_floor":[75,75,75,75,75,75,75,75,75,75,75,75,80,80,80,80,80,80,80,80,80,80,80,80,80,80,80,80,80,80,80,80,80,80,80,80,80,80,80,80,80,94,94,94,94,94,94,94,94,94],"card_choices":[{"not_picked":["Rebound","Cold Snap"],"picked":"Ball Lightning","floor":1},{"not_picked":["Rebound","Lockon"],"picked":"Defragment","floor":5},{"not_picked":["Auto Shields","Chaos"],"picked":"Hello World","floor":6},{"not_picked":["Rebound","Coolheaded"],"picked":"Ball Lightning","floor":8},{"not_picked":["Darkness","Blizzard"],"picked":"Hologram","floor":13},{"not_picked":["Scrape","Steam"],"picked":"Redo","floor":14},{"not_picked":["Hyperbeam","Multi-Cast"],"picked":"Meteor Strike","floor":16},{"not_picked":["Heatsinks+1","Turbo","Leap"],"picked":"SKIP","floor":18},{"not_picked":["Barrage","Sweeping Beam"],"picked":"Gash","floor":21},{"not_picked":["Sunder","Rebound"],"picked":"Force Field","floor":22},{"not_picked":["Capacitor+1","Ball Lightning"],"picked":"Gash","floor":24},{"not_picked":["Darkness","Sweeping Beam"],"picked":"Chaos+1","floor":27},{"not_picked":["Self Repair+1","Aggregate"],"picked":"Blizzard","floor":29},{"not_picked":["Chaos","Redo"],"picked":"Beam Cell+1","floor":30},{"not_picked":["Static Discharge+1","Gash"],"picked":"Storm+1","floor":31},{"not_picked":["Core Surge","All For One"],"picked":"Biased Cognition+1","floor":33},{"not_picked":["Barrage+1","Redo+1"],"picked":"Glacier","floor":35},{"not_picked":["Ball Lightning","Turbo"],"picked":"Gash","floor":36},{"not_picked":["Conserve Battery","Rip and Tear"],"picked":"Capacitor+1","floor":37},{"not_picked":["Turbo","Undo+1"],"picked":"Electrodynamics+1","floor":38},{"not_picked":["Barrage+1","Go for the Eyes+1"],"picked":"Leap+1","floor":41},{"not_picked":["Capacitor+1","Sweeping Beam+1"],"picked":"Undo","floor":42},{"not_picked":["Steam","Coolheaded"],"picked":"Gash","floor":47}],"player_experience":33183,"relics_obtained":[{"floor":6,"key":"Blood Vial"},{"floor":9,"key":"Frozen Egg 2"},{"floor":13,"key":"Happy Flower"},{"floor":22,"key":"Red Mask"},{"floor":26,"key":"Vajra"},{"floor":27,"key":"Centennial Puzzle"},{"floor":29,"key":"MawBank"},{"floor":42,"key":"Mango"},{"floor":43,"key":"Boot"}],"event_choices":[{"cards_removed":["Strike_B"],"damage_healed":0,"gold_gain":0,"player_choice":"Card Removal","damage_taken":7,"max_hp_gain":0,"max_hp_loss":0,"event_name":"Golden Wing","floor":2,"gold_loss":0},{"cards_removed":["Self Repair"],"damage_healed":0,"gold_gain":0,"player_choice":"Took Card","damage_taken":0,"max_hp_gain":0,"max_hp_loss":0,"event_name":"NoteForYourself","floor":4,"gold_loss":0,"cards_obtained":["Iron Wave"]},{"damage_healed":0,"gold_gain":0,"player_choice":"Success","damage_taken":12,"relics_obtained":["Incense Burner"],"max_hp_gain":0,"max_hp_loss":0,"event_name":"Scrap Ooze","floor":10,"gold_loss":0},{"damage_healed":0,"gold_gain":0,"player_choice":"Leave","damage_taken":0,"max_hp_gain":0,"max_hp_loss":0,"event_name":"The Cleric","floor":12,"gold_loss":0},{"damage_healed":0,"gold_gain":0,"cards_transformed":["Iron Wave","Zap"],"player_choice":"Became Test Subject","damage_taken":0,"max_hp_gain":0,"max_hp_loss":0,"event_name":"Drug Dealer","floor":19,"gold_loss":0,"cards_obtained":["Streamline","Thunder Strike"]},{"damage_healed":0,"gold_gain":0,"player_choice":"Fought Bandits","damage_taken":0,"max_hp_gain":0,"max_hp_loss":0,"event_name":"Masked Bandits","floor":22,"gold_loss":0},{"damage_healed":0,"gold_gain":0,"player_choice":"Paid Gold","damage_taken":0,"relics_obtained":["Shuriken"],"max_hp_gain":0,"max_hp_loss":0,"event_name":"WeMeetAgain","floor":25,"gold_loss":55},{"damage_healed":0,"gold_gain":0,"player_choice":"Fight","damage_taken":0,"max_hp_gain":0,"max_hp_loss":0,"event_name":"MindBloom","floor":42,"gold_loss":0},{"damage_healed":0,"gold_gain":222,"player_choice":"Wore Mask","damage_taken":0,"max_hp_gain":0,"max_hp_loss":0,"event_name":"Tomb of Lord Red Mask","floor":48,"gold_loss":0}],"is_beta":false,"boss_relics":[{"not_picked":["Calling Bell","Sozu"],"picked":"Astrolabe"},{"not_picked":["Philosopher\u0027s Stone","Runic Dome"],"picked":"Black Star"}],"items_purged_floors":[],"is_endless":false,"potions_floor_spawned":[5,8,13,16,21,27,29,33,37,38,47],"ascension_level":0}