{"gold_per_floor":[116,66,166,184,184,212,312,342,342,356,371,58,77,89,89,187,187,200,200,125,144,161,161,193,193,193,193,193,66,166,181,181,286,286,304,317,365,345,357,371,89,104,104,104,104,52,52,70,70,70],"floor_reached":51,"playtime":2212,"items_purged":["Strike_R","Normality","Strike_R"],"score":821,"play_id":"ef7f55d4-e1ad-408b-bc02-7dd6cd4472a9","local_time":"20190206213156","is_ascension_mode":true,"campfire_choices":[{"floor":15,"key":"REST"},{"data":"Apotheosis","floor":23,"key":"SMITH"},{"data":"Inflame","floor":25,"key":"SMITH"},{"data":"Heavy Blade","floor":28,"key":"SMITH"},{"floor":32,"key":"REST"},{"data":"Barricade","floor":44,"key":"SMITH"},{"data":"Heavy Blade","floor":47,"key":"SMITH"},{"floor":49,"key":"REST"}],"neow_cost":"TEN_PERCENT_HP_LOSS","seed_source_timestamp":562934413637286,"circlet_count":0,"master_deck":["Strike_R","Strike_R","Defend_R+1","Defend_R+1","Defend_R","Defend_R","Bash","Armaments+1","Inflame+1","Heavy Blade+1","Apotheosis+1","Double Tap","Flame Barrier","Iron Wave","Impervious","Immolate","Twin Strike","RitualDagger","Power Through+1","Shrug It Off+1","Uppercut","Clash","Pummel","Thunderclap","Barricade+1","Carnage+1","Shrug It Off","Cleave+1","Carnage+1","Twin Strike","Seeing Red+1","Normality","Madness","Madness","Heavy Blade+1"],"relics":["Burning Blood","Thread and Needle","Unceasing Top","Art of War","Bottled Tornado","Cursed Key","Charon\u0027s Ashes","Vajra","War Paint","Ice Cream","Pantograph","Eternal Feather","FossilizedHelix","Oddly Smooth Stone","Bottled Flame"],"potions_floor_usage":[6,22,24,30,39,50,50],"damage_taken":[{"damage":3,"enemies":"Jaw Worm","floor":1,"turns":5},{"damage":0,"enemies":"2 Louse","floor":4,"turns":4},{"damage":19,"enemies":"3 Sentries","floor":6,"turns":10},{"damage":32,"enemies":"Lagavulin","floor":8,"turns":10},{"damage":0,"enemies":"Cultist","floor":10,"turns":4},{"damage":6,"enemies":"Blue Slaver","floor":11,"turns":4},{"damage":0,"enemies":"Looter","floor":13,"turns":4},{"damage":8,"enemies":"Lots of Slimes","floor":14,"turns":4},{"damage":12,"enemies":"Hexaghost","floor":16,"turns":8},{"damage":12,"enemies":"Spheric Guardian","floor":18,"turns":4},{"damage":8,"enemies":"Shell Parasite","floor":21,"turns":5},{"damage":3,"enemies":"Cultist and Chosen","floor":22,"turns":6},{"damage":17,"enemies":"Slavers","floor":24,"turns":4},{"damage":5,"enemies":"Colosseum Slavers","floor":30,"turns":3},{"damage":19,"enemies":"Colosseum Nobs","floor":30,"turns":4},{"damage":8,"enemies":"Chosen and Byrds","floor":31,"turns":3},{"damage":14,"enemies":"Champ","floor":33,"turns":10},{"damage":12,"enemies":"3 Shapes","floor":35,"turns":3},{"damage":7,"enemies":"Orb Walker","floor":36,"turns":2},{"damage":28,"enemies":"2 Orb Walkers","floor":37,"turns":4},{"damage":37,"enemies":"Writhing Mass","floor":39,"turns":5},{"damage":0,"enemies":"Sphere and 2 Shapes","floor":40,"turns":4},{"damage":0,"enemies":"3 Darklings","floor":42,"turns":5},{"damage":25,"enemies":"4 Shapes","floor":48,"turns":4},{"damage":33,"enemies":"Donu and Deca","floor":50,"turns":9}],"seed_played":"778895258788441765","potions_obtained":[{"floor":1,"key":"LiquidBronze"},{"floor":10,"key":"SteroidPotion"},{"floor":11,"key":"Swift Potion"},{"floor":16,"key":"Explosive Potion"},{"floor":24,"key":"Dexterity Potion"},{"floor":33,"key":"Weak Potion"},{"floor":38,"key":"PowerPotion"},{"floor":40,"key":"Explosive Potion"},{"floor":42,"key":"Dexterity Potion"}],"is_trial":false,"path_per_floor":["M","?","?","M","?","E","?","E","T","M","M","$","M","M","R","B",null,"M","?","$","M","M","R","E","R","T","?","R","$","?","M","R","B",null,"M","M","?","?","M","M","$","M","T","R","?","$","R","M","R","B",null],"character_chosen":"IRONCLAD","items_purchased":["Apotheosis","Double Tap","Flame Barrier","Clash","Oddly Smooth Stone","Heavy Blade"],"campfire_rested":3,"item_purchase_floors":[12,12,12,29,41,46],"current_hp_per_floor":[72,72,72,72,58,45,45,19,19,25,25,25,31,29,50,44,72,66,60,60,58,61,61,50,50,50,50,50,50,38,36,57,64,72,66,65,43,43,12,18,18,24,24,42,33,33,54,35,72,45],"gold":70,"neow_bonus":"ONE_RARE_RELIC","is_prod":false,"is_daily":false,"chose_seed":false,"campfire_upgraded":5,"win_rate":0,"timestamp":1549506716,"path_taken":["M","?","?","?","?","E","?","E","T","M","M","$","M","?","R","BOSS","M","?","$","M","M","R","E","R","T","?","R","$","?","M","R","BOSS","M","M","?","?","M","M","$","?","T","R","?","?","R","?","R","BOSS"],"build_version":"2019-01-23","purchased_purges":3,"victory":true,"max_hp_per_floor":[72,72,72,72,72,72,72,72,72,72,72,72,72,72,72,72,72,72,72,72,72,72,72,72,72,72,72,72,72,72,72,72,72,72,72,72,72,72,72,72,72,72,72,72,72,72,72,72,72,72],"card_choices":[{"not_picked":["Combust","Dropkick"],"picked":"Armaments","floor":1},{"not_picked":["Anger","Entrench","Evolve"],"picked":"SKIP","floor":4},{"not_picked":["Perfected Strike","Warcry","Anger"],"picked":"SKIP","floor":6},{"not_picked":["Perfected Strike","Rupture"],"picked":"Inflame","floor":8},{"not_picked":["Wild Strike","Shrug It Off"],"picked":"Heavy Blade","floor":10},{"not_picked":["Body Slam","Combust","Havoc"],"picked":"SKIP","floor":11},{"not_picked":["Twin Strike","Warcry"],"picked":"Iron Wave","floor":13},{"not_picked":["Bloodletting","Headbutt"],"picked":"Impervious","floor":14},{"not_picked":["Impervious","Dark Embrace"],"picked":"Immolate","floor":16},{"not_picked":["Anger","Havoc"],"picked":"Twin Strike","floor":18},{"not_picked":["Feel No Pain","Iron Wave"],"picked":"Power Through","floor":21},{"not_picked":["Anger","Reckless Charge+1"],"picked":"Shrug It Off+1","floor":22},{"not_picked":["Body Slam","Rage"],"picked":"Uppercut","floor":24},{"not_picked":["Perfected Strike","Iron Wave"],"picked":"Pummel","floor":30},{"not_picked":["Immolate","Body Slam"],"picked":"Thunderclap","floor":31},{"not_picked":["Double Tap","Impervious"],"picked":"Barricade","floor":33},{"not_picked":["Clash","Sentinel+1"],"picked":"Carnage+1","floor":35},{"not_picked":["Wild Strike","Pommel Strike"],"picked":"Shrug It Off","floor":36},{"not_picked":["Whirlwind","Entrench"],"picked":"Cleave+1","floor":37},{"not_picked":["Clothesline","Wild Strike"],"picked":"Carnage+1","floor":39},{"not_picked":["Armaments+1","Perfected Strike"],"picked":"Twin Strike","floor":40},{"not_picked":["Ghostly Armor","Rage"],"picked":"Seeing Red+1","floor":42},{"not_picked":["Sword Boomerang+1","Rage+1","Headbutt"],"picked":"SKIP","floor":48}],"player_experience":167806,"relics_obtained":[{"floor":6,"key":"Unceasing Top"},{"floor":8,"key":"Art of War"},{"floor":9,"key":"Bottled Tornado"},{"floor":24,"key":"Charon\u0027s Ashes"},{"floor":26,"key":"Vajra"},{"floor":30,"key":"Ice Cream"},{"floor":30,"key":"Pantograph"},{"floor":37,"key":"FossilizedHelix"},{"floor":43,"key":"Bottled Flame"}],"event_choices":[{"cards_removed":["Strike_R"],"damage_healed":0,"gold_gain":0,"player_choice":"Card Removal","damage_taken":0,"max_hp_gain":0,"max_hp_loss":0,"event_name":"The Cleric","floor":2,"gold_loss":50},{"damage_healed":0,"gold_gain":100,"player_choice":"Pray","damage_taken":0,"max_hp_gain":0,"max_hp_loss":0,"event_name":"Golden Shrine","floor":3,"gold_loss":0},{"damage_healed":0,"gold_gain":0,"player_choice":"Entered Light","damage_taken":14,"max_hp_gain":0,"max_hp_loss":0,"event_name":"Shining Light","floor":5,"gold_loss":0,"cards_upgraded":["Defend_R","Defend_R"]},{"damage_healed":0,"gold_gain":100,"player_choice":"Gold","damage_taken":0,"max_hp_gain":0,"max_hp_loss":0,"event_name":"Wheel of Change","floor":7,"gold_loss":0},{"damage_healed":0,"gold_gain":0,"player_choice":"Joined the Cult","damage_taken":6,"max_hp_gain":0,"max_hp_loss":0,"event_name":"Nest","floor":19,"gold_loss":0,"cards_obtained":["RitualDagger"]},{"damage_healed":0,"gold_gain":0,"player_choice":"Opened","damage_taken":0,"relics_obtained":["War Paint"],"max_hp_gain":0,"max_hp_loss":0,"event_name":"The Mausoleum","floor":27,"gold_loss":0},{"damage_healed":0,"gold_gain":0,"player_choice":"Fight","damage_taken":0,"max_hp_gain":0,"max_hp_loss":0,"event_name":"Colosseum","floor":30,"gold_loss":0},{"damage_healed":0,"gold_gain":0,"player_choice":"Fought Nobs","damage_taken":0,"max_hp_gain":0,"max_hp_loss":0,"event_name":"Colosseum","floor":30,"gold_loss":0},{"damage_healed":0,"gold_gain":0,"player_choice":"Fight","damage_taken":0,"max_hp_gain":0,"max_hp_loss":0,"event_name":"Mysterious Sphere","floor":37,"gold_loss":0},{"damage_healed":0,"gold_gain":0,"player_choice":"Bought 1 Potion","damage_taken":0,"max_hp_gain":0,"max_hp_loss":0,"event_name":"The Woman in Blue","floor":38,"gold_loss":0},{"damage_healed":0,"gold_gain":0,"player_choice":"Embrace Madness","damage_taken":9,"max_hp_gain":0,"max_hp_loss":0,"event_name":"Winding Halls","floor":45,"gold_loss":0,"cards_obtained":["Madness","Madness"]}],"is_beta":false,"boss_relics":[{"not_picked":["Tiny House","White Beast Statue"],"picked":"Cursed Key"},{"not_picked":["Runic Cube","Orrery"],"picked":"Eternal Feather"}],"items_purged_floors":[20,29,41],"is_endless":false,"potions_floor_spawned":[1,10,11,16,24,30,33,40,42,48],"ascension_level":3}