{"gold_per_floor":[117,128,52,52,52,78,78,110,110,143,158,168,168,185,185,257,257,271,271,25,25],"floor_reached":21,"playtime":547,"items_purged":["Regret"],"score":400,"play_id":"016265ca-15a7-4d01-bfaa-ed6aee382fa4","local_time":"20190512125118","is_ascension_mode":true,"campfire_choices":[{"data":"Gash","floor":7,"key":"SMITH"},{"floor":13,"key":"REST"},{"floor":15,"key":"REST"}],"neow_cost":"NONE","seed_source_timestamp":45536395731284,"circlet_count":0,"master_deck":["AscendersBane","Strike_B","Strike_B","Strike_B","Strike_B","Defend_B","Defend_B","Defend_B","Defend_B","Zap","Dualcast","Gash+1","Sunder","Chaos","Defragment","Leap","Gash","Electrodynamics","Ball Lightning+1","Necronomicurse"],"relics":["Cracked Core","NeowsBlessing","Nunchaku","Oddly Smooth Stone","Calipers","Du-Vu Doll","StoneCalendar","Pantograph","Cursed Key","Necronomicon","DataDisk"],"potions_floor_usage":[12,14,16],"damage_taken":[{"damage":0,"enemies":"Cultist","floor":1,"turns":1},{"damage":0,"enemies":"Jaw Worm","floor":2,"turns":1},{"damage":0,"enemies":"Gremlin Nob","floor":6,"turns":1},{"damage":24,"enemies":"3 Sentries","floor":8,"turns":5},{"damage":37,"enemies":"Lagavulin","floor":10,"turns":7},{"damage":0,"enemies":"Small Slimes","floor":11,"turns":2},{"damage":0,"enemies":"2 Fungi Beasts","floor":12,"turns":2},{"damage":9,"enemies":"Exordium Wildlife","floor":14,"turns":3},{"damage":43,"enemies":"Hexaghost","floor":16,"turns":8},{"damage":24,"enemies":"Spheric Guardian","floor":18,"turns":4},{"damage":15,"enemies":"Colosseum Slavers","floor":21,"turns":1}],"seed_played":"-5412494282413298606","potions_obtained":[{"floor":8,"key":"Ancient Potion"},{"floor":10,"key":"AttackPotion"},{"floor":12,"key":"Explosive Potion"},{"floor":14,"key":"Dexterity Potion"}],"is_trial":false,"path_per_floor":["M","M","$","?","T","E","R","E","T","E","M","M","R","M","R","B",null,"M","?","$","?"],"character_chosen":"DEFECT","items_purchased":["Sunder","DataDisk"],"campfire_rested":2,"item_purchase_floors":[3,20],"current_hp_per_floor":[64,64,64,64,64,64,64,40,40,3,3,3,24,15,36,18,58,34,13,13,0],"gold":25,"neow_bonus":"THREE_ENEMY_KILL","is_prod":false,"is_daily":false,"chose_seed":false,"campfire_upgraded":1,"win_rate":0,"timestamp":1557690678,"path_taken":["M","M","$","?","?","E","R","E","T","E","M","M","R","M","R","BOSS","M","?","$","?"],"build_version":"2019-01-23","purchased_purges":1,"victory":false,"max_hp_per_floor":[71,71,71,71,71,71,71,71,71,71,71,71,71,71,71,71,71,71,71,71,71],"card_choices":[{"not_picked":["Coolheaded","Consume","Hello World"],"picked":"SKIP","floor":1},{"not_picked":["Recycle","Coolheaded"],"picked":"Gash","floor":2},{"not_picked":["Tempest","Go for the Eyes"],"picked":"Chaos","floor":6},{"not_picked":["Turbo","Cold Snap"],"picked":"Defragment","floor":8},{"not_picked":["Recycle","Redo","Multi-Cast"],"picked":"SKIP","floor":10},{"not_picked":["Consume","Scrape"],"picked":"Leap","floor":11},{"not_picked":["Scrape","Conserve Battery"],"picked":"Gash","floor":12},{"not_picked":["Doom and Gloom","Beam Cell","Redo"],"picked":"SKIP","floor":14},{"not_picked":["Machine Learning","Seek"],"picked":"Electrodynamics","floor":16},{"not_picked":["Melter","Auto Shields"],"picked":"Ball Lightning+1","floor":18}],"player_experience":928422,"relics_obtained":[{"floor":5,"key":"Oddly Smooth Stone"},{"floor":6,"key":"Calipers"},{"floor":8,"key":"Du-Vu Doll"},{"floor":9,"key":"StoneCalendar"},{"floor":10,"key":"Pantograph"},{"floor":19,"key":"Necronomicon"}],"event_choices":[{"damage_healed":0,"gold_gain":0,"player_choice":"Box","damage_taken":0,"relics_obtained":["Nunchaku"],"max_hp_gain":0,"max_hp_loss":0,"event_name":"Big Fish","floor":4,"gold_loss":0,"cards_obtained":["Regret"]},{"damage_healed":0,"gold_gain":0,"player_choice":"Obtained Book","damage_taken":21,"max_hp_gain":0,"max_hp_loss":0,"event_name":"Cursed Tome","floor":19,"gold_loss":0},{"damage_healed":0,"gold_gain":0,"player_choice":"Fight","damage_taken":0,"max_hp_gain":0,"max_hp_loss":0,"event_name":"Colosseum","floor":21,"gold_loss":0}],"is_beta":false,"boss_relics":[{"not_picked":["Inserter","Coffee Dripper"],"picked":"Cursed Key"}],"items_purged_floors":[20],"is_endless":false,"potions_floor_spawned":[8,10,11,12,14],"killed_by":"Colosseum Slavers","ascension_level":16}