{"gold_per_floor":[118,129,144,144,164,164,189,189,189,207,235,235,205,224,224,224],"floor_reached":16,"playtime":1030,"items_purged":[],"score":112,"play_id":"d3228391-aa8e-4b0a-91a2-1557eaf9f00e","local_time":"20190505122816","is_ascension_mode":false,"campfire_choices":[{"data":"Rage","floor":6,"key":"SMITH"},{"floor":8,"key":"REST"},{"floor":15,"key":"REST"}],"neow_cost":"NONE","seed_source_timestamp":615636761688120,"circlet_count":0,"master_deck":["Strike_R","Strike_R","Strike_R","Strike_R","Defend_R","Defend_R","Defend_R","Defend_R","Bash","Ghostly Armor","Rage+1","Entrench","Headbutt","Regret","Thunderclap","Anger"],"relics":["Burning Blood","Orichalcum","Turnip","Gremlin Horn","Art of War"],"potions_floor_usage":[7,7,7,14,16],"damage_taken":[{"damage":0,"enemies":"Cultist","floor":1,"turns":3},{"damage":6,"enemies":"Small Slimes","floor":2,"turns":5},{"damage":11,"enemies":"Jaw Worm","floor":3,"turns":5},{"damage":2,"enemies":"Looter","floor":5,"turns":4},{"damage":56,"enemies":"3 Sentries","floor":7,"turns":22},{"damage":2,"enemies":"2 Fungi Beasts","floor":10,"turns":4},{"damage":53,"enemies":"Gremlin Nob","floor":11,"turns":6},{"damage":3,"enemies":"Lots of Slimes","floor":14,"turns":3},{"damage":54,"enemies":"Slime Boss","floor":16,"turns":6}],"seed_played":"5206542144250452131","potions_obtained":[{"floor":1,"key":"GamblersBrew"},{"floor":2,"key":"Fruit Juice"},{"floor":5,"key":"BloodPotion"},{"floor":11,"key":"Fire Potion"},{"floor":13,"key":"Swift Potion"},{"floor":13,"key":"SmokeBomb"}],"is_trial":false,"path_per_floor":["M","M","M","?","M","R","E","R","T","M","E","?","?","M","R","B"],"character_chosen":"IRONCLAD","items_purchased":[],"campfire_rested":2,"item_purchase_floors":[],"current_hp_per_floor":[80,80,75,75,79,79,42,67,67,71,24,24,24,27,52,0],"gold":224,"neow_bonus":"TRANSFORM_CARD","is_prod":false,"is_daily":false,"chose_seed":false,"campfire_upgraded":1,"win_rate":0,"timestamp":1557084496,"path_taken":["M","M","M","?","M","R","E","R","T","M","E","?","?","?","R","BOSS"],"build_version":"2019-01-23","purchased_purges":0,"victory":false,"max_hp_per_floor":[80,80,80,80,80,80,85,85,85,85,85,85,85,85,85,85],"card_choices":[{"not_picked":["Inflame","Intimidate"],"picked":"Rage","floor":1},{"not_picked":["Clash","Havoc"],"picked":"Entrench","floor":2},{"not_picked":["Pummel","Wild Strike"],"picked":"Headbutt","floor":3},{"not_picked":["Fire Breathing","Havoc","Bloodletting"],"picked":"SKIP","floor":5},{"not_picked":["Sever Soul","Flex"],"picked":"Thunderclap","floor":7},{"not_picked":["Bloodletting","Feel No Pain","Heavy Blade"],"picked":"SKIP","floor":10},{"not_picked":["Double Tap","Rage"],"picked":"Anger","floor":11},{"not_picked":["Ghostly Armor","Feel No Pain","Inflame"],"picked":"SKIP","floor":14}],"player_experience":104487,"relics_obtained":[{"floor":7,"key":"Turnip"},{"floor":9,"key":"Gremlin Horn"},{"floor":11,"key":"Art of War"}],"event_choices":[{"damage_healed":0,"gold_gain":0,"player_choice":"Box","damage_taken":0,"relics_obtained":["Orichalcum"],"max_hp_gain":0,"max_hp_loss":0,"event_name":"Big Fish","floor":4,"gold_loss":0,"cards_obtained":["Regret"]},{"damage_healed":0,"gold_gain":0,"player_choice":"Ignored","damage_taken":0,"max_hp_gain":0,"max_hp_loss":0,"event_name":"Liars Game","floor":12,"gold_loss":0},{"damage_healed":0,"gold_gain":0,"player_choice":"Bought 2 Potions","damage_taken":0,"max_hp_gain":0,"max_hp_loss":0,"event_name":"The Woman in Blue","floor":13,"gold_loss":0}],"is_beta":false,"boss_relics":[],"items_purged_floors":[],"is_endless":false,"potions_floor_spawned":[1,2,5,11],"killed_by":"Slime Boss","ascension_level":0}