{"gold_per_floor":[218,234,251,251,270,305,305,321,321,321,336,354,383,383,383,480,480,494,524,2,15,31,31,48,48,73,73,73,102,102,113,113,211,211,231,250,264,280,280,280,311,311,335,557,21,34,50,61,61,61],"floor_reached":51,"playtime":3156,"items_purged":["Electrodynamics","Dualcast"],"score":788,"play_id":"15524c99-8534-41fb-b3e5-5ef999a44442","local_time":"20190616052310","is_ascension_mode":false,"campfire_choices":[{"floor":7,"key":"REST"},{"data":"Genetic Algorithm","floor":10,"key":"SMITH"},{"data":"Aggregate","floor":15,"key":"SMITH"},{"data":"Hyperbeam","floor":23,"key":"SMITH"},{"data":"Hologram","floor":25,"key":"SMITH"},{"data":"Sunder","floor":27,"key":"SMITH"},{"data":"Auto Shields","floor":30,"key":"SMITH"},{"data":"Undo","floor":32,"key":"SMITH"},{"data":"Biased Cognition","floor":40,"key":"SMITH"},{"data":"Machine Learning","floor":42,"key":"SMITH"},{"data":"Defragment","floor":49,"key":"SMITH"}],"neow_cost":"NONE","seed_source_timestamp":709423050146194,"circlet_count":0,"master_deck":["Zap+1","Melter","Genetic Algorithm+1","Conserve Battery+1","Self Repair","Hologram+1","Undo+1","Aggregate+1","Core Surge","Force Field","Sunder+1","Chill","Hyperbeam+1","Buffer+1","Reprogram","Auto Shields+1","Gash","Gash","Gash","Gash","FTL+1","Biased Cognition+1","Gash","Machine Learning+1","Defragment+1","Parasite","Hologram+1"],"relics":["Cracked Core","Bird Faced Urn","War Paint","Centennial Puzzle","Pandora\u0027s Box","Red Mask","Blood Vial","Singing Bowl","Ancient Tea Set","Question Card","Coffee Dripper","Pen Nib","DataDisk","Bottled Tornado"],"potions_floor_usage":[5,5,11,13,18,22,31,33,33,36,41,46,46,48],"damage_taken":[{"damage":6,"enemies":"Jaw Worm","floor":1,"turns":3},{"damage":0,"enemies":"2 Louse","floor":2,"turns":1},{"damage":1,"enemies":"Cultist","floor":3,"turns":3},{"damage":8,"enemies":"Gremlin Gang","floor":5,"turns":5},{"damage":32,"enemies":"Gremlin Nob","floor":6,"turns":5},{"damage":5,"enemies":"Exordium Wildlife","floor":8,"turns":6},{"damage":0,"enemies":"Looter","floor":11,"turns":3},{"damage":1,"enemies":"Large Slime","floor":12,"turns":5},{"damage":0,"enemies":"3 Sentries","floor":13,"turns":3},{"damage":56,"enemies":"Slime Boss","floor":16,"turns":13},{"damage":27,"enemies":"Chosen","floor":18,"turns":9},{"damage":25,"enemies":"Masked Bandits","floor":19,"turns":5},{"damage":0,"enemies":"2 Thieves","floor":21,"turns":5},{"damage":12,"enemies":"3 Cultists","floor":22,"turns":5},{"damage":12,"enemies":"Shelled Parasite and Fungi","floor":24,"turns":4},{"damage":0,"enemies":"Book of Stabbing","floor":29,"turns":6},{"damage":0,"enemies":"Centurion and Healer","floor":31,"turns":5},{"damage":4,"enemies":"Collector","floor":33,"turns":12},{"damage":10,"enemies":"3 Darklings","floor":35,"turns":4},{"damage":0,"enemies":"Orb Walker","floor":36,"turns":3},{"damage":22,"enemies":"3 Darklings","floor":37,"turns":5},{"damage":3,"enemies":"Sphere and 2 Shapes","floor":38,"turns":2},{"damage":25,"enemies":"Giant Head","floor":41,"turns":8},{"damage":0,"enemies":"Writhing Mass","floor":46,"turns":6},{"damage":0,"enemies":"Transient","floor":47,"turns":5},{"damage":14,"enemies":"Sphere and 2 Shapes","floor":48,"turns":3},{"damage":18,"enemies":"Donu and Deca","floor":50,"turns":10}],"seed_played":"2882083034147636973","potions_obtained":[{"floor":2,"key":"Energy Potion"},{"floor":3,"key":"SneckoOil"},{"floor":8,"key":"Strength Potion"},{"floor":12,"key":"AttackPotion"},{"floor":16,"key":"Block Potion"},{"floor":21,"key":"Strength Potion"},{"floor":22,"key":"Explosive Potion"},{"floor":31,"key":"Poison Potion"},{"floor":35,"key":"Block Potion"},{"floor":38,"key":"Swift Potion"},{"floor":47,"key":"AttackPotion"}],"is_trial":false,"path_per_floor":["M","M","M","?","M","E","R","M","T","R","M","M","E","?","R","B",null,"M","?","$","M","M","R","M","R","T","R","?","E","R","M","R","B",null,"M","M","M","M","?","R","E","R","T","?","$","M","M","M","R","B",null],"character_chosen":"DEFECT","items_purchased":["Blood Vial","Singing Bowl","Block Potion","Defragment","Bottled Tornado","SkillPotion","Fire Potion"],"campfire_rested":1,"item_purchase_floors":[20,20,20,45,45,45,45],"current_hp_per_floor":[69,69,68,73,65,40,64,68,68,68,77,80,80,80,80,24,80,60,46,46,59,60,60,59,59,59,59,59,74,74,84,84,84,84,83,86,75,87,85,85,67,67,67,67,67,85,87,84,84,80],"gold":61,"neow_bonus":"HUNDRED_GOLD","is_prod":false,"is_daily":false,"chose_seed":false,"campfire_upgraded":10,"win_rate":0,"timestamp":1560687790,"path_taken":["M","M","M","?","M","E","R","M","T","R","M","M","E","?","R","BOSS","M","?","$","M","M","R","M","R","T","R","?","E","R","M","R","BOSS","M","?","?","M","?","R","E","R","T","?","$","M","M","M","R","BOSS"],"build_version":"2019-01-23","purchased_purges":2,"victory":true,"max_hp_per_floor":[75,75,75,80,80,80,80,80,80,80,80,80,80,80,80,80,80,80,80,80,80,82,82,82,82,82,82,82,84,84,84,84,84,84,86,86,88,90,85,85,85,85,85,85,85,85,87,89,89,89],"card_choices":[{"not_picked":["Stack","Defragment"],"picked":"Melter","floor":1},{"not_picked":["Steam Power","Beam Cell"],"picked":"Genetic Algorithm","floor":2},{"not_picked":["Fusion","Glacier"],"picked":"Conserve Battery","floor":3},{"not_picked":["Rebound","Stack"],"picked":"Self Repair","floor":5},{"not_picked":["Force Field","Chaos"],"picked":"Hologram","floor":6},{"not_picked":["Gash","Self Repair","Glacier"],"picked":"SKIP","floor":8},{"not_picked":["Reboot","Ball Lightning"],"picked":"Undo","floor":11},{"not_picked":["Leap","Rip and Tear","Stack"],"picked":"SKIP","floor":12},{"not_picked":["Fusion","Sunder"],"picked":"Aggregate","floor":13},{"not_picked":["Electrodynamics","All For One"],"picked":"Core Surge","floor":16},{"not_picked":["Ball Lightning","Conserve Battery"],"picked":"Gash","floor":18},{"not_picked":["Streamline+1","Ball Lightning"],"picked":"Gash","floor":19},{"not_picked":["Ball Lightning","Conserve Battery+1"],"picked":"Gash","floor":21},{"not_picked":["Steam","Cold Snap","Compile Driver+1"],"picked":"Singing Bowl","floor":22},{"not_picked":["Beam Cell","Fission"],"picked":"Gash","floor":24},{"not_picked":["Coolheaded","Ball Lightning","Glacier+1"],"picked":"Singing Bowl","floor":29},{"not_picked":["Consume","Streamline","Doom and Gloom"],"picked":"FTL+1","floor":31},{"not_picked":["Thunder Strike","Multi-Cast","Core Surge"],"picked":"Biased Cognition","floor":33},{"not_picked":["Leap","Compile Driver+1","Consume","Conserve Battery"],"picked":"Singing Bowl","floor":35},{"not_picked":["Stack+1","Leap+1","Go for the Eyes+1"],"picked":"Gash","floor":36},{"not_picked":["Thunder Strike","Ball Lightning","Turbo","Conserve Battery+1"],"picked":"Singing Bowl","floor":37},{"not_picked":["Hologram","Blizzard+1","Go for the Eyes","BootSequence+1"],"picked":"Singing Bowl","floor":38},{"not_picked":["Conserve Battery","Blizzard+1","Turbo+1"],"picked":"Machine Learning","floor":41},{"not_picked":["Heatsinks+1","Rebound","Beam Cell"],"picked":"Hologram+1","floor":46},{"not_picked":["Leap","Rebound","Steam","Tempest+1"],"picked":"Singing Bowl","floor":47},{"not_picked":["Hologram","Chaos","Cold Snap+1","Rebound+1"],"picked":"Singing Bowl","floor":48}],"player_experience":418036,"relics_obtained":[{"floor":6,"key":"Bird Faced Urn"},{"floor":9,"key":"War Paint"},{"floor":13,"key":"Centennial Puzzle"},{"floor":19,"key":"Red Mask"},{"floor":26,"key":"Ancient Tea Set"},{"floor":29,"key":"Question Card"},{"floor":41,"key":"Pen Nib"},{"floor":43,"key":"DataDisk"}],"event_choices":[{"damage_healed":0,"gold_gain":0,"player_choice":"Donut","damage_taken":0,"max_hp_gain":5,"max_hp_loss":0,"event_name":"Big Fish","floor":4,"gold_loss":0},{"damage_healed":0,"gold_gain":0,"player_choice":"Ignored","damage_taken":0,"max_hp_gain":0,"max_hp_loss":0,"event_name":"Liars Game","floor":14,"gold_loss":0},{"damage_healed":0,"gold_gain":0,"player_choice":"Fought Bandits","damage_taken":0,"max_hp_gain":0,"max_hp_loss":0,"event_name":"Masked Bandits","floor":19,"gold_loss":0},{"damage_healed":0,"gold_gain":0,"player_choice":"Forge","damage_taken":0,"max_hp_gain":0,"max_hp_loss":0,"event_name":"Accursed Blacksmith","floor":28,"gold_loss":0,"cards_upgraded":["Buffer"]},{"damage_healed":0,"gold_gain":0,"player_choice":"Max HP","damage_taken":0,"max_hp_gain":0,"max_hp_loss":5,"event_name":"Winding Halls","floor":39,"gold_loss":0},{"damage_healed":0,"gold_gain":222,"player_choice":"Wore Mask","damage_taken":0,"max_hp_gain":0,"max_hp_loss":0,"event_name":"Tomb of Lord Red Mask","floor":44,"gold_loss":0}],"is_beta":false,"boss_relics":[{"not_picked":["Empty Cage","Tiny House"],"picked":"Pandora\u0027s Box"},{"not_picked":["Orrery","White Beast Statue"],"picked":"Coffee Dripper"}],"items_purged_floors":[20,45],"is_endless":false,"potions_floor_spawned":[2,3,8,12,16,21,22,31,35,38,47],"ascension_level":0}