{"gold_per_floor":[115,125,143,160,160,192,192,192,192,192,223,234,252,8,8,82,82,101,101,118,137,155,155,168,197,197,197,197,210,8,19,19,19],"floor_reached":33,"playtime":1392,"items_purged":[],"score":489,"play_id":"2bb2797a-9d39-44b7-a592-c6d8b18b0cc2","local_time":"20190322170050","is_ascension_mode":true,"campfire_choices":[{"floor":8,"key":"REST"},{"data":"Darkness","floor":10,"key":"SMITH"},{"floor":15,"key":"REST"},{"floor":23,"key":"REST"},{"floor":28,"key":"REST"},{"floor":32,"key":"REST"}],"neow_cost":"NONE","seed_source_timestamp":169660251277438,"circlet_count":0,"master_deck":["AscendersBane","Strike_B","Strike_B","Defend_B","Defend_B","Defend_B","Defend_B","Zap","Dualcast","Defragment","Leap","FTL","Gash","Darkness+1","Gash","Gash","Defragment","Self Repair","Gash","Darkness+1","All For One","Redo","Redo","Gash","Leap","Cold Snap","Electrodynamics","Gash"],"relics":["Cracked Core","Blood Vial","The Courier","Pear","Nunchaku","Eternal Feather","Nloth\u0027s Gift","Centennial Puzzle","Omamori","Shuriken"],"potions_floor_usage":[4,6,6,16,18,25,33,33],"damage_taken":[{"damage":4,"enemies":"Jaw Worm","floor":1,"turns":3},{"damage":2,"enemies":"2 Louse","floor":2,"turns":3},{"damage":0,"enemies":"Cultist","floor":3,"turns":4},{"damage":14,"enemies":"Lots of Slimes","floor":4,"turns":4},{"damage":12,"enemies":"3 Sentries","floor":6,"turns":9},{"damage":28,"enemies":"Gremlin Nob","floor":11,"turns":4},{"damage":0,"enemies":"Blue Slaver","floor":12,"turns":4},{"damage":23,"enemies":"Exordium Thugs","floor":13,"turns":5},{"damage":28,"enemies":"Slime Boss","floor":16,"turns":5},{"damage":21,"enemies":"Shell Parasite","floor":18,"turns":4},{"damage":7,"enemies":"Chosen","floor":20,"turns":4},{"damage":39,"enemies":"Snake Plant","floor":21,"turns":6},{"damage":15,"enemies":"Cultist and Chosen","floor":22,"turns":4},{"damage":9,"enemies":"Centurion and Healer","floor":24,"turns":6},{"damage":63,"enemies":"Slavers","floor":25,"turns":6},{"damage":11,"enemies":"Sentry and Sphere","floor":29,"turns":3},{"damage":29,"enemies":"Snake Plant","floor":31,"turns":4},{"damage":75,"enemies":"Collector","floor":33,"turns":6}],"seed_played":"4939023732967606318","potions_obtained":[{"floor":1,"key":"Fire Potion"},{"floor":2,"key":"EssenceOfSteel"},{"floor":3,"key":"Block Potion"},{"floor":4,"key":"Dexterity Potion"},{"floor":13,"key":"SkillPotion"},{"floor":16,"key":"Block Potion"},{"floor":22,"key":"GamblersBrew"},{"floor":25,"key":"LiquidBronze"},{"floor":27,"key":"Dexterity Potion"}],"is_trial":false,"path_per_floor":["M","M","M","M","?","E","?","R","T","R","E","M","M","$","R","B",null,"M","?","M","M","M","R","M","E","T","?","R","M","$","M","R","B"],"character_chosen":"DEFECT","items_purchased":["Self Repair","Gash","DollysMirror","Shuriken"],"campfire_rested":5,"item_purchase_floors":[14,14,14,30],"current_hp_per_floor":[64,62,62,48,36,26,26,48,58,58,32,34,13,13,38,19,69,57,57,59,29,23,63,63,9,9,9,49,47,47,27,67,0],"gold":19,"neow_bonus":"REMOVE_CARD","is_prod":false,"is_daily":false,"chose_seed":false,"campfire_upgraded":1,"win_rate":0,"timestamp":1553288450,"path_taken":["M","M","M","M","?","E","?","R","T","R","E","M","M","$","R","BOSS","M","?","M","M","M","R","?","E","T","?","R","M","?","?","R","BOSS"],"build_version":"2019-01-23","purchased_purges":0,"victory":false,"max_hp_per_floor":[75,75,75,75,75,75,75,75,85,85,85,85,85,85,85,85,85,85,85,85,85,85,85,85,85,85,85,85,85,85,85,85,85],"card_choices":[{"not_picked":["Hello World","Ball Lightning"],"picked":"Defragment","floor":1},{"not_picked":["Heatsinks","Compile Driver"],"picked":"Leap","floor":2},{"not_picked":["Stack","Compile Driver"],"picked":"FTL","floor":3},{"not_picked":["Barrage","Leap"],"picked":"Gash","floor":4},{"not_picked":["Static Discharge","Fission"],"picked":"Darkness","floor":6},{"not_picked":["Auto Shields","Storm"],"picked":"Gash","floor":11},{"not_picked":["Redo","Go for the Eyes"],"picked":"Gash","floor":12},{"not_picked":["Streamline","Steam"],"picked":"Defragment","floor":13},{"not_picked":["Fission","Rainbow"],"picked":"All For One","floor":16},{"not_picked":["Storm","Lockon"],"picked":"Redo","floor":18},{"not_picked":["Sunder","Melter"],"picked":"Redo","floor":20},{"not_picked":["Cold Snap+1","Coolheaded"],"picked":"Gash","floor":21},{"not_picked":["Multi-Cast","Undo"],"picked":"Leap","floor":22},{"not_picked":["Turbo","Consume"],"picked":"Cold Snap","floor":24},{"not_picked":["Compile Driver+1","BootSequence"],"picked":"Electrodynamics","floor":25},{"not_picked":["Compile Driver","Ball Lightning","Rebound"],"picked":"SKIP","floor":29},{"not_picked":["Rebound","Darkness+1"],"picked":"Gash","floor":31}],"player_experience":441613,"relics_obtained":[{"floor":6,"key":"The Courier"},{"floor":9,"key":"Pear"},{"floor":11,"key":"Nunchaku"},{"floor":25,"key":"Centennial Puzzle"},{"floor":26,"key":"Omamori"}],"event_choices":[{"damage_healed":0,"gold_gain":0,"player_choice":"Success","damage_taken":12,"relics_obtained":["Blood Vial"],"max_hp_gain":0,"max_hp_loss":0,"event_name":"Scrap Ooze","floor":5,"gold_loss":0},{"cards_removed":["Strike_B"],"damage_healed":0,"gold_gain":0,"player_choice":"Purged","damage_taken":0,"max_hp_gain":0,"max_hp_loss":0,"event_name":"Purifier","floor":7,"gold_loss":0},{"damage_healed":0,"gold_gain":0,"player_choice":"Traded Relic","damage_taken":0,"relics_obtained":["Nloth\u0027s Gift"],"max_hp_gain":0,"max_hp_loss":0,"event_name":"N\u0027loth","floor":19,"relics_lost":["DollysMirror"],"gold_loss":0},{"damage_healed":0,"gold_gain":0,"player_choice":"Got Potions","damage_taken":0,"max_hp_gain":0,"max_hp_loss":0,"event_name":"Lab","floor":27,"gold_loss":0}],"is_beta":false,"boss_relics":[{"not_picked":["Pandora\u0027s Box","Runic Dome"],"picked":"Eternal Feather"}],"items_purged_floors":[],"is_endless":false,"potions_floor_spawned":[1,2,3,4,13,16,22,25,29,31],"killed_by":"Collector","ascension_level":13}