{"gold_per_floor":[113,113,126,146,146,146,164,199,225,253,64,94,94],"floor_reached":13,"playtime":303,"items_purged":[],"score":83,"play_id":"85a7afbd-6bb1-4b89-9182-965c0862eb80","local_time":"20190415205735","is_ascension_mode":false,"campfire_choices":[{"data":"Defragment","floor":6,"key":"SMITH"}],"neow_cost":"NONE","seed_source_timestamp":503077885200968,"circlet_count":0,"master_deck":["Strike_B","Strike_B","Strike_B","Strike_B","Defend_B","Defend_B","Defend_B","Defend_B","Zap","Dualcast","Conserve Battery","Leap","Defragment+1","Sunder","Lockon","Rainbow","Defragment"],"relics":["Cracked Core","Juzu Bracelet","Lantern","Odd Mushroom","Orichalcum","Tiny Chest"],"potions_floor_usage":[10,13],"damage_taken":[{"damage":2,"enemies":"Jaw Worm","floor":1,"turns":3},{"damage":1,"enemies":"Cultist","floor":3,"turns":3},{"damage":1,"enemies":"Small Slimes","floor":4,"turns":3},{"damage":3,"enemies":"Looter","floor":7,"turns":4},{"damage":28,"enemies":"Gremlin Nob","floor":8,"turns":4},{"damage":18,"enemies":"The Mushroom Lair","floor":10,"turns":4},{"damage":17,"enemies":"Lagavulin","floor":13,"turns":5}],"seed_played":"9183245823456631765","potions_obtained":[{"floor":1,"key":"Block Potion"},{"floor":4,"key":"Swift Potion"}],"is_trial":false,"path_per_floor":["M","$","M","M","?","R","M","E","T","?","$","?","E"],"character_chosen":"DEFECT","items_purchased":["Defragment","Orichalcum"],"campfire_rested":0,"item_purchase_floors":[11,11],"current_hp_per_floor":[73,73,72,71,71,71,68,40,40,22,22,15,0],"gold":94,"neow_bonus":"THREE_CARDS","is_prod":false,"is_daily":false,"chose_seed":false,"campfire_upgraded":1,"win_rate":0,"timestamp":1555376255,"path_taken":["M","$","M","M","?","R","M","E","T","?","$","?","E"],"build_version":"2019-01-23","purchased_purges":0,"victory":false,"max_hp_per_floor":[75,75,75,75,75,75,75,75,75,75,75,75,75],"card_choices":[{"not_picked":["Redo","Compile Driver"],"picked":"Conserve Battery","floor":0},{"not_picked":["Compile Driver","Steam","Hologram"],"picked":"SKIP","floor":1},{"not_picked":["Turbo","Recycle"],"picked":"Leap","floor":3},{"not_picked":["Go for the Eyes","Sweeping Beam"],"picked":"Defragment","floor":4},{"not_picked":["Blizzard","Rip and Tear"],"picked":"Sunder","floor":7},{"not_picked":["Blizzard","Redo"],"picked":"Lockon","floor":8},{"not_picked":["Hello World","Barrage"],"picked":"Rainbow","floor":10}],"player_experience":600969,"relics_obtained":[{"floor":8,"key":"Juzu Bracelet"},{"floor":9,"key":"Lantern"},{"floor":10,"key":"Odd Mushroom"}],"event_choices":[{"damage_healed":0,"gold_gain":0,"player_choice":"Ignored","damage_taken":0,"max_hp_gain":0,"max_hp_loss":0,"event_name":"NoteForYourself","floor":5,"gold_loss":0},{"damage_healed":0,"gold_gain":0,"player_choice":"Fought Mushrooms","damage_taken":0,"max_hp_gain":0,"max_hp_loss":0,"event_name":"Mushrooms","floor":10,"gold_loss":0},{"damage_healed":0,"gold_gain":0,"player_choice":"Success","damage_taken":7,"relics_obtained":["Tiny Chest"],"max_hp_gain":0,"max_hp_loss":0,"event_name":"Scrap Ooze","floor":12,"gold_loss":0}],"is_beta":false,"boss_relics":[],"items_purged_floors":[],"is_endless":false,"potions_floor_spawned":[1,4],"killed_by":"Lagavulin","ascension_level":0}