{"gold_per_floor":[119,119,138,138,98,141,141,166,237,256,271,305,44,9,9,137,137,77],"floor_reached":18,"playtime":744,"items_purged":[],"score":195,"play_id":"318e2168-0627-4531-a52d-9949de06bb25","local_time":"20190628202842","is_ascension_mode":false,"campfire_choices":[{"data":"Dash","floor":7,"key":"SMITH"},{"data":"Poisoned Stab","floor":15,"key":"SMITH"}],"neow_cost":"NONE","seed_source_timestamp":1025409521473553,"circlet_count":0,"master_deck":["Defend_G","Defend_G","Defend_G","Defend_G","Defend_G","Strike_G","Strike_G","Strike_G","Strike_G+1","Survivor","Neutralize+1","Backflip","Escape Plan","Dash+1","Terror","Poisoned Stab+1","Blur","Die Die Die","Envenom+1","Decay","Injury","Regret"],"relics":["Ring of the Snake","NeowsBlessing","Golden Idol","Whetstone","Dodecahedron","Blood Vial","Frozen Egg 2","Calling Bell","Dream Catcher","Toxic Egg 2","Bird Faced Urn"],"potions_floor_usage":[12,12,16,16,16],"damage_taken":[{"damage":0,"enemies":"2 Louse","floor":1,"turns":1},{"damage":0,"enemies":"Small Slimes","floor":3,"turns":1},{"damage":0,"enemies":"Lagavulin","floor":6,"turns":1},{"damage":0,"enemies":"Cultist","floor":8,"turns":3},{"damage":10,"enemies":"Large Slime","floor":10,"turns":10},{"damage":5,"enemies":"Exordium Thugs","floor":11,"turns":6},{"damage":19,"enemies":"Gremlin Nob","floor":12,"turns":5},{"damage":18,"enemies":"Hexaghost","floor":16,"turns":11},{"damage":29,"enemies":"2 Thieves","floor":18,"turns":5}],"seed_played":"7665828891712918500","potions_obtained":[{"floor":5,"key":"FairyPotion"},{"floor":5,"key":"EssenceOfSteel"},{"floor":5,"key":"EntropicBrew"},{"floor":6,"key":"SkillPotion"},{"floor":11,"key":"Explosive Potion"},{"floor":12,"key":"EntropicBrew"},{"floor":16,"key":"GhostInAJar"}],"is_trial":false,"path_per_floor":["M","?","M","?","?","E","R","M","T","M","M","E","$","?","R","B",null,"M"],"character_chosen":"THE_SILENT","items_purchased":["Frozen Egg 2"],"campfire_rested":0,"item_purchase_floors":[13],"current_hp_per_floor":[70,65,65,58,58,58,58,58,58,48,43,24,24,40,40,24,65,36],"gold":77,"neow_bonus":"THREE_ENEMY_KILL","is_prod":false,"is_daily":false,"chose_seed":false,"campfire_upgraded":2,"win_rate":0.0,"timestamp":1561778922,"path_taken":["M","?","M","?","?","E","R","M","T","?","M","E","$","?","R","BOSS","M"],"build_version":"2019-01-23","purchased_purges":0,"victory":false,"max_hp_per_floor":[70,65,65,65,65,65,65,65,65,65,65,65,65,65,65,65,65,65],"card_choices":[{"not_picked":["Deflect","Endless Agony"],"picked":"Backflip","floor":1},{"not_picked":["Calculated Gamble","Acrobatics"],"picked":"Escape Plan","floor":3},{"not_picked":["Well Laid Plans","Escape Plan"],"picked":"Dash","floor":6},{"not_picked":["Flying Knee","Choke"],"picked":"Terror","floor":8},{"not_picked":["Backstab","Quick Slash"],"picked":"Poisoned Stab","floor":10},{"not_picked":["Flying Knee","Underhanded Strike"],"picked":"Blur","floor":11},{"not_picked":["Outmaneuver","Escape Plan"],"picked":"Die Die Die","floor":12},{"not_picked":["Bullet Time","A Thousand Cuts+1"],"picked":"Envenom+1","floor":16}],"player_experience":26123,"relics_obtained":[{"floor":6,"key":"Whetstone"},{"floor":9,"key":"Dodecahedron"},{"floor":12,"key":"Blood Vial"},{"floor":17,"key":"Dream Catcher"},{"floor":17,"key":"Toxic Egg 2"},{"floor":17,"key":"Bird Faced Urn"}],"event_choices":[{"damage_healed":0,"gold_gain":0,"player_choice":"Lose Max HP","damage_taken":0,"relics_obtained":["Golden Idol"],"max_hp_gain":0,"max_hp_loss":5,"event_name":"Golden Idol","floor":2,"gold_loss":0},{"cards_removed":["Strike_G"],"damage_healed":0,"gold_gain":0,"player_choice":"Card Removal","damage_taken":7,"max_hp_gain":0,"max_hp_loss":0,"event_name":"Golden Wing","floor":4,"gold_loss":0},{"damage_healed":0,"gold_gain":0,"player_choice":"Bought 3 Potions","damage_taken":0,"max_hp_gain":0,"max_hp_loss":0,"event_name":"The Woman in Blue","floor":5,"gold_loss":0},{"damage_healed":16,"gold_gain":0,"player_choice":"Healed","damage_taken":0,"max_hp_gain":0,"max_hp_loss":0,"event_name":"The Cleric","floor":14,"gold_loss":35}],"is_beta":false,"boss_relics":[{"not_picked":["Sozu","Philosopher\u0027s Stone"],"picked":"Calling Bell"}],"items_purged_floors":[],"is_endless":false,"potions_floor_spawned":[6,10,11,12,16],"killed_by":"2 Thieves","ascension_level":0}