{"gold_per_floor":[116,133,83,102,102,137,137,170,219,219,237,249,268,287,287,287],"floor_reached":16,"playtime":998,"items_purged":[],"score":114,"play_id":"14b154a4-8a15-4114-9ac4-538bfc3ab2ac","local_time":"20190514155404","is_ascension_mode":false,"campfire_choices":[{"data":"Dual Wield","floor":7,"key":"SMITH"},{"floor":10,"key":"REST"},{"floor":15,"key":"REST"}],"neow_cost":"NONE","seed_source_timestamp":97364127024356,"circlet_count":0,"master_deck":["Strike_R","Strike_R","Strike_R","Strike_R","Defend_R","Defend_R","Defend_R","Defend_R","Bash","Thunderclap","Feel No Pain","Dual Wield+1","Havoc","Pummel","Cleave","Warcry"],"relics":["Burning Blood","Dodecahedron","Oddly Smooth Stone","Art of War"],"potions_floor_usage":[2,6,6,11,16],"damage_taken":[{"damage":5,"enemies":"2 Louse","floor":1,"turns":3},{"damage":6,"enemies":"Small Slimes","floor":2,"turns":3},{"damage":6,"enemies":"Cultist","floor":4,"turns":4},{"damage":19,"enemies":"3 Sentries","floor":6,"turns":9},{"damage":63,"enemies":"Lagavulin","floor":8,"turns":9},{"damage":6,"enemies":"Gremlin Gang","floor":11,"turns":4},{"damage":14,"enemies":"Blue Slaver","floor":12,"turns":5},{"damage":6,"enemies":"3 Louse","floor":13,"turns":4},{"damage":11,"enemies":"Looter","floor":14,"turns":4},{"damage":64,"enemies":"Slime Boss","floor":16,"turns":11}],"seed_played":"7034393426979059301","potions_obtained":[{"floor":0,"key":"Poison Potion"},{"floor":0,"key":"Fire Potion"},{"floor":0,"key":"AttackPotion"},{"floor":8,"key":"Regen Potion"},{"floor":13,"key":"EntropicBrew"},{"floor":14,"key":"EssenceOfSteel"}],"is_trial":false,"path_per_floor":["M","M","?","M","?","E","R","E","T","R","M","M","M","M","R","B"],"character_chosen":"IRONCLAD","items_purchased":[],"campfire_rested":2,"item_purchase_floors":[],"current_hp_per_floor":[80,80,80,80,80,67,67,10,10,34,46,38,38,33,57,0],"gold":287,"neow_bonus":"THREE_SMALL_POTIONS","is_prod":false,"is_daily":false,"chose_seed":false,"campfire_upgraded":1,"win_rate":0,"timestamp":1557874444,"path_taken":["M","M","?","M","?","E","R","E","T","R","M","?","M","?","R","BOSS"],"build_version":"2019-01-23","purchased_purges":0,"victory":false,"max_hp_per_floor":[80,80,80,80,80,80,80,80,80,80,80,80,80,80,80,80],"card_choices":[{"not_picked":["Headbutt","True Grit"],"picked":"Thunderclap","floor":1},{"not_picked":["Twin Strike","Headbutt"],"picked":"Feel No Pain","floor":2},{"not_picked":["Searing Blow","Bloodletting","Flex"],"picked":"SKIP","floor":4},{"not_picked":["Clothesline","Perfected Strike"],"picked":"Dual Wield","floor":6},{"not_picked":["Whirlwind","Clothesline"],"picked":"Havoc","floor":8},{"not_picked":["Rupture","Brutality"],"picked":"Pummel","floor":11},{"not_picked":["Headbutt","Flex"],"picked":"Cleave","floor":12},{"not_picked":["Clothesline","Metallicize","Searing Blow"],"picked":"SKIP","floor":13},{"not_picked":["Heavy Blade","Shrug It Off"],"picked":"Warcry","floor":14}],"player_experience":201582,"relics_obtained":[{"floor":6,"key":"Dodecahedron"},{"floor":8,"key":"Oddly Smooth Stone"},{"floor":9,"key":"Art of War"}],"event_choices":[{"cards_removed":["Strike_R"],"damage_healed":0,"gold_gain":0,"player_choice":"Card Removal","damage_taken":0,"max_hp_gain":0,"max_hp_loss":0,"event_name":"The Cleric","floor":3,"gold_loss":50},{"damage_healed":0,"gold_gain":0,"player_choice":"Ignored","damage_taken":0,"max_hp_gain":0,"max_hp_loss":0,"event_name":"NoteForYourself","floor":5,"gold_loss":0}],"is_beta":false,"boss_relics":[],"items_purged_floors":[],"is_endless":false,"potions_floor_spawned":[1,8,13,14],"killed_by":"Slime Boss","ascension_level":0}