{"gold_per_floor":[117,128,148,164,15,41,41,41,66,66,36,66,81,108,108,180,180,197,211,211,136,136,136],"floor_reached":23,"playtime":904,"items_purged":[],"score":418,"play_id":"86418110-b380-4c20-9a72-5b7f0c2ded85","local_time":"20190623174719","is_ascension_mode":true,"campfire_choices":[{"floor":8,"key":"REST"},{"data":"Feed","floor":10,"key":"SMITH"},{"data":"Bash","floor":15,"key":"SMITH"}],"neow_cost":"NONE","seed_source_timestamp":166655130413758,"circlet_count":0,"master_deck":["AscendersBane","Strike_R","Defend_R","Defend_R","Defend_R","Defend_R","Bash+1","Pommel Strike","Cleave","Spot Weakness","Feed+1","Fiend Fire","Heavy Blade","Demon Form","Twin Strike","Double Tap","Exhume","Ghostly","Ghostly","Ghostly"],"relics":["Burning Blood","Bag of Marbles","Oddly Smooth Stone","Pen Nib","Strawberry","Philosopher\u0027s Stone"],"potions_floor_usage":[6,6,14,16,16,18,19],"damage_taken":[{"damage":7,"enemies":"Cultist","floor":1,"turns":4},{"damage":8,"enemies":"Small Slimes","floor":2,"turns":4},{"damage":2,"enemies":"2 Louse","floor":3,"turns":2},{"damage":21,"enemies":"Looter","floor":4,"turns":4},{"damage":35,"enemies":"Lagavulin","floor":6,"turns":6},{"damage":8,"enemies":"Gremlin Nob","floor":12,"turns":3},{"damage":5,"enemies":"Blue Slaver","floor":13,"turns":4},{"damage":28,"enemies":"Lagavulin","floor":14,"turns":4},{"damage":18,"enemies":"Slime Boss","floor":16,"turns":8},{"damage":24,"enemies":"2 Thieves","floor":18,"turns":3},{"damage":19,"enemies":"Shell Parasite","floor":19,"turns":3},{"damage":51,"enemies":"Book of Stabbing","floor":23,"turns":5}],"seed_played":"4905959001147906606","potions_obtained":[{"floor":3,"key":"AttackPotion"},{"floor":4,"key":"FearPotion"},{"floor":11,"key":"SpeedPotion"},{"floor":11,"key":"FairyPotion"},{"floor":13,"key":"Energy Potion"},{"floor":14,"key":"Dexterity Potion"},{"floor":16,"key":"FearPotion"},{"floor":18,"key":"AttackPotion"}],"is_trial":false,"path_per_floor":["M","M","M","M","$","E","$","R","T","R","?","E","M","E","R","B",null,"M","M","?","?","?","E"],"character_chosen":"IRONCLAD","items_purchased":["Feed"],"campfire_rested":1,"item_purchase_floors":[5],"current_hp_per_floor":[67,65,69,54,54,25,25,47,47,47,47,49,54,39,39,31,78,64,51,51,51,49,0],"gold":136,"neow_bonus":"REMOVE_CARD","is_prod":false,"is_daily":false,"chose_seed":false,"campfire_upgraded":2,"win_rate":0,"timestamp":1561326439,"path_taken":["M","M","?","?","?","E","$","R","T","R","?","E","?","E","R","BOSS","M","M","?","?","?","E"],"build_version":"2019-01-23","purchased_purges":0,"victory":false,"max_hp_per_floor":[75,75,75,75,75,75,75,75,75,75,75,79,83,90,90,94,94,98,98,98,98,49,49],"card_choices":[{"not_picked":["Body Slam","Flex"],"picked":"Pommel Strike","floor":1},{"not_picked":["Pummel","Sentinel"],"picked":"Cleave","floor":2},{"not_picked":["Power Through","Rupture","Body Slam"],"picked":"SKIP","floor":3},{"not_picked":["Clash","Battle Trance"],"picked":"Spot Weakness","floor":4},{"not_picked":["Havoc","Body Slam"],"picked":"Fiend Fire","floor":6},{"not_picked":["Infernal Blade","Dual Wield"],"picked":"Heavy Blade","floor":12},{"not_picked":["Seeing Red","Cleave","Clothesline"],"picked":"SKIP","floor":13},{"not_picked":["Reckless Charge","Searing Blow","Iron Wave"],"picked":"SKIP","floor":14},{"not_picked":["Exhume","Feed"],"picked":"Demon Form","floor":16},{"not_picked":["Thunderclap","Cleave"],"picked":"Twin Strike","floor":18},{"not_picked":["Havoc","Flex","Headbutt"],"picked":"SKIP","floor":19}],"player_experience":967397,"relics_obtained":[{"floor":6,"key":"Bag of Marbles"},{"floor":9,"key":"Oddly Smooth Stone"},{"floor":12,"key":"Pen Nib"},{"floor":14,"key":"Strawberry"}],"event_choices":[{"damage_healed":0,"gold_gain":0,"player_choice":"Bought 2 Potions","damage_taken":0,"max_hp_gain":0,"max_hp_loss":0,"event_name":"The Woman in Blue","floor":11,"gold_loss":0},{"damage_healed":0,"gold_gain":0,"cards_transformed":["Strike_R","Strike_R"],"player_choice":"Became Test Subject","damage_taken":0,"max_hp_gain":0,"max_hp_loss":0,"event_name":"Drug Dealer","floor":20,"gold_loss":0,"cards_obtained":["Double Tap","Exhume"]},{"cards_removed":["Strike_R"],"damage_healed":0,"gold_gain":0,"player_choice":"Gave Gold","damage_taken":0,"max_hp_gain":0,"max_hp_loss":0,"event_name":"Beggar","floor":21,"gold_loss":75},{"damage_healed":0,"gold_gain":0,"player_choice":"Became a Ghost","damage_taken":0,"max_hp_gain":0,"max_hp_loss":49,"event_name":"Ghosts","floor":22,"gold_loss":0,"cards_obtained":["Ghostly","Ghostly","Ghostly"]}],"is_beta":false,"boss_relics":[{"not_picked":["Calling Bell","Busted Crown"],"picked":"Philosopher\u0027s Stone"}],"items_purged_floors":[],"is_endless":false,"potions_floor_spawned":[3,4,13,14,16,18],"killed_by":"Book of Stabbing","ascension_level":20}