{"gold_per_floor":[126,156,181,193,219,231,243,274,286,316,357,40,51,67,67,67],"floor_reached":16,"playtime":464,"items_purged":["Strike_R"],"score":106,"play_id":"0d722e14-7e24-41bb-b1ab-c699f3f92cd6","local_time":"20190502162816","is_ascension_mode":false,"campfire_choices":[{"data":"Bash","floor":6,"key":"SMITH"},{"data":"Spot Weakness","floor":15,"key":"SMITH"}],"neow_cost":"NONE","seed_source_timestamp":333321497597018,"circlet_count":0,"master_deck":["Strike_R","Strike_R+1","Strike_R","Defend_R","Defend_R","Defend_R","Defend_R","Bash+1","Spot Weakness+1","Headbutt+1","True Grit","Pummel"],"relics":["Burning Blood","MawBank","Whetstone","Ancient Tea Set","Sundial"],"potions_floor_usage":[8,11,16],"damage_taken":[{"damage":6,"enemies":"Cultist","floor":1,"turns":3},{"damage":7,"enemies":"2 Louse","floor":2,"turns":3},{"damage":0,"enemies":"Small Slimes","floor":3,"turns":2},{"damage":4,"enemies":"Red Slaver","floor":5,"turns":3},{"damage":23,"enemies":"Exordium Thugs","floor":8,"turns":6},{"damage":0,"enemies":"2 Fungi Beasts","floor":10,"turns":3},{"damage":31,"enemies":"Lagavulin","floor":11,"turns":5},{"damage":11,"enemies":"Large Slime","floor":13,"turns":4},{"damage":5,"enemies":"Looter","floor":14,"turns":2},{"damage":42,"enemies":"Slime Boss","floor":16,"turns":5}],"seed_played":"-2390460234828950555","potions_obtained":[{"floor":1,"key":"LiquidBronze"},{"floor":3,"key":"Block Potion"},{"floor":8,"key":"PowerPotion"},{"floor":13,"key":"Weak Potion"}],"is_trial":false,"path_per_floor":["M","M","M","$","M","R","?","M","T","M","E","$","M","M","R","B"],"character_chosen":"IRONCLAD","items_purchased":["Sundial"],"campfire_rested":0,"item_purchase_floors":[12],"current_hp_per_floor":[80,79,80,80,80,80,73,56,56,62,37,37,32,33,33,0],"gold":67,"neow_bonus":"RANDOM_COMMON_RELIC","is_prod":false,"is_daily":false,"chose_seed":false,"campfire_upgraded":2,"win_rate":0,"timestamp":1556828896,"path_taken":["M","M","?","$","M","R","?","M","T","M","E","$","M","M","R","BOSS"],"build_version":"2019-01-23","purchased_purges":1,"victory":false,"max_hp_per_floor":[80,80,80,80,80,80,80,80,80,80,80,80,80,80,80,80],"card_choices":[{"not_picked":["Metallicize","Evolve"],"picked":"Spot Weakness","floor":1},{"not_picked":["Shockwave","Body Slam","Headbutt"],"picked":"SKIP","floor":2},{"not_picked":["Shockwave","Body Slam"],"picked":"Headbutt","floor":2},{"not_picked":["Disarm","Twin Strike"],"picked":"True Grit","floor":3},{"not_picked":["Body Slam","Thunderclap","Fire Breathing"],"picked":"SKIP","floor":5},{"not_picked":["Clothesline","Burning Pact"],"picked":"Pummel","floor":8},{"not_picked":["Searing Blow","Headbutt","Perfected Strike"],"picked":"SKIP","floor":10},{"not_picked":["Rupture","Feel No Pain","Warcry"],"picked":"SKIP","floor":11},{"not_picked":["Bloodletting","Dual Wield","Clothesline"],"picked":"SKIP","floor":13},{"not_picked":["Feel No Pain","Searing Blow","Wild Strike"],"picked":"SKIP","floor":14}],"player_experience":646007,"relics_obtained":[{"floor":9,"key":"Whetstone"},{"floor":11,"key":"Ancient Tea Set"}],"event_choices":[{"cards_removed":["Strike_R"],"damage_healed":0,"gold_gain":0,"player_choice":"Card Removal","damage_taken":7,"max_hp_gain":0,"max_hp_loss":0,"event_name":"Golden Wing","floor":7,"gold_loss":0}],"is_beta":false,"boss_relics":[],"items_purged_floors":[12],"is_endless":false,"potions_floor_spawned":[1,3,8,13],"killed_by":"Slime Boss","ascension_level":0}