{"gold_per_floor":[112,37,57,57,71,71,100,100,100,115,115,134,170,195,195,324,324,344,344,367,37,162,162,176,176,176,140,159,178,178,192,192,317,317,340,353,377,377,392,392,423,423,423,423,448,167,208,58,58,58],"floor_reached":51,"playtime":3503,"items_purged":["Defend_R","Strike_R","Strike_R","Strike_R"],"score":709,"play_id":"94b629c0-94e6-423d-8ccb-52ac3f17ecfe","local_time":"20190506235834","is_ascension_mode":false,"campfire_choices":[{"floor":6,"key":"REST"},{"data":"Body Slam","floor":8,"key":"SMITH"},{"floor":15,"key":"REST"},{"floor":23,"key":"REST"},{"data":"Juggernaut","floor":25,"key":"SMITH"},{"data":"Bludgeon","floor":32,"key":"SMITH"},{"data":"Demon Form","floor":40,"key":"SMITH"},{"data":"Shrug It Off","floor":42,"key":"SMITH"},{"data":"Shrug It Off","floor":44,"key":"SMITH"},{"data":"Shrug It Off","floor":49,"key":"SMITH"}],"neow_cost":"NONE","seed_source_timestamp":740968396605262,"circlet_count":0,"master_deck":["Strike_R","Strike_R","Defend_R+1","Defend_R","Defend_R+1","Bash","Iron Wave","Intimidate+1","Body Slam+1","Bludgeon+1","Battle Trance","Disarm+1","Juggernaut+1","Hemokinesis+1","Shrug It Off+1","Armaments+1","Metallicize","Metallicize","True Grit+1","Iron Wave","Demon Form+1","Body Slam+1","Shrug It Off+1","Shrug It Off+1","Finesse"],"relics":["Burning Blood","Bird Faced Urn","Gremlin Horn","Golden Idol","Odd Mushroom","Philosopher\u0027s Stone","Medical Kit","WingedGreaves","Mummified Hand","MutagenicStrength","Eternal Feather","Sundial","Pantograph","War Paint","Bag of Preparation"],"potions_floor_usage":[7,7,12,16,18,20,22,28,31,33,36,36,47,50,50],"damage_taken":[{"damage":1,"enemies":"Cultist","floor":1,"turns":3},{"damage":3,"enemies":"Jaw Worm","floor":3,"turns":4},{"damage":5,"enemies":"Small Slimes","floor":5,"turns":3},{"damage":24,"enemies":"Lagavulin","floor":7,"turns":8},{"damage":7,"enemies":"Looter","floor":10,"turns":2},{"damage":3,"enemies":"Exordium Thugs","floor":12,"turns":6},{"damage":8,"enemies":"The Mushroom Lair","floor":13,"turns":5},{"damage":12,"enemies":"Large Slime","floor":14,"turns":4},{"damage":21,"enemies":"The Guardian","floor":16,"turns":12},{"damage":0,"enemies":"Shell Parasite","floor":18,"turns":3},{"damage":14,"enemies":"2 Thieves","floor":20,"turns":4},{"damage":24,"enemies":"Colosseum Slavers","floor":22,"turns":5},{"damage":28,"enemies":"Colosseum Nobs","floor":22,"turns":6},{"damage":4,"enemies":"3 Cultists","floor":24,"turns":5},{"damage":2,"enemies":"Cultist and Chosen","floor":28,"turns":4},{"damage":15,"enemies":"Snake Plant","floor":29,"turns":3},{"damage":2,"enemies":"Centurion and Healer","floor":31,"turns":5},{"damage":21,"enemies":"Champ","floor":33,"turns":12},{"damage":1,"enemies":"Orb Walker","floor":35,"turns":4},{"damage":6,"enemies":"3 Darklings","floor":36,"turns":4},{"damage":21,"enemies":"Sphere and 2 Shapes","floor":37,"turns":6},{"damage":22,"enemies":"Maw","floor":39,"turns":8},{"damage":2,"enemies":"Reptomancer","floor":41,"turns":5},{"damage":5,"enemies":"Spire Growth","floor":45,"turns":5},{"damage":12,"enemies":"Nemesis","floor":47,"turns":7},{"damage":20,"enemies":"Awakened One","floor":50,"turns":11}],"seed_played":"-3450966694882824600","potions_obtained":[{"floor":1,"key":"SteroidPotion"},{"floor":3,"key":"AttackPotion"},{"floor":7,"key":"LiquidBronze"},{"floor":12,"key":"Strength Potion"},{"floor":16,"key":"Energy Potion"},{"floor":19,"key":"Dexterity Potion"},{"floor":19,"key":"EssenceOfSteel"},{"floor":19,"key":"GamblersBrew"},{"floor":22,"key":"SpeedPotion"},{"floor":24,"key":"Fire Potion"},{"floor":28,"key":"SkillPotion"},{"floor":33,"key":"Energy Potion"},{"floor":35,"key":"Fruit Juice"},{"floor":41,"key":"Dexterity Potion"},{"floor":45,"key":"Energy Potion"},{"floor":47,"key":"SpeedPotion"}],"is_trial":false,"path_per_floor":["M","$","M","?","M","R","E","R","T","M","?","M","?","M","R","B",null,"M","?","M","$","?","R","M","R","T","$","M","M","?","M","R","B",null,"M","M","M","?","M","R","E","R","T","R","M","$","E","$","R","B",null],"character_chosen":"IRONCLAD","items_purchased":["Shrug It Off","Medical Kit","Metallicize","War Paint"],"campfire_rested":3,"item_purchase_floors":[21,21,27,46],"current_hp_per_floor":[80,80,80,64,65,80,62,62,62,61,61,64,62,56,74,59,74,74,74,68,68,32,54,58,58,58,58,68,65,65,74,74,63,74,74,79,68,68,60,75,79,79,79,79,79,79,75,75,79,70],"gold":58,"neow_bonus":"THREE_CARDS","is_prod":false,"is_daily":false,"chose_seed":false,"campfire_upgraded":7,"win_rate":0,"timestamp":1557212314,"path_taken":["M","?","M","?","M","R","E","R","T","M","?","M","?","M","R","BOSS","M","?","M","?","?","R","M","R","T","$","?","M","?","M","R","BOSS","M","M","M","?","M","R","E","R","T","R","M","$","E","$","R","BOSS"],"build_version":"2019-01-23","purchased_purges":4,"victory":true,"max_hp_per_floor":[80,80,80,80,80,80,80,80,80,80,74,74,74,74,74,74,74,74,74,74,74,74,74,74,74,74,74,74,74,74,74,74,74,74,74,79,79,79,79,79,79,79,79,79,79,79,79,79,79,79],"card_choices":[{"not_picked":["Carnage","Heavy Blade"],"picked":"Iron Wave","floor":0},{"not_picked":["Infernal Blade","Havoc"],"picked":"Intimidate","floor":1},{"not_picked":["Clothesline","Flex","Burning Pact"],"picked":"SKIP","floor":3},{"not_picked":["Anger","Clothesline"],"picked":"Body Slam","floor":5},{"not_picked":["Reckless Charge","Sword Boomerang"],"picked":"Bludgeon","floor":7},{"not_picked":["Uppercut","Searing Blow"],"picked":"Battle Trance","floor":10},{"not_picked":["Perfected Strike","Warcry"],"picked":"Disarm","floor":12},{"not_picked":["Disarm","Shockwave","Inflame"],"picked":"SKIP","floor":14},{"not_picked":["Barricade","Offering"],"picked":"Juggernaut","floor":16},{"not_picked":["Cleave","Clash"],"picked":"Hemokinesis+1","floor":18},{"not_picked":["Heavy Blade","Burning Pact","Warcry"],"picked":"SKIP","floor":20},{"not_picked":["Rupture+1","Clash"],"picked":"Armaments+1","floor":22},{"not_picked":["Flex","Body Slam+1"],"picked":"Metallicize","floor":24},{"not_picked":["Evolve","Dropkick+1"],"picked":"True Grit+1","floor":28},{"not_picked":["Spot Weakness+1","True Grit","Rupture+1"],"picked":"SKIP","floor":29},{"not_picked":["Heavy Blade","Infernal Blade"],"picked":"Iron Wave","floor":31},{"not_picked":["Double Tap","Dark Embrace"],"picked":"Demon Form","floor":33},{"not_picked":["Pommel Strike","Shrug It Off+1"],"picked":"Body Slam+1","floor":35},{"not_picked":["Blood for Blood","Twin Strike+1"],"picked":"Shrug It Off","floor":36},{"not_picked":["Shockwave","Warcry+1"],"picked":"Shrug It Off","floor":37},{"not_picked":["Madness","Good Instincts"],"picked":"Finesse","floor":38},{"not_picked":["Wild Strike","Pommel Strike","Hemokinesis+1"],"picked":"SKIP","floor":39},{"not_picked":["Dropkick+1","Clash+1","Sentinel"],"picked":"SKIP","floor":41},{"not_picked":["Wild Strike+1","Sword Boomerang+1","Iron Wave"],"picked":"SKIP","floor":45},{"not_picked":["Sever Soul+1","Iron Wave","Dropkick+1"],"picked":"SKIP","floor":47}],"player_experience":127214,"relics_obtained":[{"floor":7,"key":"Bird Faced Urn"},{"floor":9,"key":"Gremlin Horn"},{"floor":13,"key":"Odd Mushroom"},{"floor":22,"key":"WingedGreaves"},{"floor":22,"key":"Mummified Hand"},{"floor":41,"key":"Sundial"},{"floor":43,"key":"Pantograph"},{"floor":47,"key":"Bag of Preparation"}],"event_choices":[{"damage_healed":0,"gold_gain":0,"player_choice":"Entered Light","damage_taken":16,"max_hp_gain":0,"max_hp_loss":0,"event_name":"Shining Light","floor":4,"gold_loss":0,"cards_upgraded":["Defend_R","Defend_R"]},{"damage_healed":0,"gold_gain":0,"player_choice":"Lose Max HP","damage_taken":0,"relics_obtained":["Golden Idol"],"max_hp_gain":0,"max_hp_loss":6,"event_name":"Golden Idol","floor":11,"gold_loss":0},{"damage_healed":0,"gold_gain":0,"player_choice":"Fought Mushrooms","damage_taken":0,"max_hp_gain":0,"max_hp_loss":0,"event_name":"Mushrooms","floor":13,"gold_loss":0},{"damage_healed":0,"gold_gain":0,"player_choice":"Got Potions","damage_taken":0,"max_hp_gain":0,"max_hp_loss":0,"event_name":"Lab","floor":19,"gold_loss":0},{"damage_healed":0,"gold_gain":0,"player_choice":"Fight","damage_taken":0,"max_hp_gain":0,"max_hp_loss":0,"event_name":"Colosseum","floor":22,"gold_loss":0},{"damage_healed":0,"gold_gain":0,"player_choice":"Fought Nobs","damage_taken":0,"max_hp_gain":0,"max_hp_loss":0,"event_name":"Colosseum","floor":22,"gold_loss":0},{"damage_healed":0,"gold_gain":0,"player_choice":"Inject Mutagens","damage_taken":0,"relics_obtained":["MutagenicStrength"],"max_hp_gain":0,"max_hp_loss":0,"event_name":"Drug Dealer","floor":30,"gold_loss":0},{"damage_healed":0,"gold_gain":0,"player_choice":"Memory 1","damage_taken":0,"max_hp_gain":0,"max_hp_loss":0,"event_name":"SensoryStone","floor":38,"gold_loss":0}],"is_beta":false,"boss_relics":[{"not_picked":["Coffee Dripper","Runic Pyramid"],"picked":"Philosopher\u0027s Stone"},{"not_picked":["Black Star","Mark of Pain"],"picked":"Eternal Feather"}],"items_purged_floors":[2,21,46,48],"is_endless":false,"potions_floor_spawned":[1,3,7,12,16,22,24,28,29,33,35,41,45,47],"ascension_level":0}