{"gold_per_floor":[109,128,141,141,222,222,250,250,276,276,295,295,325,119,119,217,217,229,246,246,261,275,275,190,220,302,314,334,334,352,52,52,52],"floor_reached":33,"playtime":1642,"items_purged":["Strike_R","Anger"],"score":332,"play_id":"f05a5261-f02d-4166-bbdf-6ce0e9a30741","local_time":"20190623134324","is_ascension_mode":true,"campfire_choices":[{"data":"Perfected Strike","floor":6,"key":"SMITH"},{"floor":8,"key":"REST"},{"data":"Bash","floor":10,"key":"SMITH"},{"data":"Iron Wave","floor":12,"key":"SMITH"},{"data":"Thunderclap","floor":15,"key":"SMITH"},{"data":"Heavy Blade","floor":23,"key":"SMITH"},{"data":"Offering","floor":29,"key":"SMITH"},{"data":"True Grit","floor":32,"key":"SMITH"}],"neow_cost":"NONE","seed_source_timestamp":44734927453183,"circlet_count":0,"master_deck":["Strike_R","Strike_R","Strike_R","Strike_R","Defend_R+1","Defend_R","Defend_R","Defend_R","Perfected Strike+1","Thunderclap+1","Spot Weakness+1","Headbutt","Iron Wave+1","Impervious","Offering+1","Entrench+1","Heavy Blade+1","Power Through+1","True Grit+1","Pommel Strike"],"relics":["Burning Blood","Red Skull","Tiny Chest","War Paint","Anchor","MawBank","Busted Crown","Lantern","Pen Nib","Dodecahedron"],"potions_floor_usage":[7,16,22,27,30,30,33,33],"damage_taken":[{"damage":6,"enemies":"2 Louse","floor":1,"turns":2},{"damage":7,"enemies":"Jaw Worm","floor":2,"turns":4},{"damage":4,"enemies":"Small Slimes","floor":3,"turns":2},{"damage":41,"enemies":"Lagavulin","floor":7,"turns":8},{"damage":1,"enemies":"Red Slaver","floor":11,"turns":4},{"damage":15,"enemies":"3 Sentries","floor":13,"turns":6},{"damage":36,"enemies":"Slime Boss","floor":16,"turns":10},{"damage":2,"enemies":"Chosen","floor":18,"turns":3},{"damage":6,"enemies":"Shell Parasite","floor":19,"turns":2},{"damage":23,"enemies":"Snake Plant","floor":21,"turns":5},{"damage":8,"enemies":"3 Cultists","floor":22,"turns":5},{"damage":10,"enemies":"Book of Stabbing","floor":25,"turns":4},{"damage":21,"enemies":"Centurion and Healer","floor":27,"turns":4},{"damage":6,"enemies":"Chosen and Byrds","floor":28,"turns":3},{"damage":7,"enemies":"Cultist and Chosen","floor":30,"turns":6},{"damage":51,"enemies":"Automaton","floor":33,"turns":6}],"seed_played":"-9176057890169647909","potions_obtained":[{"floor":2,"key":"BloodPotion"},{"floor":13,"key":"Dexterity Potion"},{"floor":21,"key":"SpeedPotion"},{"floor":25,"key":"Fruit Juice"},{"floor":27,"key":"EssenceOfSteel"},{"floor":28,"key":"Ancient Potion"},{"floor":30,"key":"PowerPotion"}],"is_trial":false,"path_per_floor":["M","M","M","?","T","R","E","R","T","R","M","R","E","$","R","B",null,"M","M","?","M","M","R","?","E","T","M","M","R","M","$","R","B"],"character_chosen":"IRONCLAD","items_purchased":["Impervious","True Grit","Pommel Strike","AttackPotion","FearPotion"],"campfire_rested":1,"item_purchase_floors":[14,31,31,31,31],"current_hp_per_floor":[80,79,80,85,85,85,58,83,83,83,85,85,76,76,76,46,85,85,85,85,68,66,66,66,62,62,52,52,52,51,51,51,0],"gold":52,"neow_bonus":"RANDOM_COMMON_RELIC","is_prod":false,"is_daily":false,"chose_seed":false,"campfire_upgraded":7,"win_rate":0,"timestamp":1561322604,"path_taken":["M","M","M","?","?","R","E","R","T","R","?","R","E","$","R","BOSS","M","M","?","M","?","R","?","E","T","M","M","R","M","$","R","BOSS"],"build_version":"2019-01-23","purchased_purges":2,"victory":false,"max_hp_per_floor":[80,80,80,85,85,85,85,85,85,85,85,85,85,85,85,85,85,85,85,85,85,85,85,85,85,85,90,90,90,90,90,90,90],"card_choices":[{"not_picked":["True Grit","Feel No Pain"],"picked":"Perfected Strike","floor":1},{"not_picked":["Twin Strike","Havoc"],"picked":"Thunderclap","floor":2},{"not_picked":["Searing Blow","Blood for Blood"],"picked":"Spot Weakness","floor":3},{"not_picked":["Anger","Thunderclap"],"picked":"Headbutt","floor":7},{"not_picked":["Rupture","Wild Strike"],"picked":"Iron Wave","floor":11},{"not_picked":["Sever Soul","Spot Weakness","Warcry"],"picked":"SKIP","floor":13},{"not_picked":["Demon Form","Bludgeon"],"picked":"Offering","floor":16},{"not_picked":["Perfected Strike"],"picked":"SKIP","floor":18},{"not_picked":[],"picked":"Entrench+1","floor":19},{"not_picked":["Anger+1"],"picked":"SKIP","floor":21},{"not_picked":[],"picked":"Heavy Blade","floor":22},{"not_picked":["Ghostly Armor"],"picked":"SKIP","floor":25},{"not_picked":["Wild Strike"],"picked":"SKIP","floor":27},{"not_picked":[],"picked":"Power Through+1","floor":28},{"not_picked":["Entrench+1"],"picked":"SKIP","floor":30}],"player_experience":482172,"relics_obtained":[{"floor":5,"key":"Tiny Chest"},{"floor":7,"key":"War Paint"},{"floor":9,"key":"Anchor"},{"floor":13,"key":"MawBank"},{"floor":25,"key":"Pen Nib"},{"floor":26,"key":"Dodecahedron"}],"event_choices":[{"damage_healed":0,"gold_gain":0,"player_choice":"Donut","damage_taken":0,"max_hp_gain":5,"max_hp_loss":0,"event_name":"Big Fish","floor":4,"gold_loss":0},{"damage_healed":0,"gold_gain":0,"cards_transformed":["Bash"],"player_choice":"Transformed","damage_taken":0,"max_hp_gain":0,"max_hp_loss":0,"event_name":"Transmorgrifier","floor":20,"gold_loss":0,"cards_obtained":["Anger"]},{"damage_healed":0,"gold_gain":0,"player_choice":"Obtained Relic","damage_taken":0,"relics_obtained":["Lantern"],"max_hp_gain":0,"max_hp_loss":0,"event_name":"Addict","floor":24,"gold_loss":85}],"is_beta":false,"boss_relics":[{"not_picked":["Runic Dome","White Beast Statue"],"picked":"Busted Crown"}],"items_purged_floors":[14,31],"is_endless":false,"potions_floor_spawned":[2,13,21,25,27,28,30],"killed_by":"Automaton","ascension_level":4}