{"gold_per_floor":[119,2,2,21,38,38,52,52,52,52,93,9,42,42,42,133,133,87,87,99,9,9,20,20,33,86,0,16,16,16,16,16,93,93,111,111,211,211,222,222,238,238,264,264,276,276,0,20,20,20],"floor_reached":51,"playtime":2527,"items_purged":["Shame"],"score":1284,"play_id":"7d70e25c-d379-4b78-95fd-48e1541de80e","local_time":"20190702200255","is_ascension_mode":true,"campfire_choices":[{"data":"Bullet Time","floor":6,"key":"SMITH"},{"floor":8,"key":"REST"},{"floor":15,"key":"REST"},{"data":"Footwork","floor":24,"key":"SMITH"},{"data":"Backflip","floor":30,"key":"SMITH"},{"data":"After Image","floor":32,"key":"SMITH"},{"data":"Noxious Fumes","floor":40,"key":"SMITH"},{"data":"Bullet Time","floor":42,"key":"SMITH"},{"data":"Noxious Fumes","floor":44,"key":"SMITH"},{"data":"Leg Sweep","floor":49,"key":"SMITH"}],"neow_cost":"CURSE","seed_source_timestamp":1715759168439175,"circlet_count":0,"master_deck":["AscendersBane","Strike_G","Strike_G","Strike_G","Strike_G","Defend_G","Defend_G","Defend_G","Defend_G","Defend_G","Survivor","Neutralize","Bullet Time+1","PiercingWail","Footwork+1","Choke","Sucker Punch","Leg Sweep+1","Backflip+1","Noxious Fumes+1","Noxious Fumes+1","After Image+1","Dash","Predator","Backflip","Bullet Time+1","Crippling Poison","Skewer","Footwork+1"],"relics":["Ring of the Snake","Pantograph","Bloody Idol","Ancient Tea Set","Tough Bandages","Snecko Eye","Bronze Scales","Singing Bowl","Black Star","FossilizedHelix","Lantern","Red Mask"],"potions_floor_usage":[11,11,23,46,48,48,50],"damage_taken":[{"damage":25,"enemies":"Jaw Worm","floor":1,"turns":9},{"damage":0,"enemies":"2 Louse","floor":4,"turns":5},{"damage":0,"enemies":"Cultist","floor":5,"turns":4},{"damage":3,"enemies":"Blue Slaver","floor":7,"turns":6},{"damage":31,"enemies":"Lagavulin","floor":11,"turns":9},{"damage":32,"enemies":"Gremlin Nob","floor":13,"turns":6},{"damage":28,"enemies":"Hexaghost","floor":16,"turns":13},{"damage":3,"enemies":"2 Thieves","floor":18,"turns":5},{"damage":10,"enemies":"Spheric Guardian","floor":20,"turns":4},{"damage":0,"enemies":"Centurion and Healer","floor":23,"turns":7},{"damage":0,"enemies":"Snake Plant","floor":25,"turns":6},{"damage":8,"enemies":"Chosen and Byrds","floor":28,"turns":6},{"damage":25,"enemies":"Collector","floor":33,"turns":12},{"damage":1,"enemies":"3 Shapes","floor":35,"turns":7},{"damage":6,"enemies":"Mind Bloom Boss Battle","floor":37,"turns":9},{"damage":2,"enemies":"Orb Walker","floor":39,"turns":4},{"damage":0,"enemies":"Spire Growth","floor":41,"turns":5},{"damage":0,"enemies":"4 Shapes","floor":45,"turns":7},{"damage":0,"enemies":"Giant Head","floor":46,"turns":1},{"damage":0,"enemies":"Jaw Worm Horde","floor":48,"turns":4},{"damage":54,"enemies":"Donu and Deca","floor":50,"turns":12}],"seed_played":"6532826151923597405","potions_obtained":[{"floor":1,"key":"PowerPotion"},{"floor":4,"key":"Regen Potion"},{"floor":20,"key":"Energy Potion"},{"floor":28,"key":"SmokeBomb"},{"floor":35,"key":"Poison Potion"},{"floor":41,"key":"Swift Potion"},{"floor":45,"key":"EntropicBrew"}],"is_trial":false,"path_per_floor":["M","$","?","M","M","R","M","R","T","?","E","$","E","?","R","B",null,"M","?","M","$","?","M","R","M","T","?","M","T","R","$","R","B",null,"M","$","?","?","M","R","M","R","T","R","M","E","?","M","R","B",null],"character_chosen":"THE_SILENT","items_purchased":["Footwork","Noxious Fumes","Eviscerate"],"campfire_rested":2,"item_purchase_floors":[2,12,21],"current_hp_per_floor":[34,34,34,34,34,34,31,50,50,50,34,34,2,2,20,17,49,46,46,41,41,60,60,60,60,60,60,57,57,57,57,57,40,55,59,59,59,59,62,62,62,62,62,62,64,64,64,66,66,12],"gold":20,"neow_bonus":"THREE_RARE_CARDS","is_prod":false,"is_daily":false,"chose_seed":false,"campfire_upgraded":8,"win_rate":0,"timestamp":1562122975,"path_taken":["M","$","?","M","M","R","M","R","T","?","E","$","E","?","R","BOSS","M","?","M","$","?","?","R","M","T","?","M","?","R","?","R","BOSS","M","$","?","?","M","R","M","R","T","R","M","E","?","M","R","BOSS"],"build_version":"2019-07-01","purchased_purges":1,"victory":true,"max_hp_per_floor":[66,66,66,66,66,66,66,66,66,60,60,60,60,60,60,60,60,60,60,60,60,60,60,60,60,60,60,60,60,60,60,60,60,60,60,60,60,60,62,62,62,62,62,62,64,64,64,66,66,66],"card_choices":[{"not_picked":["Envenom","Venomology"],"picked":"Bullet Time","floor":0},{"not_picked":["Finisher","Bane"],"picked":"PiercingWail","floor":1},{"not_picked":["Terror","Sucker Punch"],"picked":"Choke","floor":4},{"not_picked":["Choke","Underhanded Strike"],"picked":"Sucker Punch","floor":5},{"not_picked":["Deflect","Dodge and Roll"],"picked":"Leg Sweep","floor":7},{"not_picked":["Dodge and Roll","Poisoned Stab"],"picked":"Backflip","floor":11},{"not_picked":["Night Terror","PiercingWail"],"picked":"Noxious Fumes","floor":13},{"not_picked":["Wraith Form v2","Phantasmal Killer"],"picked":"After Image","floor":16},{"not_picked":["Sucker Punch","Deflect"],"picked":"Dash","floor":18},{"not_picked":["Backstab","Prepared"],"picked":"Predator","floor":20},{"not_picked":["Prepared","Deadly Poison","Sucker Punch"],"picked":"SKIP","floor":23},{"not_picked":["Accuracy","Deadly Poison"],"picked":"Backflip","floor":25},{"not_picked":["Bane+1","Acrobatics","Cloak And Dagger"],"picked":"SKIP","floor":28},{"not_picked":["Doppelganger","Corpse Explosion"],"picked":"Bullet Time","floor":33},{"not_picked":["Reflex","Dodge and Roll+1"],"picked":"Crippling Poison","floor":35},{"not_picked":["Flying Knee","Expertise+1"],"picked":"Skewer","floor":37},{"not_picked":["Poisoned Stab+1","Slice","Tactician"],"picked":"Singing Bowl","floor":39},{"not_picked":["Prepared","Dagger Throw"],"picked":"Footwork+1","floor":41},{"not_picked":["Flechettes+1","Skewer","Deflect"],"picked":"Singing Bowl","floor":45},{"not_picked":["Deflect","Skewer+1","Poisoned Stab"],"picked":"Singing Bowl","floor":48}],"player_experience":1120185,"relics_obtained":[{"floor":9,"key":"Pantograph"},{"floor":11,"key":"Ancient Tea Set"},{"floor":13,"key":"Tough Bandages"},{"floor":26,"key":"Bronze Scales"},{"floor":29,"key":"Singing Bowl"},{"floor":37,"key":"FossilizedHelix"},{"floor":43,"key":"Lantern"}],"event_choices":[{"damage_healed":0,"gold_gain":0,"player_choice":"Fled","damage_taken":0,"max_hp_gain":0,"max_hp_loss":0,"event_name":"Scrap Ooze","floor":3,"gold_loss":0},{"damage_healed":0,"gold_gain":0,"player_choice":"Lose Max HP","damage_taken":0,"relics_obtained":["Golden Idol"],"max_hp_gain":0,"max_hp_loss":6,"event_name":"Golden Idol","floor":10,"gold_loss":0},{"damage_healed":0,"gold_gain":0,"player_choice":"Ignored","damage_taken":0,"max_hp_gain":0,"max_hp_loss":0,"event_name":"Shining Light","floor":14,"gold_loss":0},{"damage_healed":0,"gold_gain":0,"player_choice":"Gave Idol","damage_taken":0,"relics_obtained":["Bloody Idol"],"max_hp_gain":0,"max_hp_loss":0,"event_name":"Forgotten Altar","floor":19,"relics_lost":["Golden Idol"],"gold_loss":0},{"cards_removed":["Eviscerate"],"damage_healed":19,"gold_gain":0,"player_choice":"Offered Uncommon","damage_taken":0,"max_hp_gain":0,"max_hp_loss":0,"event_name":"Bonfire Elementals","floor":22,"gold_loss":0},{"damage_healed":0,"gold_gain":0,"player_choice":"Paid Fearfully","damage_taken":0,"max_hp_gain":0,"max_hp_loss":0,"event_name":"Masked Bandits","floor":27,"gold_loss":86},{"damage_healed":0,"gold_gain":0,"player_choice":"Fight","damage_taken":0,"max_hp_gain":0,"max_hp_loss":0,"event_name":"MindBloom","floor":37,"gold_loss":0},{"cards_removed":["Strike_G"],"damage_healed":0,"gold_gain":0,"player_choice":"Removed Attack","damage_taken":0,"max_hp_gain":0,"max_hp_loss":0,"event_name":"Falling","floor":38,"gold_loss":0},{"damage_healed":0,"gold_gain":0,"player_choice":"Paid","damage_taken":0,"relics_obtained":["Red Mask"],"max_hp_gain":0,"max_hp_loss":0,"event_name":"Tomb of Lord Red Mask","floor":47,"gold_loss":276}],"is_beta":false,"boss_relics":[{"not_picked":["Eternal Feather","Sozu"],"picked":"Snecko Eye"},{"not_picked":["Coffee Dripper","Runic Pyramid"],"picked":"Black Star"}],"items_purged_floors":[2],"is_endless":false,"potions_floor_spawned":[1,4,5,20,28,35,41,45,46],"ascension_level":19}