{"gold_per_floor":[110,121,133,152,24,53,53,84,165,165,165,215,243,254,254,254],"floor_reached":16,"playtime":652,"items_purged":[],"score":234,"play_id":"39daf068-5cef-4980-9d7c-6718cef67c2f","local_time":"20190529092157","is_ascension_mode":true,"campfire_choices":[{"floor":7,"key":"REST"},{"floor":11,"key":"REST"},{"floor":15,"key":"REST"}],"neow_cost":"NONE","seed_source_timestamp":1008469603383863,"circlet_count":0,"master_deck":["AscendersBane","Defend_G","Defend_G","Defend_G","Defend_G","Defend_G","Strike_G","Strike_G","Strike_G","Strike_G","Strike_G","Survivor","Neutralize","Deadly Poison","Bane","Poisoned Stab","Backstab","Footwork","Predator","Deflect","Dodge and Roll","Catalyst","Skewer"],"relics":["Ring of the Snake","NeowsBlessing","Art of War","Nunchaku","The Courier","Boot"],"potions_floor_usage":[13,16],"damage_taken":[{"damage":0,"enemies":"Small Slimes","floor":1,"turns":1},{"damage":0,"enemies":"Cultist","floor":2,"turns":1},{"damage":0,"enemies":"Jaw Worm","floor":3,"turns":1},{"damage":17,"enemies":"Red Slaver","floor":4,"turns":4},{"damage":32,"enemies":"3 Sentries","floor":6,"turns":11},{"damage":13,"enemies":"Lagavulin","floor":8,"turns":6},{"damage":27,"enemies":"3 Sentries","floor":13,"turns":9},{"damage":0,"enemies":"Looter","floor":14,"turns":2},{"damage":27,"enemies":"Slime Boss","floor":16,"turns":8}],"seed_played":"-6012351097819331932","potions_obtained":[{"floor":1,"key":"SpeedPotion"},{"floor":3,"key":"LiquidBronze"},{"floor":8,"key":"Poison Potion"}],"is_trial":false,"path_per_floor":["M","M","M","M","$","E","R","E","T","?","R","?","E","M","R","B"],"character_chosen":"THE_SILENT","items_purchased":["Footwork","Predator"],"campfire_rested":3,"item_purchase_floors":[5,5],"current_hp_per_floor":[59,59,59,42,42,10,29,16,16,16,35,35,8,8,27,0],"gold":254,"neow_bonus":"THREE_ENEMY_KILL","is_prod":false,"is_daily":false,"chose_seed":false,"campfire_upgraded":0,"win_rate":0,"timestamp":1559136117,"path_taken":["M","M","M","M","$","E","R","E","T","?","R","?","E","?","R","BOSS"],"build_version":"2019-01-23","purchased_purges":0,"victory":false,"max_hp_per_floor":[66,66,66,66,66,66,66,66,66,66,66,66,66,66,66,66],"card_choices":[{"not_picked":["Leg Sweep","PiercingWail"],"picked":"Deadly Poison","floor":1},{"not_picked":["Calculated Gamble","Blade Dance"],"picked":"Bane","floor":2},{"not_picked":["Quick Slash","Dagger Throw"],"picked":"Poisoned Stab","floor":3},{"not_picked":["Poisoned Stab","Noxious Fumes"],"picked":"Backstab","floor":4},{"not_picked":["Flying Knee","Poisoned Stab"],"picked":"Deflect","floor":6},{"not_picked":["Infinite Blades","Cloak And Dagger"],"picked":"Dodge and Roll","floor":8},{"not_picked":["Tactician","Envenom"],"picked":"Catalyst","floor":13},{"not_picked":["Sucker Punch","Outmaneuver"],"picked":"Skewer","floor":14}],"player_experience":785209,"relics_obtained":[{"floor":6,"key":"Art of War"},{"floor":8,"key":"Nunchaku"},{"floor":9,"key":"The Courier"},{"floor":13,"key":"Boot"}],"event_choices":[{"damage_healed":0,"gold_gain":0,"player_choice":"Searched \u00270\u0027 times","damage_taken":0,"max_hp_gain":0,"max_hp_loss":0,"event_name":"Dead Adventurer","floor":10,"gold_loss":0},{"damage_healed":0,"gold_gain":50,"player_choice":"Pray","damage_taken":0,"max_hp_gain":0,"max_hp_loss":0,"event_name":"Golden Shrine","floor":12,"gold_loss":0}],"is_beta":false,"boss_relics":[],"items_purged_floors":[],"is_endless":false,"potions_floor_spawned":[1,3,4,8],"killed_by":"Slime Boss","ascension_level":19}