{"gold_per_floor":[367,380,121,196,214,214,224,224,224,238,258,76,76,101,101,200,200,215,240,220,240,90,90,123,123,123,123,123,142,142,163,163,261,261,277,38,114,130,130],"floor_reached":39,"playtime":1940,"items_purged":["Strike_R","Strike_R"],"score":668,"play_id":"cdafbec7-a8d6-4ce3-abbd-0c23408a7121","local_time":"20181118091140","is_ascension_mode":true,"campfire_choices":[{"data":"Evolve","floor":6.0,"key":"SMITH"},{"data":"Flex","floor":8.0,"key":"SMITH"},{"floor":15.0,"key":"REST"},{"floor":23.0,"key":"REST"},{"data":"Barricade","floor":25.0,"key":"SMITH"},{"data":"Body Slam","floor":30.0,"key":"SMITH"},{"floor":32.0,"key":"REST"}],"neow_cost":"TEN_PERCENT_HP_LOSS","seed_source_timestamp":0,"circlet_count":0,"master_deck":["AscendersBane","Strike_R","Strike_R","Strike_R","Defend_R","Defend_R","Defend_R","Defend_R","Bash","Evolve+1","Power Through","Hemokinesis","Shrug It Off","Flex+1","Cleave","Pommel Strike","Offering+1","Shrug It Off+1","Barricade+1","Flex+1","Shrug It Off+1","Iron Wave","Body Slam+1","Ghostly Armor+1","Double Tap+1","Juggernaut","Armaments+1","Writhe","Wild Strike+1"],"special_seed":0,"relics":["Burning Blood","Bronze Scales","Toxic Egg 2","Golden Idol","Philosopher\u0027s Stone","Bird Faced Urn","StoneCalendar","Cursed Key","Gremlin Horn","Letter Opener"],"potions_floor_usage":[],"damage_taken":[{"damage":6.0,"enemies":"Cultist","floor":1.0,"turns":4.0},{"damage":9.0,"enemies":"Jaw Worm","floor":2.0,"turns":4.0},{"damage":7.0,"enemies":"Small Slimes","floor":5.0,"turns":5.0},{"damage":10.0,"enemies":"3 Louse","floor":7.0,"turns":6.0},{"damage":3.0,"enemies":"Gremlin Gang","floor":10.0,"turns":3.0},{"damage":19.0,"enemies":"Large Slime","floor":11.0,"turns":9.0},{"damage":10.0,"enemies":"Looter","floor":14.0,"turns":4.0},{"damage":23.0,"enemies":"Slime Boss","floor":16.0,"turns":10.0},{"damage":9.0,"enemies":"Chosen","floor":18.0,"turns":4.0},{"damage":14.0,"enemies":"Spheric Guardian","floor":19.0,"turns":4.0},{"damage":26.0,"enemies":"Snecko","floor":21.0,"turns":11.0},{"damage":18.0,"enemies":"Gremlin Leader","floor":24.0,"turns":8.0},{"damage":10.0,"enemies":"Chosen and Byrds","floor":29.0,"turns":5.0},{"damage":45.0,"enemies":"Snake Plant","floor":31.0,"turns":4.0},{"damage":28.0,"enemies":"Automaton","floor":33.0,"turns":14.0},{"damage":41,"enemies":"3 Darklings","floor":35,"turns":6},{"damage":6,"enemies":"Orb Walker","floor":38,"turns":1},{"damage":41,"enemies":"Jaw Worm Horde","floor":39,"turns":3}],"seed_played":"5663601655768619768","potions_obtained":[{"floor":5.0,"key":"Explosive Potion"},{"floor":7.0,"key":"Energy Potion"},{"floor":19.0,"key":"Ancient Potion"},{"floor":20.0,"key":"SkillPotion"},{"floor":21.0,"key":"SkillPotion"},{"floor":29.0,"key":"SteroidPotion"}],"is_trial":false,"path_per_floor":["M","M","$","?","M","R","M","R","T","M","M","$","?","M","R","B",null,"M","M","?","M","$","R","E","R","T","?","?","M","R","M","R","B",null,"M","$","T","M","M"],"character_chosen":"IRONCLAD","items_purchased":["Hemokinesis","Bronze Scales","Offering+1","Shrug It Off+1","Body Slam","Gremlin Horn"],"campfire_rested":3,"item_purchase_floors":[3,3,12,12,22,36],"current_hp_per_floor":[68,65,65,54,53,53,49,49,49,52,39,39,39,35,53,36,56,53,45,45,25,25,43,31,31,31,31,63,59,59,24,42,24,53,24,24,24,24,0],"gold":130,"neow_bonus":"TWO_FIFTY_GOLD","is_prod":false,"is_daily":false,"chose_seed":false,"campfire_upgraded":4,"win_rate":0,"timestamp":1542561100,"path_taken":["M","?","$","?","M","R","M","R","T","M","M","$","?","M","R","BOSS","M","M","?","?","$","R","E","R","T","?","?","?","R","M","R","BOSS","M","$","?","M","?"],"build_version":"2018-11-15","purchased_purges":2,"victory":false,"max_hp_per_floor":[68,68,68,68,68,68,68,68,68,68,68,68,63,63,63,63,63,63,63,63,63,63,63,63,63,63,63,63,63,63,63,63,63,63,63,63,63,63,63],"card_choices":[{"not_picked":["Twin Strike","Rage"],"picked":"Evolve","floor":1.0},{"not_picked":["Shrug It Off","Wild Strike"],"picked":"Power Through","floor":2.0},{"not_picked":["Cleave","True Grit"],"picked":"Shrug It Off","floor":5.0},{"not_picked":["Clash","Dark Embrace"],"picked":"Flex","floor":7.0},{"not_picked":["Clothesline","Anger"],"picked":"Cleave","floor":10.0},{"not_picked":["Heavy Blade","Anger"],"picked":"Pommel Strike","floor":11.0},{"not_picked":["Fire Breathing","Pommel Strike","Cleave"],"picked":"SKIP","floor":14.0},{"not_picked":["Immolate","Exhume+1"],"picked":"Barricade","floor":16.0},{"not_picked":["Pommel Strike","Shrug It Off+1"],"picked":"Flex+1","floor":18.0},{"not_picked":["Rupture","Armaments+1"],"picked":"Shrug It Off+1","floor":19.0},{"not_picked":["Reckless Charge","Clothesline"],"picked":"Iron Wave","floor":21.0},{"not_picked":["Blood for Blood","Wild Strike"],"picked":"Ghostly Armor+1","floor":24.0},{"not_picked":["Rupture+1","Uppercut","Bloodletting+1"],"picked":"SKIP","floor":29.0},{"not_picked":["Warcry+1","Shockwave+1"],"picked":"Double Tap+1","floor":31.0},{"not_picked":["Demon Form","Barricade"],"picked":"Juggernaut","floor":33.0},{"not_picked":["Bloodletting+1","Twin Strike"],"picked":"Armaments+1","floor":35},{"not_picked":["Inflame","Rampage"],"picked":"Wild Strike+1","floor":38}],"player_experience":751159,"relics_obtained":[{"floor":9.0,"key":"Toxic Egg 2"},{"floor":24.0,"key":"Bird Faced Urn"},{"floor":26.0,"key":"StoneCalendar"},{"floor":37,"key":"Letter Opener"}],"event_choices":[{"damage_healed":0.0,"max_hp_gain":0.0,"max_hp_loss":0.0,"gold_gain":75.0,"event_name":"World of Goop","player_choice":"Gather Gold","floor":4.0,"gold_loss":0.0,"damage_taken":11.0},{"damage_healed":0.0,"max_hp_gain":0.0,"max_hp_loss":5.0,"gold_gain":0.0,"event_name":"Golden Idol","player_choice":"Lose Max HP","floor":13.0,"gold_loss":0.0,"damage_taken":0.0,"relics_obtained":["Golden Idol"]},{"damage_healed":0.0,"max_hp_gain":0.0,"max_hp_loss":0.0,"gold_gain":0.0,"event_name":"The Woman in Blue","player_choice":"Bought 1 Potion","floor":20.0,"gold_loss":0.0,"damage_taken":0.0},{"damage_healed":0.0,"max_hp_gain":0.0,"max_hp_loss":0.0,"gold_gain":0.0,"event_name":"Vampires","player_choice":"Ignored","floor":27.0,"gold_loss":0.0,"damage_taken":0.0},{"damage_healed":32.0,"max_hp_gain":0.0,"max_hp_loss":0.0,"gold_gain":0.0,"event_name":"Wheel of Change","player_choice":"Full Heal","floor":28.0,"gold_loss":0.0,"damage_taken":0.0}],"is_beta":false,"boss_relics":[{"not_picked":["Runic Dome","Ectoplasm"],"picked":"Philosopher\u0027s Stone"},{"not_picked":["Eternal Feather","Coffee Dripper"],"picked":"Cursed Key"}],"items_purged_floors":[3,22],"is_endless":false,"potions_floor_spawned":[5,7,19,21,29,33,38],"killed_by":"Jaw Worm Horde","ascension_level":14}