{"gold_per_floor":[112,125,137,156,156,156,173,173,219,219,230,209,221,250,250,355,355,375,151,151,66,80,80,92,92],"floor_reached":25,"playtime":1208,"items_purged":[],"score":226,"play_id":"b5d6a863-6386-4795-a006-dcc9ab45ca7b","local_time":"20190604010923","is_ascension_mode":true,"campfire_choices":[{"data":"Hemokinesis","floor":6,"key":"SMITH"},{"data":"Double Tap","floor":8,"key":"SMITH"},{"floor":15,"key":"REST"},{"floor":23,"key":"REST"}],"neow_cost":"TEN_PERCENT_HP_LOSS","seed_source_timestamp":708980243288256,"circlet_count":0,"master_deck":["Strike_R","Strike_R","Strike_R","Defend_R","Defend_R","Bash","Hemokinesis+1","Iron Wave","Blood for Blood","Double Tap+1","Flex+1","Dual Wield+1","Fiend Fire","Battle Trance+1","Combust","Shrug It Off+1","Warcry+1"],"relics":["Burning Blood","Art of War","Dodecahedron","Empty Cage","War Paint","Blood Vial"],"potions_floor_usage":[3,13,13,16,22,24],"damage_taken":[{"damage":7,"enemies":"Small Slimes","floor":1,"turns":3},{"damage":6,"enemies":"2 Louse","floor":2,"turns":3},{"damage":5,"enemies":"Jaw Worm","floor":3,"turns":3},{"damage":19,"enemies":"Large Slime","floor":4,"turns":8},{"damage":13,"enemies":"Lots of Slimes","floor":7,"turns":4},{"damage":8,"enemies":"Gremlin Gang","floor":11,"turns":4},{"damage":3,"enemies":"2 Fungi Beasts","floor":13,"turns":3},{"damage":31,"enemies":"Gremlin Nob","floor":14,"turns":4},{"damage":38,"enemies":"The Guardian","floor":16,"turns":8},{"damage":4,"enemies":"Chosen","floor":18,"turns":3},{"damage":25,"enemies":"2 Thieves","floor":22,"turns":3},{"damage":45,"enemies":"Shelled Parasite and Fungi","floor":24,"turns":4},{"damage":31,"enemies":"Book of Stabbing","floor":25,"turns":3}],"seed_played":"4602118585821207188","potions_obtained":[{"floor":2,"key":"Dexterity Potion"},{"floor":7,"key":"Block Potion"},{"floor":11,"key":"SteroidPotion"},{"floor":14,"key":"Weak Potion"},{"floor":16,"key":"LiquidBronze"},{"floor":18,"key":"AttackPotion"}],"is_trial":false,"path_per_floor":["M","M","M","M","?","R","M","R","T","?","M","?","M","E","R","B",null,"M","$","?","?","M","R","M","E"],"character_chosen":"IRONCLAD","items_purchased":["War Paint","Combust"],"campfire_rested":2,"item_purchase_floors":[19,19],"current_hp_per_floor":[71,71,72,59,59,59,52,52,52,49,47,47,50,25,46,14,72,72,72,59,59,42,65,28,0],"gold":92,"neow_bonus":"REMOVE_TWO","is_prod":false,"is_daily":false,"chose_seed":false,"campfire_upgraded":2,"win_rate":0,"timestamp":1559635763,"path_taken":["M","M","M","M","?","R","M","R","T","?","M","?","M","E","R","BOSS","M","$","?","?","?","R","M","E"],"build_version":"2019-01-23","purchased_purges":0,"victory":false,"max_hp_per_floor":[72,72,72,72,72,72,72,72,72,72,72,72,72,72,72,72,72,72,72,77,77,77,77,77,77],"card_choices":[{"not_picked":["Body Slam","Wild Strike"],"picked":"Hemokinesis","floor":1},{"not_picked":["Intimidate","Flex"],"picked":"Iron Wave","floor":2},{"not_picked":["Anger","Disarm","Hemokinesis"],"picked":"SKIP","floor":3},{"not_picked":["Warcry","Flex"],"picked":"Blood for Blood","floor":4},{"not_picked":["Wild Strike","Feel No Pain"],"picked":"Double Tap","floor":7},{"not_picked":["Wild Strike","Clothesline","Entrench"],"picked":"SKIP","floor":11},{"not_picked":["Shrug It Off","Warcry"],"picked":"Flex","floor":13},{"not_picked":["Heavy Blade","Spot Weakness"],"picked":"Dual Wield","floor":14},{"not_picked":["Exhume","Berserk"],"picked":"Fiend Fire","floor":16},{"not_picked":["Combust+1","Warcry+1"],"picked":"Battle Trance+1","floor":18},{"not_picked":["Inflame","Rage+1"],"picked":"Shrug It Off+1","floor":22},{"not_picked":["True Grit","Pommel Strike"],"picked":"Warcry+1","floor":24}],"player_experience":301031,"relics_obtained":[{"floor":9,"key":"Art of War"},{"floor":14,"key":"Dodecahedron"}],"event_choices":[{"damage_healed":0,"gold_gain":0,"player_choice":"Ignored","damage_taken":0,"max_hp_gain":0,"max_hp_loss":0,"event_name":"Golden Idol","floor":5,"gold_loss":0},{"damage_healed":0,"gold_gain":0,"player_choice":"Fled","damage_taken":3,"max_hp_gain":0,"max_hp_loss":0,"event_name":"Scrap Ooze","floor":10,"gold_loss":0},{"damage_healed":0,"gold_gain":0,"player_choice":"Left Gold","damage_taken":0,"max_hp_gain":0,"max_hp_loss":0,"event_name":"World of Goop","floor":12,"gold_loss":21},{"damage_healed":0,"gold_gain":0,"player_choice":"Shed Blood","damage_taken":18,"max_hp_gain":5,"max_hp_loss":0,"event_name":"Forgotten Altar","floor":20,"gold_loss":0},{"damage_healed":0,"gold_gain":0,"player_choice":"Obtained Relic","damage_taken":0,"relics_obtained":["Blood Vial"],"max_hp_gain":0,"max_hp_loss":0,"event_name":"Addict","floor":21,"gold_loss":85}],"is_beta":false,"boss_relics":[{"not_picked":["Runic Dome","Coffee Dripper"],"picked":"Empty Cage"}],"items_purged_floors":[],"is_endless":false,"potions_floor_spawned":[2,7,11,14,16,18],"killed_by":"Book of Stabbing","ascension_level":2}