{"gold_per_floor":[119,269,269,283,62,87,87,120,167,194,194,205,205,217,217,291,291,302,29,42,56,56,56,81,81,119,131,26,41,75,75,75,151,151,165,165,103,153,153],"floor_reached":39,"playtime":2538,"items_purged":[],"score":940,"play_id":"e2a2be0a-73c5-4961-aead-0085c391986b","local_time":"20190404163915","is_ascension_mode":true,"campfire_choices":[{"data":"Zap","floor":15,"key":"SMITH"},{"data":"Echo Form","floor":23,"key":"SMITH"},{"floor":32,"key":"REST"}],"neow_cost":"NONE","seed_source_timestamp":1290435519429814,"circlet_count":0,"master_deck":["AscendersBane","Strike_B","Strike_B","Strike_B","Strike_B","Defend_B+1","Defend_B","Defend_B","Defend_B","Zap+1","Dualcast","Conserve Battery+1","Glacier","Sweeping Beam","Self Repair","Beam Cell","Doom and Gloom","Multi-Cast+1","Darkness+1","Echo Form+1","Coolheaded+1","Capacitor+1","Conserve Battery+1","Static Discharge+1","Go for the Eyes","Rainbow+1","BootSequence+1","Leap+1","Chill+1"],"relics":["Cracked Core","NeowsBlessing","PreservedInsect","Oddly Smooth Stone","Omamori","War Paint","Toxic Egg 2","Ancient Tea Set","Busted Crown","Frozen Egg 2","Meat on the Bone","Bronze Scales","MawBank","Lantern","FossilizedHelix","Potion Belt","Emotion Chip","Coffee Dripper","SsserpentHead"],"potions_floor_usage":[8,16,21,24,30,33,39],"damage_taken":[{"damage":0,"enemies":"Cultist","floor":1,"turns":1},{"damage":0,"enemies":"2 Louse","floor":4,"turns":1},{"damage":0,"enemies":"Lagavulin","floor":6,"turns":1},{"damage":14,"enemies":"Gremlin Nob","floor":8,"turns":3},{"damage":8,"enemies":"3 Sentries","floor":10,"turns":7},{"damage":0,"enemies":"Small Slimes","floor":12,"turns":2},{"damage":0,"enemies":"Red Slaver","floor":14,"turns":5},{"damage":22,"enemies":"The Guardian","floor":16,"turns":10},{"damage":24,"enemies":"Shell Parasite","floor":18,"turns":4},{"damage":6,"enemies":"Spheric Guardian","floor":20,"turns":4},{"damage":3,"enemies":"Centurion and Healer","floor":21,"turns":5},{"damage":27,"enemies":"Slavers","floor":24,"turns":2},{"damage":20,"enemies":"Sentry and Sphere","floor":29,"turns":6},{"damage":20,"enemies":"Book of Stabbing","floor":30,"turns":4},{"damage":0,"enemies":"Automaton","floor":33,"turns":8},{"damage":0,"enemies":"Orb Walker","floor":35,"turns":3},{"damage":84,"enemies":"Donu and Deca","floor":39,"turns":10}],"seed_played":"9001422051407285929","potions_obtained":[{"floor":6,"key":"Fire Potion"},{"floor":12,"key":"Dexterity Potion"},{"floor":14,"key":"Weak Potion"},{"floor":16,"key":"Fire Potion"},{"floor":21,"key":"Explosive Potion"},{"floor":24,"key":"FocusPotion"},{"floor":33,"key":"Explosive Potion"}],"is_trial":false,"path_per_floor":["M","?","?","M","$","E","$","E","T","E","?","M","?","M","R","B",null,"M","$","M","M","T","R","E","?","T","T","$","M","E","T","R","B",null,"M","?","$","?","B"],"character_chosen":"DEFECT","items_purchased":["PreservedInsect","Sweeping Beam","Frozen Egg 2","Conserve Battery+1","Static Discharge+1","Leap+1","Chill+1"],"campfire_rested":1,"item_purchase_floors":[5,5,19,28,28,37,37],"current_hp_per_floor":[64,64,57,57,57,57,57,50,50,49,49,49,49,56,56,41,64,54,54,55,66,66,66,39,39,39,39,39,45,44,44,65,71,71,71,71,71,71,0],"gold":153,"neow_bonus":"THREE_ENEMY_KILL","is_prod":false,"is_daily":false,"chose_seed":false,"campfire_upgraded":2,"win_rate":0,"timestamp":1554410355,"path_taken":["M","?","?","M","$","E","$","E","T","E","?","M","?","?","R","BOSS","M","$","?","M","?","R","E","?","T","?","?","M","E","?","R","BOSS","M","?","?","?","BOSS"],"build_version":"2019-01-23","purchased_purges":0,"victory":false,"max_hp_per_floor":[71,71,71,71,71,71,71,71,71,71,71,71,71,71,71,71,71,71,71,71,71,71,71,71,71,71,71,71,71,71,71,71,71,71,71,71,71,71,71],"card_choices":[{"not_picked":["Go for the Eyes","Rebound"],"picked":"Conserve Battery","floor":1},{"not_picked":["FTL","Redo"],"picked":"Glacier","floor":4},{"not_picked":["Rebound","Compile Driver"],"picked":"Self Repair","floor":6},{"not_picked":["Creative AI","Reprogram"],"picked":"Beam Cell","floor":8},{"not_picked":["Turbo","Conserve Battery"],"picked":"Doom and Gloom","floor":10},{"not_picked":["Beam Cell","Reprogram+1","Turbo+1"],"picked":"SKIP","floor":12},{"not_picked":["Beam Cell","Reprogram+1","Turbo+1"],"picked":"SKIP","floor":12},{"not_picked":["Blizzard","Scrape"],"picked":"Darkness+1","floor":14},{"not_picked":["Buffer","Machine Learning"],"picked":"Echo Form","floor":16},{"not_picked":["Streamline"],"picked":"SKIP","floor":18},{"not_picked":[],"picked":"Coolheaded+1","floor":20},{"not_picked":[],"picked":"Capacitor+1","floor":21},{"not_picked":["Compile Driver"],"picked":"SKIP","floor":24},{"not_picked":["Compile Driver"],"picked":"SKIP","floor":29},{"not_picked":[],"picked":"Go for the Eyes","floor":30},{"not_picked":[],"picked":"Rainbow+1","floor":33},{"not_picked":[],"picked":"BootSequence+1","floor":35}],"player_experience":508521,"relics_obtained":[{"floor":6,"key":"Oddly Smooth Stone"},{"floor":8,"key":"Omamori"},{"floor":9,"key":"War Paint"},{"floor":10,"key":"Toxic Egg 2"},{"floor":22,"key":"Meat on the Bone"},{"floor":24,"key":"Bronze Scales"},{"floor":26,"key":"Lantern"},{"floor":27,"key":"FossilizedHelix"},{"floor":30,"key":"Potion Belt"},{"floor":31,"key":"Emotion Chip"}],"event_choices":[{"damage_healed":0,"gold_gain":150,"player_choice":"AGREE","damage_taken":0,"max_hp_gain":0,"max_hp_loss":0,"event_name":"Liars Game","floor":2,"gold_loss":0,"cards_obtained":["Doubt"]},{"cards_removed":["Doubt"],"damage_healed":0,"gold_gain":0,"player_choice":"Card Removal","damage_taken":7,"max_hp_gain":0,"max_hp_loss":0,"event_name":"Golden Wing","floor":3,"gold_loss":0},{"damage_healed":0,"gold_gain":0,"player_choice":"Box","damage_taken":0,"relics_obtained":["Ancient Tea Set"],"max_hp_gain":0,"max_hp_loss":0,"event_name":"Big Fish","floor":11,"gold_loss":0,"cards_obtained":["Regret"]},{"damage_healed":0,"gold_gain":0,"player_choice":"1 cards matched","damage_taken":0,"max_hp_gain":0,"max_hp_loss":0,"event_name":"Match and Keep!","floor":13,"gold_loss":0,"cards_obtained":["Multi-Cast"]},{"damage_healed":0,"gold_gain":0,"player_choice":"Stole Relic","damage_taken":0,"relics_obtained":["MawBank"],"max_hp_gain":0,"max_hp_loss":0,"event_name":"Addict","floor":25,"gold_loss":0,"cards_obtained":["Shame"]},{"damage_healed":0,"gold_gain":0,"player_choice":"Trade","damage_taken":0,"relics_obtained":["SsserpentHead"],"max_hp_gain":0,"max_hp_loss":0,"event_name":"FaceTrader","floor":36,"gold_loss":0},{"damage_healed":0,"gold_gain":0,"player_choice":"Took Portal","damage_taken":0,"max_hp_gain":0,"max_hp_loss":0,"event_name":"SecretPortal","floor":38,"gold_loss":0}],"is_beta":false,"boss_relics":[{"not_picked":["Lizard Tail","Fusion Hammer"],"picked":"Busted Crown"},{"not_picked":["Philosopher\u0027s Stone","Snecko Eye"],"picked":"Coffee Dripper"}],"items_purged_floors":[],"is_endless":false,"potions_floor_spawned":[6,12,14,16,21,24,33],"killed_by":"Donu and Deca","ascension_level":17}