{"gold_per_floor":[113,113,188,188,188,219,219,233,233,80,80,90,90,101,101,178,178,193,165,165,165,265,292,292,319,319,369,388,411,411,425,425,425],"floor_reached":33,"playtime":918,"items_purged":[],"score":642,"play_id":"9a70f7de-12a1-4407-94a7-ae48b17f7e00","local_time":"20190627223030","is_ascension_mode":true,"campfire_choices":[{"data":"Intimidate","floor":7,"key":"SMITH"},{"data":"Demon Form","floor":11,"key":"SMITH"},{"data":"Heavy Blade","floor":13,"key":"SMITH"},{"data":"Metallicize","floor":15,"key":"SMITH"},{"floor":24,"key":"REST"},{"floor":30,"key":"REST"},{"floor":32,"key":"REST"}],"neow_cost":"NONE","seed_source_timestamp":1294238878247997,"circlet_count":0,"master_deck":["AscendersBane","Strike_R+1","Strike_R+1","Strike_R+1","Strike_R+1","Defend_R+1","Defend_R+1","Defend_R+1","Defend_R+1","Bash","Wild Strike+1","Intimidate+1","Cleave","Demon Form+1","Heavy Blade+1","Metallicize+1","Double Tap","Clothesline","Heavy Blade","Decay","Shrug It Off","Searing Blow"],"relics":["Burning Blood","NeowsBlessing","Matryoshka","Bag of Marbles","Blood Vial","Snecko Eye","StoneCalendar","Letter Opener","Bag of Preparation","Frozen Egg 2","Mercury Hourglass","Dodecahedron","Boot"],"potions_floor_usage":[16,22,31],"damage_taken":[{"damage":0,"enemies":"Small Slimes","floor":1,"turns":1},{"damage":0,"enemies":"Lagavulin","floor":6,"turns":1},{"damage":0,"enemies":"2 Louse","floor":8,"turns":1},{"damage":1,"enemies":"Cultist","floor":12,"turns":3},{"damage":0,"enemies":"2 Fungi Beasts","floor":14,"turns":2},{"damage":28,"enemies":"The Guardian","floor":16,"turns":7},{"damage":11,"enemies":"2 Thieves","floor":18,"turns":3},{"damage":19,"enemies":"Colosseum Slavers","floor":22,"turns":3},{"damage":23,"enemies":"Colosseum Nobs","floor":22,"turns":3},{"damage":44,"enemies":"Book of Stabbing","floor":23,"turns":4},{"damage":31,"enemies":"Gremlin Leader","floor":25,"turns":5},{"damage":2,"enemies":"Spheric Guardian","floor":28,"turns":3},{"damage":18,"enemies":"Centurion and Healer","floor":31,"turns":4},{"damage":61,"enemies":"Collector","floor":33,"turns":5}],"seed_played":"5452027660522154561","potions_obtained":[{"floor":6,"key":"SneckoOil"},{"floor":8,"key":"Ancient Potion"},{"floor":12,"key":"Regen Potion"},{"floor":28,"key":"Swift Potion"}],"is_trial":false,"path_per_floor":["M","?","?","?","?","E","R","M","T","$","R","M","R","M","R","B",null,"M","$","?","?","?","E","R","E","T","?","M","T","R","M","R","B"],"character_chosen":"IRONCLAD","items_purchased":["Demon Form","Heavy Blade"],"campfire_rested":3,"item_purchase_floors":[10,19],"current_hp_per_floor":[74,51,40,65,65,71,71,75,75,75,75,75,75,75,75,53,70,67,67,67,67,50,14,36,13,13,13,19,19,41,31,53,0],"gold":425,"neow_bonus":"THREE_ENEMY_KILL","is_prod":false,"is_daily":false,"chose_seed":false,"campfire_upgraded":4,"win_rate":0,"timestamp":1561699830,"path_taken":["M","?","?","?","?","E","R","M","T","$","R","M","R","M","R","BOSS","M","$","?","?","?","E","R","E","T","?","M","?","R","M","R","BOSS"],"build_version":"2019-01-23","purchased_purges":0,"victory":false,"max_hp_per_floor":[75,75,75,75,75,75,75,75,75,75,75,75,75,75,75,75,75,75,75,75,75,75,75,75,75,75,75,75,75,75,75,75,75],"card_choices":[{"not_picked":["Body Slam","Flex"],"picked":"Wild Strike","floor":1},{"not_picked":["Cleave","Exhume"],"picked":"Intimidate","floor":6},{"not_picked":["Body Slam","Armaments"],"picked":"Cleave","floor":8},{"not_picked":["Perfected Strike","Blood for Blood"],"picked":"Heavy Blade","floor":12},{"not_picked":["Carnage","Perfected Strike"],"picked":"Metallicize","floor":14},{"not_picked":["Feed","Barricade"],"picked":"Double Tap","floor":16},{"not_picked":["Power Through","Flex+1"],"picked":"Clothesline","floor":18},{"not_picked":["Headbutt","Second Wind"],"picked":"Shrug It Off","floor":22},{"not_picked":["Headbutt","Bloodletting"],"picked":"Searing Blow","floor":23},{"not_picked":["Hemokinesis","Spot Weakness","Pommel Strike"],"picked":"SKIP","floor":25},{"not_picked":["Reckless Charge","Bloodletting","Sentinel"],"picked":"SKIP","floor":28},{"not_picked":["True Grit","Clash","Rage+1"],"picked":"SKIP","floor":31}],"player_experience":1092815,"relics_obtained":[{"floor":6,"key":"Matryoshka"},{"floor":9,"key":"Bag of Marbles"},{"floor":9,"key":"Blood Vial"},{"floor":22,"key":"StoneCalendar"},{"floor":22,"key":"Letter Opener"},{"floor":23,"key":"Bag of Preparation"},{"floor":25,"key":"Frozen Egg 2"},{"floor":26,"key":"Mercury Hourglass"},{"floor":26,"key":"Dodecahedron"},{"floor":29,"key":"Boot"}],"event_choices":[{"damage_healed":0,"gold_gain":0,"player_choice":"Entered Light","damage_taken":23,"max_hp_gain":0,"max_hp_loss":0,"event_name":"Shining Light","floor":2,"gold_loss":0,"cards_upgraded":["Defend_R","Wild Strike"]},{"damage_healed":0,"gold_gain":75,"player_choice":"Gather Gold","damage_taken":11,"max_hp_gain":0,"max_hp_loss":0,"event_name":"World of Goop","floor":3,"gold_loss":0},{"damage_healed":25,"gold_gain":0,"player_choice":"Banana","damage_taken":0,"max_hp_gain":0,"max_hp_loss":0,"event_name":"Big Fish","floor":4,"gold_loss":0},{"cards_removed":["Strike_R"],"damage_healed":0,"gold_gain":0,"player_choice":"Purged","damage_taken":0,"max_hp_gain":0,"max_hp_loss":0,"event_name":"Purifier","floor":5,"gold_loss":0},{"damage_healed":0,"gold_gain":0,"player_choice":"Simplicity","damage_taken":0,"max_hp_gain":0,"max_hp_loss":0,"event_name":"Back to Basics","floor":20,"gold_loss":0,"cards_upgraded":["Strike_R","Strike_R","Strike_R","Strike_R","Defend_R","Defend_R","Defend_R"]},{"damage_healed":0,"gold_gain":0,"player_choice":"Smashed Altar","damage_taken":0,"max_hp_gain":0,"max_hp_loss":0,"event_name":"Forgotten Altar","floor":21,"gold_loss":0,"cards_obtained":["Decay"]},{"damage_healed":0,"gold_gain":0,"player_choice":"Fight","damage_taken":0,"max_hp_gain":0,"max_hp_loss":0,"event_name":"Colosseum","floor":22,"gold_loss":0},{"damage_healed":0,"gold_gain":0,"player_choice":"Fought Nobs","damage_taken":0,"max_hp_gain":0,"max_hp_loss":0,"event_name":"Colosseum","floor":22,"gold_loss":0},{"damage_healed":0,"gold_gain":50,"player_choice":"Stole From Cult","damage_taken":0,"max_hp_gain":0,"max_hp_loss":0,"event_name":"Nest","floor":27,"gold_loss":0}],"is_beta":false,"boss_relics":[{"not_picked":["Orrery","Fusion Hammer"],"picked":"Snecko Eye"}],"items_purged_floors":[],"is_endless":false,"potions_floor_spawned":[6,8,12,22,28],"killed_by":"Collector","ascension_level":19}