{"gold_per_floor":[119,119,133,150,150,185,202,222,246,246,246,277,277,297,297,376,376,391,229,229,109,109,109,34,34,34,34,46,46,59,88,88,165,165,181,181,194,194,212,212,232,232,232,65,65,77,77,77,77,77],"floor_reached":51,"playtime":2564,"items_purged":["Writhe"],"score":1249,"play_id":"80c2e7f2-2c9c-4140-b157-e4075649464e","local_time":"20190613193858","is_ascension_mode":true,"campfire_choices":[{"floor":11,"key":"REST"},{"data":"Buffer","floor":13,"key":"SMITH"},{"data":"Glacier","floor":15,"key":"SMITH"},{"data":"Glacier","floor":23,"key":"SMITH"},{"floor":25,"key":"REST"},{"data":"Defragment","floor":29,"key":"SMITH"},{"floor":32,"key":"REST"},{"data":"Biased Cognition","floor":40,"key":"SMITH"},{"data":"White Noise","floor":45,"key":"SMITH"},{"data":"Buffer","floor":49,"key":"SMITH"}],"neow_cost":"TEN_PERCENT_HP_LOSS","seed_source_timestamp":72659529801457,"circlet_count":0,"master_deck":["AscendersBane","Strike_B","Strike_B","Strike_B","Defend_B","Defend_B","Defend_B+1","Defend_B","Zap","Dualcast+1","Rainbow","Leap","Ball Lightning","Glacier+1","Streamline","Buffer+1","Glacier+1","Biased Cognition+1","Ghostly","Ghostly","Ghostly","Defragment+1","White Noise+1","Electrodynamics","Core Surge","Panacea","Loop","Bandage Up","Buffer+1"],"relics":["Cracked Core","Oddly Smooth Stone","Strawberry","Boot","Inserter","War Paint","Meat on the Bone","Nloth\u0027s Gift","Bag of Preparation","Nuclear Battery","DataDisk","Singing Bowl"],"potions_floor_usage":[6,12,16,18,30,31,39,46,50],"damage_taken":[{"damage":1,"enemies":"Cultist","floor":1,"turns":5},{"damage":5,"enemies":"Small Slimes","floor":3,"turns":3},{"damage":7,"enemies":"Jaw Worm","floor":4,"turns":2},{"damage":30,"enemies":"Gremlin Nob","floor":6,"turns":4},{"damage":0,"enemies":"Exordium Wildlife","floor":7,"turns":5},{"damage":0,"enemies":"Blue Slaver","floor":8,"turns":4},{"damage":4,"enemies":"3 Sentries","floor":12,"turns":8},{"damage":0,"enemies":"2 Fungi Beasts","floor":14,"turns":4},{"damage":9,"enemies":"The Guardian","floor":16,"turns":16},{"damage":3,"enemies":"Shell Parasite","floor":18,"turns":11},{"damage":33,"enemies":"2 Thieves","floor":21,"turns":5},{"damage":0,"enemies":"Snake Plant","floor":28,"turns":7},{"damage":0,"enemies":"Cultist and Chosen","floor":30,"turns":10},{"damage":34,"enemies":"Slavers","floor":31,"turns":7},{"damage":7,"enemies":"Champ","floor":33,"turns":23},{"damage":6,"enemies":"Orb Walker","floor":35,"turns":5},{"damage":3,"enemies":"3 Darklings","floor":37,"turns":4},{"damage":0,"enemies":"Sphere and 2 Shapes","floor":39,"turns":7},{"damage":17,"enemies":"Writhing Mass","floor":41,"turns":7},{"damage":0,"enemies":"Spire Growth","floor":46,"turns":6},{"damage":26,"enemies":"Awakened One","floor":50,"turns":18}],"seed_played":"3737450906804122800","potions_obtained":[{"floor":3,"key":"Swift Potion"},{"floor":6,"key":"Strength Potion"},{"floor":12,"key":"GamblersBrew"},{"floor":14,"key":"GamblersBrew"},{"floor":16,"key":"EssenceOfSteel"},{"floor":30,"key":"AttackPotion"},{"floor":31,"key":"Ancient Potion"},{"floor":37,"key":"Energy Potion"},{"floor":39,"key":"Explosive Potion"}],"is_trial":false,"path_per_floor":["M","$","M","M","?","E","M","M","T","?","R","E","R","M","R","B",null,"M","$","?","M","?","R","?","R","T","?","M","R","M","E","R","B",null,"M","?","M","?","M","R","M","T","T","$","R","M","$","?","R","B",null],"character_chosen":"DEFECT","items_purchased":["War Paint","Bandage Up"],"campfire_rested":3,"item_purchase_floors":[19,44],"current_hp_per_floor":[63,63,58,51,51,21,21,21,28,28,49,45,45,45,45,36,62,59,59,59,26,26,26,26,35,35,35,35,35,35,13,23,28,33,27,27,24,31,31,31,26,26,26,26,26,30,30,30,30,20],"gold":77,"neow_bonus":"THREE_RARE_CARDS","is_prod":false,"is_daily":false,"chose_seed":false,"campfire_upgraded":7,"win_rate":0,"timestamp":1560479938,"path_taken":["M","$","M","?","?","E","M","?","T","?","R","E","R","M","R","BOSS","M","$","?","M","?","R","?","R","T","?","M","R","M","E","R","BOSS","M","?","M","?","M","R","M","?","T","?","R","?","$","?","R","BOSS"],"build_version":"2019-01-23","purchased_purges":1,"victory":true,"max_hp_per_floor":[64,64,64,64,64,64,64,64,71,71,71,71,71,71,71,71,71,71,71,71,71,35,35,35,35,35,35,35,35,35,35,35,35,35,35,35,35,35,35,35,35,35,35,35,35,35,35,35,35,35],"card_choices":[{"not_picked":["Multi-Cast","Machine Learning"],"picked":"Rainbow","floor":0},{"not_picked":["Steam Power","Compile Driver"],"picked":"Leap","floor":1},{"not_picked":["Consume","Fusion"],"picked":"Ball Lightning","floor":3},{"not_picked":["Loop","Leap"],"picked":"Glacier","floor":4},{"not_picked":["Blizzard","Sweeping Beam","Hello World"],"picked":"SKIP","floor":6},{"not_picked":["Chill","Scrape"],"picked":"Streamline","floor":7},{"not_picked":["Blizzard","Steam Power","Rebound"],"picked":"SKIP","floor":8},{"not_picked":["Sweeping Beam","Ball Lightning"],"picked":"Buffer","floor":12},{"not_picked":["Consume","Hologram"],"picked":"Glacier","floor":14},{"not_picked":["Creative AI","Meteor Strike"],"picked":"Biased Cognition","floor":16},{"not_picked":["Gash","Go for the Eyes","Static Discharge"],"picked":"SKIP","floor":18},{"not_picked":["Rebound+1","Compile Driver","Go for the Eyes"],"picked":"SKIP","floor":21},{"not_picked":["Undo","Ball Lightning"],"picked":"Defragment","floor":28},{"not_picked":["Meteor Strike","Recycle"],"picked":"White Noise","floor":30},{"not_picked":["Steam","Reboot"],"picked":"Electrodynamics","floor":31},{"not_picked":["Amplify","Reboot"],"picked":"Core Surge","floor":33},{"not_picked":["Go for the Eyes","Force Field","Sweeping Beam"],"picked":"SKIP","floor":35},{"not_picked":["Forethought","Dramatic Entrance"],"picked":"Panacea","floor":36},{"not_picked":["Force Field","Ball Lightning"],"picked":"Loop","floor":37},{"not_picked":["Steam Power","Leap","Sweeping Beam+1"],"picked":"SKIP","floor":39},{"not_picked":["Sunder","Compile Driver","Streamline"],"picked":"SKIP","floor":41},{"not_picked":["Compile Driver","Sweeping Beam+1"],"picked":"Buffer","floor":46}],"player_experience":1000267,"relics_obtained":[{"floor":6,"key":"Oddly Smooth Stone"},{"floor":9,"key":"Strawberry"},{"floor":12,"key":"Boot"},{"floor":26,"key":"Meat on the Bone"},{"floor":31,"key":"Bag of Preparation"},{"floor":42,"key":"DataDisk"},{"floor":43,"key":"Singing Bowl"}],"event_choices":[{"damage_healed":0,"gold_gain":0,"cards_transformed":["Strike_B"],"player_choice":"Transformed","damage_taken":0,"max_hp_gain":0,"max_hp_loss":0,"event_name":"Transmorgrifier","floor":5,"gold_loss":0,"cards_obtained":["Storm"]},{"damage_healed":0,"gold_gain":0,"player_choice":"Ignored","damage_taken":0,"max_hp_gain":0,"max_hp_loss":0,"event_name":"Shining Light","floor":10,"gold_loss":0},{"damage_healed":0,"gold_gain":0,"player_choice":"Inject Mutagens","damage_taken":0,"relics_obtained":["MutagenicStrength"],"max_hp_gain":0,"max_hp_loss":0,"event_name":"Drug Dealer","floor":20,"gold_loss":0},{"damage_healed":0,"gold_gain":0,"player_choice":"Became a Ghost","damage_taken":0,"max_hp_gain":0,"max_hp_loss":36,"event_name":"Ghosts","floor":22,"gold_loss":0,"cards_obtained":["Ghostly","Ghostly","Ghostly"]},{"cards_removed":["Storm"],"damage_healed":0,"gold_gain":0,"player_choice":"Gave Gold","damage_taken":0,"max_hp_gain":0,"max_hp_loss":0,"event_name":"Beggar","floor":24,"gold_loss":75},{"damage_healed":0,"gold_gain":0,"player_choice":"Traded Relic","damage_taken":0,"relics_obtained":["Nloth\u0027s Gift"],"max_hp_gain":0,"max_hp_loss":0,"event_name":"N\u0027loth","floor":27,"relics_lost":["MutagenicStrength"],"gold_loss":0},{"damage_healed":0,"gold_gain":0,"player_choice":"Memory 1","damage_taken":0,"max_hp_gain":0,"max_hp_loss":0,"event_name":"SensoryStone","floor":36,"gold_loss":0},{"damage_healed":7,"gold_gain":0,"player_choice":"Writhe","damage_taken":0,"max_hp_gain":0,"max_hp_loss":0,"event_name":"Winding Halls","floor":38,"gold_loss":0,"cards_obtained":["Writhe"]},{"damage_healed":0,"gold_gain":0,"player_choice":"Ignored","damage_taken":0,"max_hp_gain":0,"max_hp_loss":0,"event_name":"Mysterious Sphere","floor":48,"gold_loss":0}],"is_beta":false,"boss_relics":[{"not_picked":["FrozenCore","Lizard Tail"],"picked":"Inserter"},{"not_picked":["Runic Pyramid","Astrolabe"],"picked":"Nuclear Battery"}],"items_purged_floors":[44],"is_endless":false,"potions_floor_spawned":[3,6,12,14,16,30,31,37,39],"ascension_level":17}