{"gold_per_floor":[112,112,127,147,147,147,177,188,241,49,82,82,96,130,130,234,234,245,245,257,9,23,48,48,64,140,154,174,174,174,194,194,194],"floor_reached":33,"playtime":2502,"items_purged":[],"score":289,"play_id":"25ebe414-aa84-4caa-b7bd-92479932b766","local_time":"20190518113301","is_ascension_mode":false,"campfire_choices":[{"data":"Uppercut","floor":6,"key":"SMITH"},{"data":"Bash","floor":12,"key":"SMITH"},{"data":"Thunderclap","floor":15,"key":"SMITH"},{"floor":24,"key":"REST"},{"floor":29,"key":"REST"},{"data":"Pommel Strike","floor":32,"key":"SMITH"}],"neow_cost":"NONE","seed_source_timestamp":425795359876019,"circlet_count":0,"master_deck":["Strike_R","Strike_R","Strike_R","Strike_R","Defend_R","Defend_R","Defend_R","Defend_R","Bash+1","Reaper","Uppercut+1","Anger","Flex+1","Evolve","Combust","Dropkick","Thunderclap+1","Exhume","Warcry+1","Dual Wield","Bandage Up+1","Warcry","Pommel Strike+1","Power Through","RitualDagger","Seeing Red"],"relics":["Burning Blood","Sundial","OrangePellets","Regal Pillow","Pantograph","Sozu","Centennial Puzzle","War Paint","Ornamental Fan"],"potions_floor_usage":[14,16,16],"damage_taken":[{"damage":6,"enemies":"Jaw Worm","floor":1,"turns":3},{"damage":1,"enemies":"Cultist","floor":3,"turns":3},{"damage":4,"enemies":"Small Slimes","floor":4,"turns":3},{"damage":18,"enemies":"Gremlin Nob","floor":7,"turns":4},{"damage":8,"enemies":"3 Louse","floor":8,"turns":4},{"damage":16,"enemies":"Lagavulin","floor":11,"turns":5},{"damage":13,"enemies":"Exordium Wildlife","floor":13,"turns":3},{"damage":27,"enemies":"3 Sentries","floor":14,"turns":4},{"damage":40,"enemies":"Hexaghost","floor":16,"turns":8},{"damage":26,"enemies":"Spheric Guardian","floor":18,"turns":5},{"damage":17,"enemies":"3 Byrds","floor":20,"turns":5},{"damage":23,"enemies":"Snecko","floor":22,"turns":6},{"damage":56,"enemies":"Slavers","floor":23,"turns":5},{"damage":33,"enemies":"Snake Plant","floor":25,"turns":5},{"damage":21,"enemies":"Sentry and Sphere","floor":27,"turns":5},{"damage":27,"enemies":"Chosen and Byrds","floor":28,"turns":5},{"damage":3,"enemies":"Cultist and Chosen","floor":31,"turns":5},{"damage":139,"enemies":"Collector","floor":33,"turns":12}],"seed_played":"4473566748745726072","potions_obtained":[{"floor":1,"key":"Ancient Potion"},{"floor":4,"key":"BloodPotion"},{"floor":8,"key":"LiquidBronze"},{"floor":11,"key":"GamblersBrew"},{"floor":16,"key":"FairyPotion"}],"is_trial":false,"path_per_floor":["M","?","M","M","?","R","E","M","T","$","E","R","M","E","R","B",null,"M","?","M","$","M","E","R","M","T","M","M","R","?","M","R","B"],"character_chosen":"IRONCLAD","items_purchased":["OrangePellets","Centennial Puzzle","Bandage Up"],"campfire_rested":2,"item_purchase_floors":[10,21,21],"current_hp_per_floor":[80,80,80,80,80,80,68,78,78,78,68,68,73,68,68,54,80,60,60,55,55,58,28,67,52,52,51,54,80,74,80,80,0],"gold":194,"neow_bonus":"ONE_RANDOM_RARE_CARD","is_prod":false,"is_daily":false,"chose_seed":false,"campfire_upgraded":4,"win_rate":0,"timestamp":1558204381,"path_taken":["M","?","M","?","?","R","E","M","T","$","E","R","M","E","R","BOSS","M","?","M","$","M","E","R","M","T","M","M","R","?","M","R","BOSS"],"build_version":"2019-01-23","purchased_purges":0,"victory":false,"max_hp_per_floor":[80,80,80,80,80,80,80,80,80,80,80,80,80,80,80,80,80,80,80,80,80,80,80,80,80,80,80,80,80,80,80,80,80],"card_choices":[{"not_picked":["Wild Strike","Headbutt"],"picked":"Uppercut","floor":1},{"not_picked":["Sentinel","Wild Strike"],"picked":"Anger","floor":3},{"not_picked":["Heavy Blade","Body Slam"],"picked":"Flex","floor":4},{"not_picked":["Double Tap","Twin Strike"],"picked":"Evolve","floor":7},{"not_picked":["Flex","Warcry"],"picked":"Combust","floor":8},{"not_picked":["Iron Wave","Inflame"],"picked":"Dropkick","floor":11},{"not_picked":["Clothesline","Perfected Strike"],"picked":"Thunderclap","floor":13},{"not_picked":["Havoc","Iron Wave","Combust"],"picked":"SKIP","floor":14},{"not_picked":["Dark Embrace","Berserk"],"picked":"Exhume","floor":16},{"not_picked":["Iron Wave","True Grit"],"picked":"Warcry","floor":18},{"not_picked":["Body Slam+1","Entrench"],"picked":"Dual Wield","floor":20},{"not_picked":["Clothesline+1","Flex"],"picked":"Warcry","floor":22},{"not_picked":["Twin Strike","Hemokinesis"],"picked":"Pommel Strike","floor":23},{"not_picked":["Shockwave","Rampage"],"picked":"Power Through","floor":25},{"not_picked":["Clash","Shockwave","Uppercut"],"picked":"SKIP","floor":27},{"not_picked":["Anger","True Grit","Sword Boomerang"],"picked":"SKIP","floor":28},{"not_picked":["Corruption","True Grit"],"picked":"Seeing Red","floor":31}],"player_experience":214525,"relics_obtained":[{"floor":7,"key":"Sundial"},{"floor":11,"key":"Regal Pillow"},{"floor":14,"key":"Pantograph"},{"floor":23,"key":"War Paint"},{"floor":26,"key":"Ornamental Fan"}],"event_choices":[{"cards_removed":["Strike_R"],"damage_healed":0,"gold_gain":0,"player_choice":"Purged","damage_taken":0,"max_hp_gain":0,"max_hp_loss":0,"event_name":"Purifier","floor":2,"gold_loss":0},{"damage_healed":0,"gold_gain":0,"player_choice":"Grow","damage_taken":0,"max_hp_gain":0,"max_hp_loss":0,"event_name":"Living Wall","floor":5,"gold_loss":0,"cards_upgraded":["Flex"]},{"damage_healed":0,"gold_gain":0,"player_choice":"Ignored","damage_taken":0,"max_hp_gain":0,"max_hp_loss":0,"event_name":"Ghosts","floor":19,"gold_loss":0},{"damage_healed":0,"gold_gain":0,"player_choice":"Joined the Cult","damage_taken":6,"max_hp_gain":0,"max_hp_loss":0,"event_name":"Nest","floor":30,"gold_loss":0,"cards_obtained":["RitualDagger"]}],"is_beta":false,"boss_relics":[{"not_picked":["Calling Bell","Coffee Dripper"],"picked":"Sozu"}],"items_purged_floors":[],"is_endless":false,"potions_floor_spawned":[1,4,8,11,16,18,25,27],"killed_by":"Collector","ascension_level":0}