{"gold_per_floor":[364,378,395,149,149,149,169,169,169,169,180,180,180,7,7,85,85,95,95,20,70,81,81,92,92],"floor_reached":25,"playtime":795,"items_purged":["Parasite"],"score":344,"play_id":"bb2e895b-380d-4fa6-ae40-134ede2a557e","local_time":"20190512124153","is_ascension_mode":true,"campfire_choices":[{"floor":6,"key":"REST"},{"data":"Chaos","floor":8,"key":"SMITH"},{"data":"Loop","floor":12,"key":"SMITH"},{"data":"Glacier","floor":15,"key":"SMITH"},{"floor":23,"key":"REST"}],"neow_cost":"PERCENT_DAMAGE","seed_source_timestamp":44722954972102,"circlet_count":0,"master_deck":["AscendersBane","Strike_B","Strike_B","Strike_B","Strike_B","Defend_B","Defend_B","Defend_B","Defend_B","Zap","Dualcast","Chaos+1","Conserve Battery","Glacier+1","Loop+1","Leap","Melter","Creative AI","Capacitor+1","Leap+1"],"relics":["Cracked Core","Art of War","Gremlin Horn","Kunai","Cables","Bronze Scales","Fusion Hammer"],"potions_floor_usage":[7,16,24],"damage_taken":[{"damage":4,"enemies":"Small Slimes","floor":1,"turns":3},{"damage":7,"enemies":"Jaw Worm","floor":2,"turns":3},{"damage":3,"enemies":"Cultist","floor":3,"turns":4},{"damage":5,"enemies":"2 Fungi Beasts","floor":7,"turns":3},{"damage":12,"enemies":"Lots of Slimes","floor":11,"turns":3},{"damage":44,"enemies":"Slime Boss","floor":16,"turns":14},{"damage":0,"enemies":"Chosen","floor":18,"turns":4},{"damage":35,"enemies":"3 Byrds","floor":22,"turns":3},{"damage":7,"enemies":"Snake Plant","floor":24,"turns":3},{"damage":39,"enemies":"Slavers","floor":25,"turns":5}],"seed_played":"-7993650525565669886","potions_obtained":[{"floor":2,"key":"AttackPotion"},{"floor":11,"key":"SpeedPotion"},{"floor":18,"key":"FocusPotion"},{"floor":22,"key":"SpeedPotion"}],"is_trial":false,"path_per_floor":["M","M","M","$","?","R","M","R","T","T","M","R","?","$","R","B",null,"M","?","$","?","M","R","M","E"],"character_chosen":"DEFECT","items_purchased":["Loop","Art of War","Bronze Scales"],"campfire_rested":2,"item_purchase_floors":[4,4,14],"current_hp_per_floor":[42,35,32,32,27,48,43,43,43,43,31,31,48,48,48,4,54,54,54,54,54,19,39,32,0],"gold":92,"neow_bonus":"TWO_FIFTY_GOLD","is_prod":false,"is_daily":false,"chose_seed":false,"campfire_upgraded":3,"win_rate":0,"timestamp":1557690113,"path_taken":["M","M","M","$","?","R","M","R","T","?","M","R","?","$","R","BOSS","M","?","$","?","M","R","?","E"],"build_version":"2019-01-23","purchased_purges":1,"victory":false,"max_hp_per_floor":[71,71,71,71,71,71,71,71,71,71,71,71,71,71,71,71,71,71,71,68,68,68,68,68,68],"card_choices":[{"not_picked":["Hologram","Compile Driver"],"picked":"Chaos","floor":1},{"not_picked":["Auto Shields","Stack"],"picked":"Conserve Battery","floor":2},{"not_picked":["Hologram","Streamline"],"picked":"Glacier","floor":3},{"not_picked":["Stack","Rebound"],"picked":"Leap","floor":7},{"not_picked":["Turbo","Rebound"],"picked":"Melter","floor":11},{"not_picked":["Rainbow","Amplify"],"picked":"Creative AI","floor":16},{"not_picked":["Streamline","Go for the Eyes"],"picked":"Capacitor+1","floor":18},{"not_picked":["Stack+1","Darkness","Capacitor"],"picked":"SKIP","floor":22},{"not_picked":["Hologram","Sunder"],"picked":"Leap+1","floor":24}],"player_experience":927627,"relics_obtained":[{"floor":9,"key":"Kunai"},{"floor":10,"key":"Cables"}],"event_choices":[{"damage_healed":0,"gold_gain":0,"player_choice":"Success","damage_taken":5,"relics_obtained":["Gremlin Horn"],"max_hp_gain":0,"max_hp_loss":0,"event_name":"Scrap Ooze","floor":5,"gold_loss":0},{"damage_healed":17,"gold_gain":0,"player_choice":"Healed and dodged fight","damage_taken":0,"max_hp_gain":0,"max_hp_loss":0,"event_name":"Mushrooms","floor":13,"gold_loss":0,"cards_obtained":["Parasite"]},{"damage_healed":0,"gold_gain":0,"player_choice":"Ignored","damage_taken":0,"max_hp_gain":0,"max_hp_loss":0,"event_name":"Ghosts","floor":19,"gold_loss":0},{"damage_healed":0,"gold_gain":50,"player_choice":"Pray","damage_taken":0,"max_hp_gain":0,"max_hp_loss":0,"event_name":"Golden Shrine","floor":21,"gold_loss":0}],"is_beta":false,"boss_relics":[{"not_picked":["Inserter","Coffee Dripper"],"picked":"Fusion Hammer"}],"items_purged_floors":[20],"is_endless":false,"potions_floor_spawned":[2,11,18,22],"killed_by":"Slavers","ascension_level":16}