{"gold_per_floor":[118,118,43,57,57,101,101,144,169,169,94,94,113,128,128,219,219,239,259,275,113,113,151,151,189,189,104,104],"floor_reached":28,"playtime":808,"items_purged":["Injury"],"score":578,"play_id":"9160d1b5-c239-4f5f-a93c-d533ca7b31c9","local_time":"20190604185020","is_ascension_mode":true,"campfire_choices":[{"data":"Streamline","floor":7,"key":"SMITH"},{"floor":10,"key":"REST"},{"data":"Dualcast","floor":12,"key":"SMITH"},{"data":"Conserve Battery","floor":15,"key":"SMITH"},{"floor":24,"key":"REST"}],"neow_cost":"NONE","seed_source_timestamp":67193179649575,"circlet_count":0,"master_deck":["AscendersBane","Strike_B","Strike_B","Strike_B","Defend_B","Defend_B","Defend_B","Defend_B","Zap+1","Dualcast+1","Ball Lightning","Streamline+1","Electrodynamics","Conserve Battery+1","Sweeping Beam","Doom and Gloom","Biased Cognition","Self Repair","Undo","Glacier","Beam Cell","Consume"],"relics":["Cracked Core","Golden Idol","Omamori","Unceasing Top","Mercury Hourglass","Bag of Marbles","Black Star","Bag of Preparation","Anchor","Orichalcum","Smiling Mask","Turnip","Juzu Bracelet","The Courier","PreservedInsect"],"potions_floor_usage":[16,18,19,23,28],"damage_taken":[{"damage":1,"enemies":"Cultist","floor":1,"turns":3},{"damage":2,"enemies":"Jaw Worm","floor":4,"turns":3},{"damage":8,"enemies":"Gremlin Nob","floor":6,"turns":3},{"damage":20,"enemies":"3 Sentries","floor":8,"turns":4},{"damage":0,"enemies":"2 Louse","floor":13,"turns":2},{"damage":2,"enemies":"Exordium Wildlife","floor":14,"turns":2},{"damage":21,"enemies":"The Guardian","floor":16,"turns":8},{"damage":0,"enemies":"2 Thieves","floor":18,"turns":1},{"damage":18,"enemies":"Chosen","floor":19,"turns":4},{"damage":29,"enemies":"Snake Plant","floor":20,"turns":4},{"damage":0,"enemies":"Gremlin Leader","floor":23,"turns":4},{"damage":34,"enemies":"Slavers","floor":25,"turns":3},{"damage":15,"enemies":"Book of Stabbing","floor":28,"turns":4}],"seed_played":"2692484030769259042","potions_obtained":[{"floor":4,"key":"SneckoOil"},{"floor":8,"key":"Poison Potion"},{"floor":16,"key":"AttackPotion"},{"floor":18,"key":"SpeedPotion"},{"floor":19,"key":"PowerPotion"}],"is_trial":false,"path_per_floor":["M","?","$","M","?","E","R","E","T","R","?","R","M","M","R","B",null,"M","M","M","$","?","E","R","E","T","?","E"],"character_chosen":"DEFECT","items_purchased":["Bag of Preparation"],"campfire_rested":2,"item_purchase_floors":[21],"current_hp_per_floor":[63,63,63,61,43,35,35,15,15,36,36,36,36,34,34,13,57,57,46,24,24,24,24,45,11,11,11,0],"gold":104,"neow_bonus":"UPGRADE_CARD","is_prod":false,"is_daily":false,"chose_seed":false,"campfire_upgraded":3,"win_rate":0,"timestamp":1559688620,"path_taken":["M","?","$","M","?","E","R","E","T","R","?","R","M","M","R","BOSS","M","M","M","$","?","E","R","E","T","?","E"],"build_version":"2019-01-23","purchased_purges":1,"victory":false,"max_hp_per_floor":[71,71,71,71,71,71,71,71,71,71,71,71,71,71,71,71,71,71,71,71,71,71,71,71,71,71,71,71],"card_choices":[{"not_picked":["Hologram","Go for the Eyes"],"picked":"Ball Lightning","floor":1},{"not_picked":["Undo","Loop"],"picked":"Streamline","floor":4},{"not_picked":["Hologram","Ball Lightning"],"picked":"Electrodynamics","floor":6},{"not_picked":["Ball Lightning","Sweeping Beam"],"picked":"Conserve Battery","floor":8},{"not_picked":["Scrape","Reinforced Body"],"picked":"Sweeping Beam","floor":13},{"not_picked":["Steam","Genetic Algorithm"],"picked":"Doom and Gloom","floor":14},{"not_picked":["Electrodynamics","Multi-Cast"],"picked":"Biased Cognition","floor":16},{"not_picked":["Sunder","Beam Cell"],"picked":"Self Repair","floor":18},{"not_picked":["Hologram","Turbo"],"picked":"Undo","floor":19},{"not_picked":["Gash","Sweeping Beam+1"],"picked":"Glacier","floor":20},{"not_picked":["Compile Driver","Stack"],"picked":"Beam Cell","floor":23},{"not_picked":["Redo","Stack"],"picked":"Consume","floor":25}],"player_experience":833727,"relics_obtained":[{"floor":6,"key":"Unceasing Top"},{"floor":8,"key":"Mercury Hourglass"},{"floor":9,"key":"Bag of Marbles"},{"floor":23,"key":"Orichalcum"},{"floor":23,"key":"Smiling Mask"},{"floor":25,"key":"Turnip"},{"floor":25,"key":"Juzu Bracelet"},{"floor":26,"key":"The Courier"}],"event_choices":[{"damage_healed":0,"gold_gain":0,"player_choice":"Take Wound","damage_taken":0,"relics_obtained":["Golden Idol"],"max_hp_gain":0,"max_hp_loss":0,"event_name":"Golden Idol","floor":2,"gold_loss":0,"cards_obtained":["Injury"]},{"damage_healed":0,"gold_gain":0,"player_choice":"Success","damage_taken":18,"relics_obtained":["Omamori"],"max_hp_gain":0,"max_hp_loss":0,"event_name":"Scrap Ooze","floor":5,"gold_loss":0},{"cards_removed":["Strike_B"],"damage_healed":0,"gold_gain":0,"player_choice":"Card Removal","damage_taken":0,"max_hp_gain":0,"max_hp_loss":0,"event_name":"The Cleric","floor":11,"gold_loss":75},{"damage_healed":0,"gold_gain":0,"player_choice":"Opened","damage_taken":0,"relics_obtained":["Anchor"],"max_hp_gain":0,"max_hp_loss":0,"event_name":"The Mausoleum","floor":22,"gold_loss":0,"cards_obtained":["Writhe"]},{"damage_healed":0,"gold_gain":0,"player_choice":"Obtained Relic","damage_taken":0,"relics_obtained":["PreservedInsect"],"max_hp_gain":0,"max_hp_loss":0,"event_name":"Addict","floor":27,"gold_loss":85}],"is_beta":false,"boss_relics":[{"not_picked":["Empty Cage","Lizard Tail"],"picked":"Black Star"}],"items_purged_floors":[3],"is_endless":false,"potions_floor_spawned":[4,8,16,18,19,20],"killed_by":"Book of Stabbing","ascension_level":20}