{"gold_per_floor":[110,110,185,185,185,213,225,255,267,279,291,313,353,376,388,400],"floor_reached":16,"playtime":504,"items_purged":[],"score":216,"play_id":"cdb91acd-3394-4101-9297-938766c17312","local_time":"20190623190755","is_ascension_mode":true,"campfire_choices":[{"floor":7,"key":"REST"},{"data":"Rampage","floor":11,"key":"SMITH"},{"floor":15,"key":"REST"}],"neow_cost":"NONE","seed_source_timestamp":171892374530169,"circlet_count":0,"master_deck":["AscendersBane","Strike_R+1","Strike_R+1","Strike_R+1","Strike_R+1","Defend_R","Defend_R","Defend_R","Defend_R","Bash+1","Wild Strike","Rampage+1","Shockwave","Shrug It Off","Clothesline","True Grit"],"relics":["Burning Blood","MawBank","Dead Branch","Whetstone"],"potions_floor_usage":[6,14,14,16],"damage_taken":[{"damage":15,"enemies":"Small Slimes","floor":1,"turns":3},{"damage":8,"enemies":"Gremlin Nob","floor":6,"turns":3},{"damage":0,"enemies":"2 Louse","floor":8,"turns":4},{"damage":2,"enemies":"Jaw Worm","floor":12,"turns":4},{"damage":40,"enemies":"Lagavulin","floor":13,"turns":7},{"damage":5,"enemies":"Exordium Thugs","floor":14,"turns":3},{"damage":38,"enemies":"Slime Boss","floor":16,"turns":6}],"seed_played":"-3246901006142662853","potions_obtained":[{"floor":1,"key":"FearPotion"},{"floor":8,"key":"Fire Potion"},{"floor":12,"key":"Energy Potion"},{"floor":14,"key":"GamblersBrew"}],"is_trial":false,"path_per_floor":["M","$","?","?","?","E","R","M","T","?","R","M","E","M","R","B"],"character_chosen":"IRONCLAD","items_purchased":[],"campfire_rested":2,"item_purchase_floors":[],"current_hp_per_floor":[59,59,48,41,18,16,38,44,44,44,44,48,14,15,37,0],"gold":400,"neow_bonus":"UPGRADE_CARD","is_prod":false,"is_daily":false,"chose_seed":false,"campfire_upgraded":1,"win_rate":0,"timestamp":1561331275,"path_taken":["M","$","?","?","?","E","R","M","T","?","R","M","E","M","R","BOSS"],"build_version":"2019-01-23","purchased_purges":0,"victory":false,"max_hp_per_floor":[75,75,75,75,75,75,75,75,75,75,75,75,75,75,75,75],"card_choices":[{"not_picked":["Bloodletting","Shrug It Off"],"picked":"Wild Strike","floor":1},{"not_picked":["Sword Boomerang","Bloodletting"],"picked":"Rampage","floor":6},{"not_picked":["Dropkick","Warcry"],"picked":"Shockwave","floor":8},{"not_picked":["Body Slam","Cleave"],"picked":"Shrug It Off","floor":12},{"not_picked":["Heavy Blade","Clash"],"picked":"Clothesline","floor":13},{"not_picked":["Power Through","Feel No Pain"],"picked":"True Grit","floor":14}],"player_experience":968301,"relics_obtained":[{"floor":6,"key":"MawBank"},{"floor":9,"key":"Dead Branch"},{"floor":13,"key":"Whetstone"}],"event_choices":[{"damage_healed":0,"gold_gain":75,"player_choice":"Gather Gold","damage_taken":11,"max_hp_gain":0,"max_hp_loss":0,"event_name":"World of Goop","floor":3,"gold_loss":0},{"cards_removed":["Strike_R"],"damage_healed":0,"gold_gain":0,"player_choice":"Card Removal","damage_taken":7,"max_hp_gain":0,"max_hp_loss":0,"event_name":"Golden Wing","floor":4,"gold_loss":0},{"damage_healed":0,"gold_gain":0,"player_choice":"Entered Light","damage_taken":23,"max_hp_gain":0,"max_hp_loss":0,"event_name":"Shining Light","floor":5,"gold_loss":0,"cards_upgraded":["Strike_R","Strike_R"]},{"damage_healed":0,"gold_gain":0,"player_choice":"Ignored","damage_taken":0,"max_hp_gain":0,"max_hp_loss":0,"event_name":"Liars Game","floor":10,"gold_loss":0}],"is_beta":false,"boss_relics":[],"items_purged_floors":[],"is_endless":false,"potions_floor_spawned":[1,8,12,14],"killed_by":"Slime Boss","ascension_level":20}