{"gold_per_floor":[117,132,102,119,139,139,151,181,208,64,77,105,105,29,29,131,131,86,86,8,8,8,8,8,8,8,8,8,8,8,8,8,8],"floor_reached":33,"playtime":2285,"items_purged":["Strike_G"],"score":306,"play_id":"be940046-bbe2-42a9-9c9b-b63db94224f0","local_time":"20190630223829","is_ascension_mode":false,"campfire_choices":[{"data":"Dagger Spray","floor":6,"key":"SMITH"},{"data":"Footwork","floor":15,"key":"SMITH"},{"data":"Noxious Fumes","floor":23,"key":"SMITH"},{"floor":30,"key":"REST"},{"data":"Acrobatics","floor":32,"key":"SMITH"}],"neow_cost":"NONE","seed_source_timestamp":681013931230054,"circlet_count":0,"master_deck":["Defend_G","Defend_G","Defend_G","Defend_G","Defend_G","Survivor","Neutralize","Poisoned Stab","Sucker Punch","PiercingWail","Dagger Spray+1","Dagger Throw","Footwork+1","Well Laid Plans","Tactician","Dash","Die Die Die","Dagger Throw+1","Acrobatics+1","Noxious Fumes+1","Escape Plan+1","Bite","Bite","Bite","Bite","Bite","Backflip+1"],"relics":["Ring of the Snake","Bag of Preparation","Oddly Smooth Stone","Ancient Tea Set","Ectoplasm","Smiling Mask"],"potions_floor_usage":[5,8,12,12,12,18,21,25,27,31],"damage_taken":[{"damage":0,"enemies":"Small Slimes","floor":1,"turns":5},{"damage":4,"enemies":"Cultist","floor":2,"turns":4},{"damage":0,"enemies":"2 Louse","floor":4,"turns":2},{"damage":0,"enemies":"Lots of Slimes","floor":5,"turns":1},{"damage":0,"enemies":"Blue Slaver","floor":7,"turns":4},{"damage":16,"enemies":"3 Sentries","floor":8,"turns":6},{"damage":1,"enemies":"Looter","floor":11,"turns":3},{"damage":8,"enemies":"Lagavulin","floor":12,"turns":6},{"damage":43,"enemies":"Slime Boss","floor":16,"turns":13},{"damage":0,"enemies":"2 Thieves","floor":18,"turns":4},{"damage":0,"enemies":"3 Byrds","floor":19,"turns":4},{"damage":7,"enemies":"Centurion and Healer","floor":21,"turns":6},{"damage":0,"enemies":"Snecko","floor":22,"turns":5},{"damage":27,"enemies":"Slavers","floor":24,"turns":6},{"damage":21,"enemies":"Sentry and Sphere","floor":25,"turns":7},{"damage":3,"enemies":"Centurion and Healer","floor":27,"turns":5},{"damage":0,"enemies":"Shelled Parasite and Fungi","floor":31,"turns":5},{"damage":104,"enemies":"Automaton","floor":33,"turns":12}],"seed_played":"1246977380771497971","potions_obtained":[{"floor":2,"key":"Regen Potion"},{"floor":3,"key":"AttackPotion"},{"floor":3,"key":"Regen Potion"},{"floor":8,"key":"SteroidPotion"},{"floor":11,"key":"Dexterity Potion"},{"floor":16,"key":"AttackPotion"},{"floor":18,"key":"Regen Potion"},{"floor":21,"key":"Weak Potion"},{"floor":25,"key":"AttackPotion"},{"floor":27,"key":"Energy Potion"}],"is_trial":false,"path_per_floor":["M","M","?","M","M","R","M","E","T","$","M","E","?","$","R","B",null,"M","M","$","M","M","R","E","M","T","M","?","?","R","M","R","B"],"character_chosen":"THE_SILENT","items_purchased":["Well Laid Plans","Dash","Noxious Fumes"],"campfire_rested":1,"item_purchase_floors":[10,14,20],"current_hp_per_floor":[77,73,73,73,73,73,73,71,71,71,70,76,76,76,76,33,77,77,77,77,77,77,77,50,31,31,30,30,30,53,67,67,0],"gold":8,"neow_bonus":"TEN_PERCENT_HP_BONUS","is_prod":false,"is_daily":false,"chose_seed":false,"campfire_upgraded":4,"win_rate":0,"timestamp":1561959509,"path_taken":["M","M","?","M","M","R","?","E","T","?","M","E","?","$","R","BOSS","M","M","?","M","M","R","E","M","T","M","?","?","R","M","R","BOSS"],"build_version":"2019-01-23","purchased_purges":1,"victory":false,"max_hp_per_floor":[77,77,77,77,77,77,77,77,77,77,77,77,77,77,77,77,77,77,77,77,77,77,77,77,77,77,77,77,77,77,77,77,77],"card_choices":[{"not_picked":["Dodge and Roll","Choke"],"picked":"Poisoned Stab","floor":1},{"not_picked":["Bane","Backflip"],"picked":"Sucker Punch","floor":2},{"not_picked":["Sucker Punch","Dodge and Roll"],"picked":"PiercingWail","floor":4},{"not_picked":["PiercingWail","Quick Slash"],"picked":"Dagger Spray","floor":5},{"not_picked":["Flying Knee","Deflect"],"picked":"Dagger Throw","floor":7},{"not_picked":["Deflect","Dagger Spray"],"picked":"Footwork","floor":8},{"not_picked":["Bouncing Flask","Deflect","Concentrate"],"picked":"SKIP","floor":11},{"not_picked":["Glass Knife","Outmaneuver","Concentrate"],"picked":"SKIP","floor":12},{"not_picked":["After Image","Doppelganger"],"picked":"Die Die Die","floor":16},{"not_picked":["Slice","PiercingWail+1"],"picked":"Dagger Throw+1","floor":18},{"not_picked":["Slice","Tools of the Trade"],"picked":"Acrobatics","floor":19},{"not_picked":["Dash","Cloak And Dagger"],"picked":"Masterful Stab+1","floor":21},{"not_picked":["Blade Dance+1","Flying Knee","Acrobatics+1"],"picked":"SKIP","floor":22},{"not_picked":["Poisoned Stab+1","Skewer","Deadly Poison"],"picked":"SKIP","floor":24},{"not_picked":["Masterful Stab","Dash+1"],"picked":"Escape Plan+1","floor":25},{"not_picked":["Dash","Masterful Stab","Accuracy"],"picked":"SKIP","floor":27},{"not_picked":["Bouncing Flask","Dodge and Roll"],"picked":"Backflip+1","floor":31}],"player_experience":556550,"relics_obtained":[{"floor":8,"key":"Bag of Preparation"},{"floor":9,"key":"Oddly Smooth Stone"},{"floor":12,"key":"Ancient Tea Set"},{"floor":24,"key":"Blood Vial"},{"floor":26,"key":"Smiling Mask"}],"event_choices":[{"damage_healed":0,"gold_gain":0,"player_choice":"Bought 2 Potions","damage_taken":0,"max_hp_gain":0,"max_hp_loss":0,"event_name":"The Woman in Blue","floor":3,"gold_loss":0},{"damage_healed":0,"gold_gain":0,"cards_transformed":["Strike_G"],"player_choice":"Transformed","damage_taken":0,"max_hp_gain":0,"max_hp_loss":0,"event_name":"Transmorgrifier","floor":13,"gold_loss":0,"cards_obtained":["Tactician"]},{"damage_healed":0,"gold_gain":0,"player_choice":"Became a vampire (Vial)","damage_taken":0,"max_hp_gain":0,"max_hp_loss":0,"event_name":"Vampires","floor":28,"relics_lost":["Blood Vial"],"gold_loss":0,"cards_obtained":["Bite","Bite","Bite","Bite","Bite"]},{"cards_removed":["Masterful Stab"],"damage_healed":0,"gold_gain":0,"player_choice":"Purged","damage_taken":0,"max_hp_gain":0,"max_hp_loss":0,"event_name":"Purifier","floor":29,"gold_loss":0}],"is_beta":false,"boss_relics":[{"not_picked":["WristBlade","White Beast Statue"],"picked":"Ectoplasm"}],"items_purged_floors":[10],"is_endless":false,"potions_floor_spawned":[2,8,11,16,18,21,25,27],"killed_by":"Automaton","ascension_level":0}