{"gold_per_floor":[114,114,189,207,283,283,317,317,317,351,351,363,328,343,343,419,419,436,436,45,45,45,45,57,57,82,109,128,145,145,165,165,242,242,255,14,14,14,31,31,44,44,98,98,98,117,134,146,146,146],"floor_reached":51,"playtime":2234,"items_purged":["Pain"],"score":1081,"play_id":"fa064189-4401-408c-8f53-75cc4e2ad230","local_time":"20181116172025","is_ascension_mode":true,"campfire_choices":[{"data":"Infinite Blades","floor":6,"key":"SMITH"},{"data":"Noxious Fumes","floor":15,"key":"SMITH"},{"data":"A Thousand Cuts","floor":23,"key":"SMITH"},{"floor":25,"key":"REST"},{"floor":30,"key":"REST"},{"floor":32,"key":"REST"},{"data":"After Image","floor":40,"key":"SMITH"},{"data":"Footwork","floor":42,"key":"SMITH"},{"floor":44,"key":"REST"},{"floor":49,"key":"REST"}],"neow_cost":"NONE","seed_source_timestamp":4936463641100,"circlet_count":0,"master_deck":["AscendersBane","Defend_G","Defend_G","Defend_G","Defend_G","Defend_G","Strike_G","Strike_G","Strike_G","Strike_G","Strike_G","Survivor","Neutralize","Adrenaline+1","Infinite Blades+1","Backflip+1","Noxious Fumes+1","Acrobatics","Quick Slash+1","Predator+1","A Thousand Cuts+1","Dagger Spray+1","Apotheosis+1","Footwork+1","Footwork+1","Backstab+1","After Image+1","Writhe","Dash+1","Regret"],"relics":["Ring of the Snake","Singing Bowl","Molten Egg 2","The Courier","StoneCalendar","Pocketwatch","Cursed Key","Ginger","PreservedInsect","Du-Vu Doll","Busted Crown","Anchor","Regal Pillow"],"potions_floor_usage":[7,28,33,50],"damage_taken":[{"damage":2,"enemies":"2 Louse","floor":1,"turns":3},{"damage":0,"enemies":"Small Slimes","floor":4,"turns":3},{"damage":6,"enemies":"3 Sentries","floor":7,"turns":11},{"damage":5,"enemies":"Lagavulin","floor":10,"turns":7},{"damage":0,"enemies":"Cultist","floor":12,"turns":4},{"damage":5,"enemies":"Exordium Thugs","floor":14,"turns":5},{"damage":28,"enemies":"Slime Boss","floor":16,"turns":7},{"damage":13,"enemies":"3 Byrds","floor":18,"turns":4},{"damage":4,"enemies":"Chosen","floor":24,"turns":3},{"damage":17,"enemies":"Book of Stabbing","floor":27,"turns":7},{"damage":6,"enemies":"Sentry and Sphere","floor":28,"turns":6},{"damage":10,"enemies":"Snake Plant","floor":29,"turns":4},{"damage":24,"enemies":"Shelled Parasite and Fungi","floor":31,"turns":5},{"damage":52,"enemies":"Collector","floor":33,"turns":10},{"damage":7,"enemies":"3 Shapes","floor":35,"turns":6},{"damage":6,"enemies":"Orb Walker","floor":39,"turns":4},{"damage":5,"enemies":"Transient","floor":41,"turns":5},{"damage":3,"enemies":"3 Darklings","floor":46,"turns":5},{"damage":2,"enemies":"Spire Growth","floor":47,"turns":5},{"damage":0,"enemies":"4 Shapes","floor":48,"turns":6},{"damage":59,"enemies":"Awakened One","floor":50,"turns":17}],"seed_played":"-5033142348372369387","potions_obtained":[{"floor":1,"key":"EssenceOfSteel"},{"floor":16,"key":"FairyPotion"},{"floor":18,"key":"Weak Potion"},{"floor":24,"key":"GhostInAJar"},{"floor":29,"key":"SpeedPotion"},{"floor":33,"key":"Energy Potion"}],"is_trial":false,"path_per_floor":["M","?","?","M","T","R","E","?","T","E","?","M","?","M","R","B",null,"M","?","$","?","?","R","M","R","T","E","M","M","R","M","R","B",null,"M","$","$","?","M","R","M","R","T","R","?","M","M","M","R","B",null],"character_chosen":"THE_SILENT","items_purchased":["Apotheosis","Ginger","Anchor","GhostInAJar"],"campfire_rested":5,"item_purchase_floors":[20,20,36,36],"current_hp_per_floor":[61,61,54,54,54,54,48,36,36,31,31,31,48,43,43,15,56,43,43,43,43,43,43,39,60,60,43,39,31,53,29,51,6,57,52,52,52,71,67,67,62,62,62,78,78,77,77,79,84,25],"gold":146,"neow_bonus":"ONE_RANDOM_RARE_CARD","is_prod":false,"is_daily":false,"chose_seed":false,"campfire_upgraded":5,"win_rate":0,"timestamp":1542417625,"path_taken":["M","?","?","?","?","R","E","?","T","E","?","M","?","M","R","BOSS","M","?","$","?","?","R","M","R","T","E","M","M","R","M","R","BOSS","M","?","$","?","M","R","M","R","T","R","?","M","?","M","R","BOSS"],"build_version":"2018-11-15","purchased_purges":1,"victory":true,"max_hp_per_floor":[70,70,70,70,70,70,70,70,70,70,70,70,70,70,70,70,70,70,70,70,70,70,70,70,70,70,70,72,74,74,74,74,74,74,76,76,76,76,78,78,78,78,78,78,78,80,82,84,84,84],"card_choices":[{"not_picked":["Prepared","Outmaneuver"],"picked":"Infinite Blades","floor":1},{"not_picked":["Bane","Flechettes"],"picked":"Backflip","floor":4},{"not_picked":["Dagger Throw","Slice"],"picked":"Noxious Fumes","floor":7},{"not_picked":["Escape Plan","Storm of Steel"],"picked":"Acrobatics","floor":10},{"not_picked":["Sucker Punch+1","Acrobatics"],"picked":"Quick Slash+1","floor":12},{"not_picked":["Quick Slash+1","Endless Agony+1"],"picked":"Predator+1","floor":14},{"not_picked":["Glass Knife+1","Corpse Explosion"],"picked":"A Thousand Cuts","floor":16},{"not_picked":["Dagger Throw+1","Dodge and Roll"],"picked":"Dagger Spray+1","floor":18},{"not_picked":["All Out Attack+1","Poisoned Stab+1"],"picked":"Footwork+1","floor":24},{"not_picked":["Outmaneuver","Flying Knee+1"],"picked":"Footwork","floor":27},{"not_picked":["Deflect","Phantasmal Killer","PiercingWail"],"picked":"Singing Bowl","floor":28},{"not_picked":["Expertise","Predator+1","PiercingWail"],"picked":"Singing Bowl","floor":29},{"not_picked":["Underhanded Strike+1","Setup"],"picked":"Backstab+1","floor":31},{"not_picked":["Adrenaline","Envenom"],"picked":"After Image","floor":33},{"not_picked":["Flying Knee+1"],"picked":"Singing Bowl","floor":35},{"not_picked":["Riddle With Holes+1"],"picked":"Singing Bowl","floor":39},{"not_picked":[],"picked":"Dash+1","floor":41},{"not_picked":["Dodge and Roll"],"picked":"Singing Bowl","floor":46},{"not_picked":["Underhanded Strike+1"],"picked":"Singing Bowl","floor":47},{"not_picked":["Accuracy"],"picked":"Singing Bowl","floor":48}],"player_experience":744905,"relics_obtained":[{"floor":5,"key":"Singing Bowl"},{"floor":7,"key":"Molten Egg 2"},{"floor":9,"key":"StoneCalendar"},{"floor":10,"key":"Pocketwatch"},{"floor":26,"key":"PreservedInsect"},{"floor":27,"key":"Du-Vu Doll"},{"floor":43,"key":"Regal Pillow"}],"event_choices":[{"damage_healed":0,"gold_gain":0,"player_choice":"Grow","damage_taken":0,"max_hp_gain":0,"max_hp_loss":0,"event_name":"Living Wall","floor":2,"gold_loss":0,"cards_upgraded":["Adrenaline"]},{"damage_healed":0,"gold_gain":75,"player_choice":"Touch","damage_taken":7,"max_hp_gain":0,"max_hp_loss":0,"event_name":"FaceTrader","floor":3,"gold_loss":0},{"damage_healed":0,"gold_gain":0,"player_choice":"Success","damage_taken":12,"relics_obtained":["The Courier"],"max_hp_gain":0,"max_hp_loss":0,"event_name":"Scrap Ooze","floor":8,"gold_loss":0},{"damage_healed":0,"gold_gain":0,"player_choice":"Searched \u00271\u0027 times","damage_taken":0,"max_hp_gain":0,"max_hp_loss":0,"event_name":"Dead Adventurer","floor":11,"gold_loss":0},{"damage_healed":17,"gold_gain":0,"player_choice":"Healed","damage_taken":0,"max_hp_gain":0,"max_hp_loss":0,"event_name":"The Cleric","floor":13,"gold_loss":35},{"damage_healed":0,"gold_gain":0,"player_choice":"Ignored","damage_taken":0,"max_hp_gain":0,"max_hp_loss":0,"event_name":"Ghosts","floor":19,"gold_loss":0},{"damage_healed":0,"gold_gain":0,"player_choice":"Ignored","damage_taken":0,"max_hp_gain":0,"max_hp_loss":0,"event_name":"Beggar","floor":21,"gold_loss":0},{"damage_healed":0,"gold_gain":0,"player_choice":"Upgraded","damage_taken":0,"max_hp_gain":0,"max_hp_loss":0,"event_name":"Upgrade Shrine","floor":22,"gold_loss":0,"cards_upgraded":["Apotheosis"]},{"damage_healed":19,"gold_gain":0,"player_choice":"Writhe","damage_taken":0,"max_hp_gain":0,"max_hp_loss":0,"event_name":"Winding Halls","floor":38,"gold_loss":0,"cards_obtained":["Writhe"]},{"damage_healed":0,"gold_gain":0,"player_choice":"Upgraded","damage_taken":0,"max_hp_gain":0,"max_hp_loss":0,"event_name":"Upgrade Shrine","floor":45,"gold_loss":0,"cards_upgraded":["Backflip"]}],"is_beta":false,"boss_relics":[{"not_picked":["Empty Cage","Ring of the Serpent"],"picked":"Cursed Key"},{"not_picked":["Fusion Hammer","Runic Pyramid"],"picked":"Busted Crown"}],"items_purged_floors":[36],"is_endless":false,"potions_floor_spawned":[1,16,18,24,29,33,41,46,47],"ascension_level":13}