{"gold_per_floor":[115,16,16,91,102,137,137,154,206,206,10,73,73,73,73,172,172,188,188,188,188,188,188,215,215,215,229,247,265,265,279,279,377,377,388,488,151,151,162,162,173,173],"floor_reached":42,"playtime":4988,"items_purged":["Strike_G","Regret","Defend_G"],"score":581,"play_id":"2798e2ef-46b8-4012-9f2d-8dfaa5b56878","local_time":"20190211190031","is_ascension_mode":true,"campfire_choices":[{"data":"Blur","floor":7,"key":"SMITH"},{"floor":13,"key":"REST"},{"floor":15,"key":"REST"},{"floor":23,"key":"REST"},{"floor":25,"key":"REST"},{"data":"Footwork","floor":30,"key":"SMITH"},{"floor":32,"key":"REST"},{"data":"Catalyst","floor":40,"key":"SMITH"}],"neow_cost":"NONE","seed_source_timestamp":48701879807260,"circlet_count":0,"master_deck":["Defend_G","Defend_G","Strike_G","Strike_G+1","Survivor+1","Neutralize","Prepared+1","Sucker Punch","Blur+1","Dash","Masterful Stab","Corpse Explosion","Catalyst+1","Deflect+1","Dagger Spray+1","Well Laid Plans","Underhanded Strike+1","Blur","Masterful Stab+1","Footwork+1","Prepared+1","Bullet Time","Catalyst+1","Footwork","Decay","Leg Sweep+1"],"relics":["Ring of the Snake","NeowsBlessing","Boot","Pocketwatch","Bag of Marbles","Bag of Preparation","Tiny Chest","Astrolabe","Enchiridion","Singing Bowl","Tingsha","Cursed Key","Du-Vu Doll","Whetstone","War Paint"],"potions_floor_usage":[12,12,33,42,42,42],"damage_taken":[{"damage":0,"enemies":"2 Louse","floor":1,"turns":1},{"damage":0,"enemies":"Jaw Worm","floor":5,"turns":1},{"damage":0,"enemies":"3 Sentries","floor":6,"turns":1},{"damage":3,"enemies":"Small Slimes","floor":8,"turns":4},{"damage":3,"enemies":"Lagavulin","floor":12,"turns":9},{"damage":74,"enemies":"Hexaghost","floor":16,"turns":18},{"damage":6,"enemies":"3 Byrds","floor":18,"turns":2},{"damage":17,"enemies":"Slavers","floor":24,"turns":3},{"damage":4,"enemies":"Shell Parasite","floor":27,"turns":4},{"damage":6,"enemies":"Shelled Parasite and Fungi","floor":28,"turns":5},{"damage":0,"enemies":"Centurion and Healer","floor":29,"turns":4},{"damage":0,"enemies":"Sentry and Sphere","floor":31,"turns":3},{"damage":26,"enemies":"Champ","floor":33,"turns":17},{"damage":1,"enemies":"3 Darklings","floor":35,"turns":2},{"damage":0,"enemies":"Mind Bloom Boss Battle","floor":36,"turns":8},{"damage":0,"enemies":"3 Shapes","floor":39,"turns":1},{"damage":18,"enemies":"Spire Growth","floor":41,"turns":5},{"damage":58,"enemies":"Giant Head","floor":42,"turns":9}],"seed_played":"7813324564006368027","potions_obtained":[{"floor":1,"key":"Energy Potion"},{"floor":8,"key":"GamblersBrew"},{"floor":16,"key":"Weak Potion"},{"floor":27,"key":"GamblersBrew"},{"floor":28,"key":"SkillPotion"},{"floor":33,"key":"SteroidPotion"},{"floor":36,"key":"Strength Potion"}],"is_trial":false,"path_per_floor":["M","$","?","?","M","E","R","M","T","?","$","E","R","?","R","B",null,"M","?","?","?","?","R","E","R","T","M","M","M","R","M","R","B",null,"M","?","$","T","M","R","M","E"],"character_chosen":"THE_SILENT","items_purchased":["Sucker Punch","FairyPotion","Footwork","Whetstone"],"campfire_rested":5,"item_purchase_floors":[2,11,37,37],"current_hp_per_floor":[63,63,63,52,52,52,52,49,49,31,31,28,49,42,63,2,53,47,47,31,31,31,52,35,56,56,52,46,46,46,46,67,41,63,64,64,64,64,64,64,48,0],"gold":173,"neow_bonus":"THREE_ENEMY_KILL","is_prod":false,"is_daily":false,"chose_seed":false,"campfire_upgraded":3,"win_rate":0,"timestamp":1549929631,"path_taken":["M","$","?","?","M","E","R","M","T","?","$","E","R","?","R","BOSS","M","?","?","?","?","R","E","R","T","M","M","?","R","M","R","BOSS","M","?","$","?","M","R","M","E"],"build_version":"2019-01-23","purchased_purges":3,"victory":false,"max_hp_per_floor":[70,70,70,70,70,70,70,70,70,70,70,70,70,70,70,70,70,70,70,70,70,70,70,70,70,70,70,70,70,70,70,70,70,70,72,72,72,72,72,72,74,74],"card_choices":[{"not_picked":["Calculated Gamble","Bane"],"picked":"Prepared","floor":1},{"not_picked":["Flechettes","Heel Hook","Calculated Gamble"],"picked":"SKIP","floor":5},{"not_picked":["Expertise","Slice"],"picked":"Blur","floor":6},{"not_picked":["Dagger Spray","Acrobatics"],"picked":"Dash","floor":8},{"not_picked":["Endless Agony","Doppelganger"],"picked":"Masterful Stab","floor":12},{"not_picked":["Doppelganger","Glass Knife"],"picked":"Corpse Explosion","floor":16},{"not_picked":["Masterful Stab","Endless Agony"],"picked":"Dagger Spray+1","floor":18},{"not_picked":["Endless Agony","Setup+1"],"picked":"Underhanded Strike+1","floor":24},{"not_picked":["Cloak And Dagger","Predator+1"],"picked":"Blur","floor":27},{"not_picked":["Dagger Throw","Outmaneuver"],"picked":"Masterful Stab","floor":28},{"not_picked":["Deadly Poison","Underhanded Strike"],"picked":"Footwork","floor":29},{"not_picked":["Bane","Blade Dance+1"],"picked":"Prepared+1","floor":31},{"not_picked":["Die Die Die","A Thousand Cuts"],"picked":"Bullet Time","floor":33},{"not_picked":["Prepared+1","Predator+1","Dodge and Roll+1"],"picked":"Singing Bowl","floor":35},{"not_picked":["Deadly Poison+1","Skewer+1"],"picked":"Catalyst","floor":36},{"not_picked":["Bane","Acrobatics"],"picked":"Leg Sweep+1","floor":39},{"not_picked":["Tactician+1","Crippling Poison+1","Reflex"],"picked":"Singing Bowl","floor":41}],"player_experience":229184,"relics_obtained":[{"floor":6,"key":"Pocketwatch"},{"floor":9,"key":"Bag of Marbles"},{"floor":12,"key":"Tiny Chest"},{"floor":20,"key":"Enchiridion"},{"floor":24,"key":"Singing Bowl"},{"floor":26,"key":"Tingsha"},{"floor":36,"key":"Du-Vu Doll"},{"floor":38,"key":"War Paint"}],"event_choices":[{"damage_healed":0,"gold_gain":0,"player_choice":"Box","damage_taken":0,"relics_obtained":["Boot"],"max_hp_gain":0,"max_hp_loss":0,"event_name":"Big Fish","floor":3,"gold_loss":0,"cards_obtained":["Regret"]},{"damage_healed":0,"gold_gain":75,"player_choice":"Gather Gold","damage_taken":11,"max_hp_gain":0,"max_hp_loss":0,"event_name":"World of Goop","floor":4,"gold_loss":0},{"damage_healed":0,"gold_gain":0,"player_choice":"Success","damage_taken":18,"relics_obtained":["Bag of Preparation"],"max_hp_gain":0,"max_hp_loss":0,"event_name":"Scrap Ooze","floor":10,"gold_loss":0},{"cards_removed":["Strike_G"],"damage_healed":0,"gold_gain":0,"player_choice":"Card Removal","damage_taken":7,"max_hp_gain":0,"max_hp_loss":0,"event_name":"Golden Wing","floor":14,"gold_loss":0},{"damage_healed":0,"gold_gain":0,"player_choice":"Ignored","damage_taken":0,"max_hp_gain":0,"max_hp_loss":0,"event_name":"Vampires","floor":19,"gold_loss":0},{"damage_healed":0,"gold_gain":0,"player_choice":"Obtained Book","damage_taken":16,"max_hp_gain":0,"max_hp_loss":0,"event_name":"Cursed Tome","floor":20,"gold_loss":0},{"damage_healed":0,"gold_gain":0,"player_choice":"Ignored","damage_taken":0,"max_hp_gain":0,"max_hp_loss":0,"event_name":"Ghosts","floor":21,"gold_loss":0},{"damage_healed":0,"gold_gain":0,"cards_transformed":["Accuracy"],"player_choice":"Transformed","damage_taken":0,"max_hp_gain":0,"max_hp_loss":0,"event_name":"Transmorgrifier","floor":22,"gold_loss":0,"cards_obtained":["Well Laid Plans"]},{"damage_healed":0,"gold_gain":0,"player_choice":"Fight","damage_taken":0,"max_hp_gain":0,"max_hp_loss":0,"event_name":"MindBloom","floor":36,"gold_loss":0}],"is_beta":false,"boss_relics":[{"not_picked":["Lizard Tail","WristBlade"],"picked":"Astrolabe"},{"not_picked":["Runic Pyramid","Snecko Eye"],"picked":"Cursed Key"}],"items_purged_floors":[2,11,37],"is_endless":false,"potions_floor_spawned":[1,8,16,27,28,29,33,36,39],"killed_by":"Giant Head","ascension_level":6}