{"gold_per_floor":[118,118,43,53,53,53,78,94,120,135,135,168,168,188,188,188],"floor_reached":16,"playtime":429,"items_purged":[],"score":220,"play_id":"cf30143b-1d12-49a4-9c4d-0066831f9447","local_time":"20190615134936","is_ascension_mode":true,"campfire_choices":[{"data":"Biased Cognition","floor":6,"key":"SMITH"},{"floor":11,"key":"REST"},{"data":"Consume","floor":13,"key":"SMITH"},{"data":"Rainbow","floor":15,"key":"SMITH"}],"neow_cost":"TEN_PERCENT_HP_LOSS","seed_source_timestamp":136045853375590,"circlet_count":0,"master_deck":["AscendersBane","Strike_B","Strike_B","Defend_B","Defend_B","Defend_B","Defend_B","Zap","Dualcast","Biased Cognition+1","Ball Lightning","BootSequence","Recycle","Rainbow+1","Coolheaded","Consume+1","Conserve Battery","Conserve Battery"],"relics":["Cracked Core","Lantern","Dream Catcher","Pen Nib"],"potions_floor_usage":[7],"damage_taken":[{"damage":2,"enemies":"Jaw Worm","floor":1,"turns":3},{"damage":10,"enemies":"Small Slimes","floor":4,"turns":3},{"damage":31,"enemies":"Gremlin Nob","floor":7,"turns":4},{"damage":6,"enemies":"Cultist","floor":8,"turns":3},{"damage":0,"enemies":"Red Slaver","floor":10,"turns":3},{"damage":4,"enemies":"3 Sentries","floor":12,"turns":4},{"damage":0,"enemies":"Looter","floor":14,"turns":3},{"damage":40,"enemies":"Hexaghost","floor":16,"turns":9}],"seed_played":"-1319735301818155280","potions_obtained":[{"floor":4,"key":"Poison Potion"},{"floor":7,"key":"SteroidPotion"},{"floor":8,"key":"Strength Potion"}],"is_trial":false,"path_per_floor":["M","?","?","M","?","R","E","M","T","M","R","E","R","M","R","B"],"character_chosen":"DEFECT","items_purchased":[],"campfire_rested":1,"item_purchase_floors":[],"current_hp_per_floor":[62,67,67,57,57,57,26,20,20,20,40,36,36,36,36,0],"gold":188,"neow_bonus":"THREE_RARE_CARDS","is_prod":false,"is_daily":false,"chose_seed":false,"campfire_upgraded":3,"win_rate":0,"timestamp":1560620976,"path_taken":["M","?","?","M","?","R","E","M","T","?","R","E","R","M","R","BOSS"],"build_version":"2019-01-23","purchased_purges":0,"victory":false,"max_hp_per_floor":[64,69,69,69,69,69,69,69,69,69,69,69,69,69,69,69],"card_choices":[{"not_picked":["Amplify","Buffer"],"picked":"Biased Cognition","floor":0},{"not_picked":["Steam","Gash"],"picked":"Ball Lightning","floor":1},{"not_picked":["Steam Power","Barrage"],"picked":"BootSequence","floor":4},{"not_picked":["Sweeping Beam","Turbo"],"picked":"Rainbow","floor":7},{"not_picked":["Reprogram","Sweeping Beam"],"picked":"Coolheaded","floor":8},{"not_picked":["Aggregate","Hologram","Rebound"],"picked":"SKIP","floor":10},{"not_picked":["Capacitor","Redo"],"picked":"Consume","floor":11},{"not_picked":["Tempest","Go for the Eyes"],"picked":"Conserve Battery","floor":12},{"not_picked":["Fusion","Force Field"],"picked":"Conserve Battery","floor":14}],"player_experience":911448,"relics_obtained":[{"floor":7,"key":"Lantern"},{"floor":9,"key":"Dream Catcher"},{"floor":12,"key":"Pen Nib"}],"event_choices":[{"damage_healed":0,"gold_gain":0,"player_choice":"Donut","damage_taken":0,"max_hp_gain":5,"max_hp_loss":0,"event_name":"Big Fish","floor":2,"gold_loss":0},{"cards_removed":["Strike_B"],"damage_healed":0,"gold_gain":0,"player_choice":"Card Removal","damage_taken":0,"max_hp_gain":0,"max_hp_loss":0,"event_name":"The Cleric","floor":3,"gold_loss":75},{"damage_healed":0,"gold_gain":0,"cards_transformed":["Strike_B"],"player_choice":"Transformed","damage_taken":0,"max_hp_gain":0,"max_hp_loss":0,"event_name":"Transmorgrifier","floor":5,"gold_loss":0,"cards_obtained":["Recycle"]}],"is_beta":false,"boss_relics":[],"items_purged_floors":[],"is_endless":false,"potions_floor_spawned":[4,7,8,12],"killed_by":"Hexaghost","ascension_level":20}