{"gold_per_floor":[117,132,41,61,76,110,124,124,124,199,230,230,28,28,28,131,131,105,105,105,125,145,179,179,195,244,270,287,287,51,68,68,68],"floor_reached":33,"playtime":2740,"items_purged":["Strike_R"],"score":297,"play_id":"a011ada6-8a2e-4458-bb8a-3b86aca51fc7","local_time":"20190130104510","is_ascension_mode":false,"campfire_choices":[{"data":"Armaments","floor":8,"key":"SMITH"},{"floor":15,"key":"REST"},{"data":"Apotheosis","floor":24,"key":"SMITH"},{"floor":29,"key":"REST"},{"floor":32,"key":"REST"}],"neow_cost":"PERCENT_DAMAGE","seed_source_timestamp":1034863242776108,"circlet_count":0,"master_deck":["Strike_R","Strike_R","Defend_R","Defend_R","Defend_R","Defend_R","Bash","Metallicize","Rampage","Shrug It Off","Armaments+1","Shrug It Off","Carnage","Inflame","Rage","Apotheosis+1","Fiend Fire","Iron Wave+1","Ghostly Armor+1","Flame Barrier","Iron Wave+1","Anger","Clothesline+1","Shrug It Off+1","Iron Wave+1"],"relics":["Burning Blood","Dead Branch","Letter Opener","The Courier","Ancient Tea Set","Kunai","Empty Cage","MutagenicStrength","Bronze Scales","Smiling Mask","Vajra","StoneCalendar"],"potions_floor_usage":[16,27,27,27,27],"damage_taken":[{"damage":1,"enemies":"Cultist","floor":1,"turns":3},{"damage":0,"enemies":"Small Slimes","floor":2,"turns":4},{"damage":2,"enemies":"2 Louse","floor":4,"turns":3},{"damage":0,"enemies":"Blue Slaver","floor":5,"turns":5},{"damage":13,"enemies":"3 Sentries","floor":6,"turns":10},{"damage":2,"enemies":"Looter","floor":7,"turns":4},{"damage":19,"enemies":"Gremlin Nob","floor":11,"turns":5},{"damage":17,"enemies":"Hexaghost","floor":16,"turns":9},{"damage":24,"enemies":"2 Thieves","floor":18,"turns":5},{"damage":0,"enemies":"Chosen","floor":21,"turns":5},{"damage":25,"enemies":"Snake Plant","floor":22,"turns":5},{"damage":23,"enemies":"Book of Stabbing","floor":23,"turns":9},{"damage":11,"enemies":"Sentry and Sphere","floor":25,"turns":6},{"damage":28,"enemies":"Slavers","floor":27,"turns":7},{"damage":7,"enemies":"Chosen and Byrds","floor":28,"turns":5},{"damage":7,"enemies":"Snecko","floor":31,"turns":4},{"damage":70,"enemies":"Collector","floor":33,"turns":6}],"seed_played":"-8665143000201128822","potions_obtained":[{"floor":4,"key":"Ancient Potion"},{"floor":5,"key":"SteroidPotion"},{"floor":6,"key":"AttackPotion"},{"floor":16,"key":"SteroidPotion"},{"floor":20,"key":"Energy Potion"},{"floor":23,"key":"Block Potion"},{"floor":25,"key":"BloodPotion"},{"floor":27,"key":"Fruit Juice"}],"is_trial":false,"path_per_floor":["M","M","$","M","M","E","M","R","T","?","E","?","$","?","R","B",null,"M","?","?","M","M","E","R","M","T","E","M","R","$","M","R","B"],"character_chosen":"IRONCLAD","items_purchased":["Rampage","Shrug It Off","Apotheosis","StoneCalendar"],"campfire_rested":3,"item_purchase_floors":[3,3,13,30],"current_hp_per_floor":[61,67,67,71,77,70,74,74,74,63,50,43,43,36,60,49,80,62,62,62,68,49,32,32,27,27,18,17,42,42,41,66,0],"gold":68,"neow_bonus":"ONE_RARE_RELIC","is_prod":false,"is_daily":false,"chose_seed":false,"campfire_upgraded":2,"win_rate":0.0,"timestamp":1548863110,"path_taken":["M","M","$","?","M","E","M","R","T","?","E","?","$","?","R","BOSS","M","?","?","?","M","E","R","M","T","E","M","R","?","M","R","BOSS"],"build_version":"2019-01-23","purchased_purges":1,"victory":false,"max_hp_per_floor":[80,80,80,80,80,80,80,80,80,80,80,80,80,80,80,80,80,80,80,80,80,80,80,80,80,80,85,85,85,85,85,85,85],"card_choices":[{"not_picked":["Heavy Blade","Headbutt"],"picked":"Metallicize","floor":1},{"not_picked":["Sentinel","Heavy Blade"],"picked":"Armaments","floor":2},{"not_picked":["Feel No Pain","Body Slam"],"picked":"Armaments","floor":4},{"not_picked":["Sword Boomerang","Armaments"],"picked":"Shrug It Off","floor":5},{"not_picked":["Cleave","Evolve"],"picked":"Carnage","floor":6},{"not_picked":["Flex","Brutality"],"picked":"Inflame","floor":7},{"not_picked":["Heavy Blade","Havoc"],"picked":"Rage","floor":11},{"not_picked":["Offering","Brutality"],"picked":"Fiend Fire","floor":16},{"not_picked":["Evolve","Body Slam"],"picked":"Iron Wave+1","floor":18},{"not_picked":["Cleave","True Grit"],"picked":"Ghostly Armor+1","floor":21},{"not_picked":["Metallicize","Hemokinesis"],"picked":"Flame Barrier","floor":22},{"not_picked":["Combust+1","Shrug It Off"],"picked":"Iron Wave+1","floor":23},{"not_picked":["Wild Strike","Fire Breathing"],"picked":"Anger","floor":25},{"not_picked":["Hemokinesis+1","Iron Wave"],"picked":"Clothesline+1","floor":27},{"not_picked":["Metallicize","Sentinel+1"],"picked":"Shrug It Off+1","floor":28},{"not_picked":["Perfected Strike","Wild Strike"],"picked":"Iron Wave+1","floor":31}],"player_experience":72427,"relics_obtained":[{"floor":6,"key":"Letter Opener"},{"floor":9,"key":"The Courier"},{"floor":11,"key":"Ancient Tea Set"},{"floor":23,"key":"Bronze Scales"},{"floor":26,"key":"Smiling Mask"},{"floor":27,"key":"Vajra"}],"event_choices":[{"damage_healed":0,"gold_gain":75,"player_choice":"Gather Gold","damage_taken":11,"max_hp_gain":0,"max_hp_loss":0,"event_name":"World of Goop","floor":10,"gold_loss":0},{"cards_removed":["Strike_R"],"damage_healed":0,"gold_gain":0,"player_choice":"Card Removal","damage_taken":7,"max_hp_gain":0,"max_hp_loss":0,"event_name":"Golden Wing","floor":12,"gold_loss":0},{"damage_healed":0,"gold_gain":0,"player_choice":"Success","damage_taken":7,"relics_obtained":["Kunai"],"max_hp_gain":0,"max_hp_loss":0,"event_name":"Scrap Ooze","floor":14,"gold_loss":0},{"damage_healed":0,"gold_gain":0,"player_choice":"Inject Mutagens","damage_taken":0,"relics_obtained":["MutagenicStrength"],"max_hp_gain":0,"max_hp_loss":0,"event_name":"Drug Dealer","floor":19,"gold_loss":0},{"damage_healed":0,"gold_gain":0,"player_choice":"Got Potions","damage_taken":0,"max_hp_gain":0,"max_hp_loss":0,"event_name":"Lab","floor":20,"gold_loss":0}],"is_beta":false,"boss_relics":[{"not_picked":["Ectoplasm","Orrery"],"picked":"Empty Cage"}],"items_purged_floors":[13],"is_endless":false,"potions_floor_spawned":[4,5,6,16,23,25,27],"killed_by":"Collector","ascension_level":0}