{"gold_per_floor":[114,134,145,145,161,161,175,207,230,230,289,340,358,383,383,484,484,499,110,110,110,110,143,143,68,68,79,106,106,122,122,122,122],"floor_reached":33,"playtime":2631,"items_purged":["Defend_R"],"score":303,"play_id":"64093b7f-32dc-4d55-822c-286e4c8fcedc","local_time":"20190517204731","is_ascension_mode":false,"campfire_choices":[{"data":"Wild Strike","floor":6,"key":"SMITH"},{"floor":15,"key":"REST"},{"floor":24,"key":"REST"},{"data":"Trip","floor":29,"key":"SMITH"},{"data":"Shrug It Off","floor":32,"key":"SMITH"}],"neow_cost":"NONE","seed_source_timestamp":372536819650034,"circlet_count":0,"master_deck":["Strike_R","Strike_R","Defend_R","Defend_R+1","Defend_R","Bash","Fiend Fire+1","Pommel Strike+1","Wild Strike+1","Wild Strike","Reaper","Dropkick","Trip+1","Armaments+1","Shrug It Off+1","Feel No Pain+1","Burning Pact","Disarm+1"],"relics":["Burning Blood","Centennial Puzzle","Bag of Preparation","Tiny Chest","Bronze Scales","Whetstone","Empty Cage","Lantern","Juzu Bracelet","GremlinMask","Pear","Dream Catcher","Gremlin Horn","War Paint"],"potions_floor_usage":[7,8,16,28,33,33],"damage_taken":[{"damage":8,"enemies":"Jaw Worm","floor":1,"turns":3},{"damage":1,"enemies":"Cultist","floor":2,"turns":3},{"damage":6,"enemies":"2 Louse","floor":3,"turns":2},{"damage":9,"enemies":"Blue Slaver","floor":5,"turns":3},{"damage":8,"enemies":"Lots of Slimes","floor":7,"turns":4},{"damage":17,"enemies":"3 Sentries","floor":8,"turns":5},{"damage":14,"enemies":"Gremlin Nob","floor":11,"turns":3},{"damage":9,"enemies":"Gremlin Gang","floor":13,"turns":3},{"damage":13,"enemies":"Lagavulin","floor":14,"turns":3},{"damage":37,"enemies":"Slime Boss","floor":16,"turns":9},{"damage":12,"enemies":"Shell Parasite","floor":18,"turns":1},{"damage":40,"enemies":"Gremlin Leader","floor":23,"turns":6},{"damage":0,"enemies":"Chosen","floor":27,"turns":3},{"damage":21,"enemies":"Slavers","floor":28,"turns":5},{"damage":11,"enemies":"Shelled Parasite and Fungi","floor":30,"turns":4},{"damage":70,"enemies":"Champ","floor":33,"turns":16}],"seed_played":"1715033230435749781","potions_obtained":[{"floor":3,"key":"Regen Potion"},{"floor":5,"key":"FearPotion"},{"floor":11,"key":"Ancient Potion"},{"floor":14,"key":"SpeedPotion"},{"floor":27,"key":"AttackPotion"},{"floor":28,"key":"GamblersBrew"}],"is_trial":false,"path_per_floor":["M","M","M","?","M","R","M","E","T","?","E","T","M","E","R","B",null,"M","$","?","?","T","E","R","$","T","M","E","R","M","T","R","B"],"character_chosen":"IRONCLAD","items_purchased":["Lantern","Trip","Juzu Bracelet"],"campfire_rested":2,"item_purchase_floors":[19,19,19],"current_hp_per_floor":[78,80,80,80,77,77,75,78,78,71,63,63,60,53,77,46,80,74,74,66,66,76,54,81,81,81,87,72,72,67,67,67,0],"gold":122,"neow_bonus":"ONE_RANDOM_RARE_CARD","is_prod":false,"is_daily":false,"chose_seed":false,"campfire_upgraded":3,"win_rate":0,"timestamp":1558151251,"path_taken":["M","M","M","?","M","R","?","E","T","?","E","?","M","E","R","BOSS","M","$","?","?","?","E","R","$","T","M","E","R","M","?","R","BOSS"],"build_version":"2019-01-23","purchased_purges":1,"victory":false,"max_hp_per_floor":[80,80,80,80,80,80,80,80,80,80,80,80,80,80,80,80,80,80,80,80,80,90,90,90,90,90,90,90,90,90,90,90,90],"card_choices":[{"not_picked":["Havoc","Armaments"],"picked":"Pommel Strike","floor":1},{"not_picked":["Searing Blow","Corruption","Blood for Blood"],"picked":"SKIP","floor":2},{"not_picked":["Flex","Heavy Blade"],"picked":"Wild Strike","floor":3},{"not_picked":["Reckless Charge","Wild Strike","Body Slam"],"picked":"SKIP","floor":5},{"not_picked":["Corruption","Pummel","Combust"],"picked":"SKIP","floor":7},{"not_picked":["Demon Form","Flex"],"picked":"Wild Strike","floor":8},{"not_picked":["Searing Blow","Pummel","Sever Soul"],"picked":"SKIP","floor":11},{"not_picked":["Sword Boomerang","Havoc","Heavy Blade"],"picked":"SKIP","floor":13},{"not_picked":["Spot Weakness","True Grit","Flex"],"picked":"SKIP","floor":14},{"not_picked":["Limit Break","Bludgeon"],"picked":"Reaper","floor":16},{"not_picked":["Second Wind","Uppercut"],"picked":"Dropkick","floor":18},{"not_picked":["Searing Blow","Limit Break"],"picked":"Armaments","floor":23},{"not_picked":["Flex","Clash+1"],"picked":"Shrug It Off","floor":24},{"not_picked":["Anger","Juggernaut"],"picked":"Feel No Pain+1","floor":27},{"not_picked":["Entrench","Limit Break"],"picked":"Burning Pact","floor":28},{"not_picked":["Ghostly Armor","Uppercut"],"picked":"Disarm+1","floor":30}],"player_experience":211894,"relics_obtained":[{"floor":8,"key":"Centennial Puzzle"},{"floor":9,"key":"Bag of Preparation"},{"floor":11,"key":"Tiny Chest"},{"floor":12,"key":"Bronze Scales"},{"floor":14,"key":"Whetstone"},{"floor":22,"key":"Pear"},{"floor":23,"key":"Dream Catcher"},{"floor":26,"key":"Gremlin Horn"},{"floor":28,"key":"War Paint"}],"event_choices":[{"damage_healed":0,"gold_gain":0,"player_choice":"Forge","damage_taken":0,"max_hp_gain":0,"max_hp_loss":0,"event_name":"Accursed Blacksmith","floor":4,"gold_loss":0,"cards_upgraded":["Pommel Strike"]},{"cards_removed":["Strike_R"],"damage_healed":0,"gold_gain":0,"player_choice":"Card Removal","damage_taken":7,"max_hp_gain":0,"max_hp_loss":0,"event_name":"Golden Wing","floor":10,"gold_loss":0},{"damage_healed":0,"gold_gain":0,"player_choice":"","damage_taken":8,"max_hp_gain":0,"max_hp_loss":0,"event_name":"Knowing Skull","floor":20,"potions_obtained":[],"gold_loss":0,"cards_obtained":[]},{"damage_healed":0,"gold_gain":0,"player_choice":"Trade","damage_taken":0,"relics_obtained":["GremlinMask"],"max_hp_gain":0,"max_hp_loss":0,"event_name":"FaceTrader","floor":21,"gold_loss":0}],"is_beta":false,"boss_relics":[{"not_picked":["Coffee Dripper","Runic Pyramid"],"picked":"Empty Cage"}],"items_purged_floors":[25],"is_endless":false,"potions_floor_spawned":[3,5,11,14,27,28],"killed_by":"Champ","ascension_level":0}