{"gold_per_floor":[119,136,150,150,167,167,224,64,88,107,31,31,31,48,48,48],"floor_reached":16,"playtime":509,"items_purged":["Strike_R","Strike_R"],"score":204,"play_id":"7c8198b9-c5e8-40a1-956c-4b7c727388ec","local_time":"20190531132339","is_ascension_mode":true,"campfire_choices":[{"data":"Bash","floor":6,"key":"SMITH"},{"data":"Armaments","floor":13,"key":"SMITH"},{"floor":15,"key":"REST"}],"neow_cost":"NONE","seed_source_timestamp":1195930229672325,"circlet_count":0,"master_deck":["AscendersBane","Strike_R","Strike_R","Strike_R","Defend_R","Defend_R","Defend_R","Defend_R","Bash+1","Twin Strike","Pommel Strike","Inflame","Perfected Strike","Armaments+1","Perfected Strike","True Grit","Perfected Strike"],"relics":["Burning Blood","Smiling Mask","Bottled Lightning","Tiny Chest","Happy Flower"],"potions_floor_usage":[10,14],"damage_taken":[{"damage":6,"enemies":"Cultist","floor":1,"turns":3},{"damage":7,"enemies":"Small Slimes","floor":2,"turns":4},{"damage":0,"enemies":"2 Louse","floor":3,"turns":2},{"damage":29,"enemies":"Exordium Thugs","floor":5,"turns":5},{"damage":32,"enemies":"Gremlin Nob","floor":7,"turns":4},{"damage":21,"enemies":"3 Louse","floor":10,"turns":4},{"damage":0,"enemies":"Exordium Wildlife","floor":14,"turns":3},{"damage":43,"enemies":"Slime Boss","floor":16,"turns":9}],"seed_played":"9031135762613623283","potions_obtained":[{"floor":7,"key":"SkillPotion"},{"floor":10,"key":"Swift Potion"}],"is_trial":false,"path_per_floor":["M","M","M","T","M","R","E","$","T","M","$","$","R","M","R","B"],"character_chosen":"IRONCLAD","items_purchased":["Perfected Strike","Armaments","True Grit"],"campfire_rested":1,"item_purchase_floors":[8,8,11],"current_hp_per_floor":[68,67,73,73,50,50,24,24,24,9,9,9,9,15,37,0],"gold":48,"neow_bonus":"RANDOM_COMMON_RELIC","is_prod":false,"is_daily":false,"chose_seed":false,"campfire_upgraded":2,"win_rate":0,"timestamp":1559323419,"path_taken":["M","M","M","?","M","R","E","$","T","M","?","$","R","M","R","BOSS"],"build_version":"2019-01-23","purchased_purges":2,"victory":false,"max_hp_per_floor":[75,75,75,75,75,75,75,75,75,75,75,75,75,75,75,75],"card_choices":[{"not_picked":["Wild Strike","Warcry"],"picked":"Twin Strike","floor":1},{"not_picked":["Headbutt","Thunderclap","Pummel"],"picked":"SKIP","floor":2},{"not_picked":["Entrench","Power Through","Fire Breathing"],"picked":"SKIP","floor":3},{"not_picked":["Cleave","Rage"],"picked":"Pommel Strike","floor":5},{"not_picked":["Perfected Strike","Cleave"],"picked":"Inflame","floor":7},{"not_picked":["Armaments","Shrug It Off"],"picked":"Perfected Strike","floor":10},{"not_picked":["Reckless Charge","Cleave"],"picked":"Perfected Strike","floor":14}],"player_experience":799409,"relics_obtained":[{"floor":4,"key":"Bottled Lightning"},{"floor":7,"key":"Tiny Chest"},{"floor":9,"key":"Happy Flower"}],"event_choices":[],"is_beta":false,"boss_relics":[],"items_purged_floors":[8,11],"is_endless":false,"potions_floor_spawned":[7,10],"killed_by":"Slime Boss","ascension_level":20}