{"gold_per_floor":[114,114,127,145,145,145,163,163,190,202,139,178,200,238,250,339,351,373,412,22,22],"floor_reached":21,"playtime":877,"items_purged":[],"score":354,"play_id":"b45baa32-781c-4e40-aecf-bcf72ef31618","local_time":"20190607211931","is_ascension_mode":true,"campfire_choices":[{"data":"Zap","floor":6,"key":"SMITH"},{"data":"Darkness","floor":8,"key":"SMITH"},{"data":"Darkness","floor":10,"key":"SMITH"},{"data":"Fusion","floor":15,"key":"SMITH"}],"neow_cost":"NONE","seed_source_timestamp":335292255037657,"circlet_count":0,"master_deck":["AscendersBane","Strike_B","Strike_B","Defend_B","Defend_B","Defend_B","Defend_B","Zap+1","Dualcast","Darkness+1","Darkness+1","Conserve Battery","Cold Snap+1","Self Repair","Compile Driver+1","Fusion+1","Rebound","Creative AI","Capacitor","Lockon","Barrage"],"relics":["Nuclear Battery","MawBank","Lantern","Whetstone","Snecko Eye","Red Mask","Gambling Chip"],"potions_floor_usage":[16,16,21],"damage_taken":[{"damage":7,"enemies":"Small Slimes","floor":1,"turns":4},{"damage":1,"enemies":"Cultist","floor":3,"turns":4},{"damage":3,"enemies":"2 Louse","floor":4,"turns":3},{"damage":12,"enemies":"Red Slaver","floor":7,"turns":3},{"damage":1,"enemies":"Blue Slaver","floor":13,"turns":3},{"damage":8,"enemies":"3 Sentries","floor":14,"turns":8},{"damage":32,"enemies":"The Guardian","floor":16,"turns":8},{"damage":21,"enemies":"Chosen","floor":18,"turns":5},{"damage":40,"enemies":"Masked Bandits","floor":19,"turns":5},{"damage":15,"enemies":"Shell Parasite","floor":21,"turns":3}],"seed_played":"7189506420536592","potions_obtained":[{"floor":3,"key":"PowerPotion"},{"floor":4,"key":"Poison Potion"},{"floor":16,"key":"FocusPotion"}],"is_trial":false,"path_per_floor":["M","?","M","M","?","R","M","R","T","R","?","T","M","E","R","B",null,"M","?","$","M"],"character_chosen":"DEFECT","items_purchased":["Gambling Chip","Barrage"],"campfire_rested":0,"item_purchase_floors":[20,20],"current_hp_per_floor":[57,57,56,53,53,53,48,48,48,48,48,48,54,53,53,28,60,46,13,13,0],"gold":22,"neow_bonus":"BOSS_RELIC","is_prod":false,"is_daily":false,"chose_seed":false,"campfire_upgraded":4,"win_rate":0,"timestamp":1559956771,"path_taken":["M","?","M","?","?","R","?","R","T","R","?","?","M","E","R","BOSS","M","?","$","M"],"build_version":"2019-01-23","purchased_purges":0,"victory":false,"max_hp_per_floor":[71,71,71,71,71,71,71,71,71,71,71,71,71,71,71,71,71,71,71,71,71],"card_choices":[{"not_picked":["Steam","Heatsinks"],"picked":"Darkness","floor":1},{"not_picked":["Hologram","Turbo"],"picked":"Conserve Battery","floor":3},{"not_picked":["Stack","Beam Cell"],"picked":"Cold Snap","floor":4},{"not_picked":["Gash","Rebound"],"picked":"Compile Driver","floor":7},{"not_picked":["Genetic Algorithm","Steam Power"],"picked":"Fusion","floor":13},{"not_picked":["Reboot","Go for the Eyes"],"picked":"Rebound","floor":14},{"not_picked":["Reboot","Thunder Strike"],"picked":"Creative AI","floor":16},{"not_picked":["Turbo","Rebound+1"],"picked":"Capacitor","floor":18},{"not_picked":["Turbo","Streamline"],"picked":"Lockon","floor":19}],"player_experience":860925,"relics_obtained":[{"floor":9,"key":"MawBank"},{"floor":12,"key":"Lantern"},{"floor":14,"key":"Whetstone"},{"floor":19,"key":"Red Mask"}],"event_choices":[{"damage_healed":0,"gold_gain":0,"cards_transformed":["Strike_B"],"player_choice":"Transformed","damage_taken":0,"max_hp_gain":0,"max_hp_loss":0,"event_name":"Transmorgrifier","floor":2,"gold_loss":0,"cards_obtained":["Darkness"]},{"damage_healed":0,"gold_gain":0,"player_choice":"1 cards matched","damage_taken":0,"max_hp_gain":0,"max_hp_loss":0,"event_name":"Match and Keep!","floor":5,"gold_loss":0,"cards_obtained":["Self Repair"]},{"cards_removed":["Strike_B"],"damage_healed":0,"gold_gain":0,"player_choice":"Card Removal","damage_taken":0,"max_hp_gain":0,"max_hp_loss":0,"event_name":"The Cleric","floor":11,"gold_loss":75},{"damage_healed":0,"gold_gain":0,"player_choice":"Fought Bandits","damage_taken":0,"max_hp_gain":0,"max_hp_loss":0,"event_name":"Masked Bandits","floor":19,"gold_loss":0}],"is_beta":false,"boss_relics":[{"not_picked":["Astrolabe","Orrery"],"picked":"Snecko Eye"}],"items_purged_floors":[],"is_endless":false,"potions_floor_spawned":[3,4,13,16],"killed_by":"Shell Parasite","ascension_level":20}