{"gold_per_floor":[115,115,115,115,130,160,160,191,191,219,219,253,283,295,307,393,405,405,211,211,211,211,211,211,211,211,211,211,211,211,211,211,211,211,211,211,211,211,211,211,211,211,211,109,109,109,109,109,109,109],"floor_reached":51,"playtime":1614,"items_purged":[],"score":1277,"play_id":"2e8a5f04-8e6b-4f34-b7c1-6597e1cf1af2","local_time":"20190321165009","is_ascension_mode":true,"campfire_choices":[{"data":"Bash","floor":7,"key":"SMITH"},{"data":"Immolate","floor":11,"key":"SMITH"},{"floor":15,"key":"REST"},{"floor":25,"key":"REST"},{"floor":32,"key":"REST"},{"data":"Demon Form","floor":40,"key":"SMITH"},{"floor":45,"key":"REST"},{"floor":49,"key":"REST"}],"neow_cost":"NONE","seed_source_timestamp":82387419584210,"circlet_count":0,"master_deck":["AscendersBane","Strike_R+1","Strike_R","Strike_R","Defend_R+1","Defend_R","Defend_R","Defend_R+1","Bash+1","Shrug It Off","Iron Wave","Inflame","Immolate+1","Armaments","Barricade","Shrug It Off+1","Spot Weakness","Necronomicurse","Heavy Blade+1","Disarm+1","Anger+1","Demon Form+1","Cleave+1","Sword Boomerang+1","Uppercut+1","Flame Barrier+1","Parasite","Sword Boomerang+1","Armaments+1","Disarm+1","Heavy Blade+1"],"relics":["Burning Blood","NeowsBlessing","GremlinMask","Kunai","Darkstone Periapt","Red Skull","StoneCalendar","MawBank","Ectoplasm","Membership Card","Necronomicon","Molten Egg 2","Bronze Scales","Toxic Egg 2","Velvet Choker","War Paint","Regal Pillow","Bag of Marbles"],"potions_floor_usage":[8,16,21,21,41,50,50],"damage_taken":[{"damage":0,"enemies":"Jaw Worm","floor":1,"turns":1},{"damage":0,"enemies":"Cultist","floor":5,"turns":1},{"damage":0,"enemies":"Gremlin Nob","floor":6,"turns":1},{"damage":19,"enemies":"Lagavulin","floor":8,"turns":8},{"damage":29,"enemies":"Gremlin Nob","floor":10,"turns":5},{"damage":27,"enemies":"Lagavulin","floor":12,"turns":5},{"damage":0,"enemies":"Small Slimes","floor":13,"turns":3},{"damage":18,"enemies":"Hexaghost","floor":16,"turns":9},{"damage":2,"enemies":"Chosen","floor":18,"turns":5},{"damage":2,"enemies":"3 Byrds","floor":21,"turns":6},{"damage":35,"enemies":"Book of Stabbing","floor":24,"turns":5},{"damage":22,"enemies":"Snecko","floor":27,"turns":6},{"damage":3,"enemies":"Snake Plant","floor":28,"turns":3},{"damage":15,"enemies":"Chosen and Byrds","floor":29,"turns":5},{"damage":0,"enemies":"Sentry and Sphere","floor":30,"turns":1},{"damage":30,"enemies":"Snake Plant","floor":31,"turns":5},{"damage":15,"enemies":"Champ","floor":33,"turns":8},{"damage":9,"enemies":"3 Shapes","floor":35,"turns":2},{"damage":0,"enemies":"Orb Walker","floor":36,"turns":2},{"damage":21,"enemies":"Spire Growth","floor":37,"turns":4},{"damage":0,"enemies":"4 Shapes","floor":39,"turns":1},{"damage":12,"enemies":"Writhing Mass","floor":41,"turns":5},{"damage":17,"enemies":"Sphere and 2 Shapes","floor":42,"turns":5},{"damage":15,"enemies":"3 Darklings","floor":47,"turns":3},{"damage":47,"enemies":"Transient","floor":48,"turns":5},{"damage":55,"enemies":"Awakened One","floor":50,"turns":9}],"seed_played":"-5342528593631003023","potions_obtained":[{"floor":6,"key":"PowerPotion"},{"floor":13,"key":"Energy Potion"},{"floor":16,"key":"Block Potion"},{"floor":18,"key":"Block Potion"},{"floor":21,"key":"LiquidBronze"},{"floor":33,"key":"GamblersBrew"},{"floor":41,"key":"Strength Potion"}],"is_trial":false,"path_per_floor":["M","?","$","?","M","E","R","E","T","E","R","E","M","?","R","B",null,"M","$","?","M","?","T","E","R","T","M","M","M","M","M","R","B",null,"M","M","M","$","M","R","M","M","T","$","R","T","M","M","R","B",null],"character_chosen":"IRONCLAD","items_purchased":["Membership Card","Regal Pillow","Armaments+1"],"campfire_rested":5,"item_purchase_floors":[19,44,44],"current_hp_per_floor":[74,74,74,67,73,75,75,62,62,39,39,18,24,1,23,11,59,63,63,63,67,52,52,23,47,47,31,34,25,31,7,31,22,66,63,69,54,54,60,60,60,49,49,49,87,87,78,37,78,29],"gold":109,"neow_bonus":"THREE_ENEMY_KILL","is_prod":false,"is_daily":false,"chose_seed":false,"campfire_upgraded":3,"win_rate":0,"timestamp":1553201409,"path_taken":["M","?","?","?","M","E","R","E","T","E","R","E","M","?","R","BOSS","M","$","?","?","?","?","E","R","T","M","M","M","M","M","R","BOSS","M","?","M","$","M","R","M","M","T","$","R","?","M","M","R","BOSS"],"build_version":"2019-01-23","purchased_purges":0,"victory":true,"max_hp_per_floor":[75,75,75,75,75,75,75,75,75,75,75,75,75,75,75,75,75,75,75,75,75,81,81,81,81,81,81,81,81,81,81,81,81,81,81,81,81,81,81,81,87,87,87,87,87,87,87,87,87,87],"card_choices":[{"not_picked":["True Grit","Shockwave"],"picked":"Shrug It Off","floor":1},{"not_picked":["True Grit","Flex","Anger"],"picked":"SKIP","floor":5},{"not_picked":["Disarm","Burning Pact"],"picked":"Iron Wave","floor":6},{"not_picked":["Hemokinesis","Anger"],"picked":"Inflame","floor":8},{"not_picked":["Rupture","Armaments"],"picked":"Immolate","floor":10},{"not_picked":["Clothesline","Burning Pact"],"picked":"Armaments","floor":12},{"not_picked":["True Grit","Second Wind","Burning Pact"],"picked":"SKIP","floor":13},{"not_picked":["Brutality","Berserk"],"picked":"Barricade","floor":16},{"not_picked":["Second Wind","Headbutt"],"picked":"Shrug It Off","floor":18},{"not_picked":["Entrench","Thunderclap"],"picked":"Spot Weakness","floor":21},{"not_picked":["Wild Strike+1","Pummel+1"],"picked":"Heavy Blade+1","floor":24},{"not_picked":["Fire Breathing","Havoc+1"],"picked":"Disarm+1","floor":27},{"not_picked":["Perfected Strike+1","Reckless Charge+1"],"picked":"Anger+1","floor":28},{"not_picked":["Rampage+1","Carnage+1"],"picked":"Demon Form","floor":29},{"not_picked":["Hemokinesis+1","Clash+1"],"picked":"Cleave+1","floor":30},{"not_picked":["Pommel Strike+1","Uppercut+1"],"picked":"Sword Boomerang+1","floor":31},{"not_picked":["Twin Strike+1","Headbutt+1","True Grit+1"],"picked":"SKIP","floor":35},{"not_picked":["Headbutt+1","Flex+1","Iron Wave+1"],"picked":"SKIP","floor":36},{"not_picked":["Headbutt+1","Wild Strike+1"],"picked":"Uppercut+1","floor":37},{"not_picked":["Flex+1","Thunderclap+1"],"picked":"Flame Barrier+1","floor":39},{"not_picked":["Feed+1","Sentinel+1","Havoc+1"],"picked":"SKIP","floor":41},{"not_picked":["Fire Breathing+1","Wild Strike+1"],"picked":"Sword Boomerang+1","floor":42},{"not_picked":["Clash+1","Body Slam+1"],"picked":"Disarm+1","floor":47},{"not_picked":["True Grit+1","Cleave+1"],"picked":"Heavy Blade+1","floor":48}],"player_experience":436109,"relics_obtained":[{"floor":6,"key":"Kunai"},{"floor":8,"key":"Darkstone Periapt"},{"floor":9,"key":"Red Skull"},{"floor":10,"key":"StoneCalendar"},{"floor":12,"key":"MawBank"},{"floor":22,"key":"Necronomicon"},{"floor":23,"key":"Molten Egg 2"},{"floor":24,"key":"Bronze Scales"},{"floor":26,"key":"Toxic Egg 2"},{"floor":43,"key":"War Paint"},{"floor":46,"key":"Bag of Marbles"}],"event_choices":[{"damage_healed":0,"gold_gain":0,"player_choice":"Trade","damage_taken":0,"relics_obtained":["GremlinMask"],"max_hp_gain":0,"max_hp_loss":0,"event_name":"FaceTrader","floor":2,"gold_loss":0},{"cards_removed":["Strike_R"],"damage_healed":0,"gold_gain":0,"player_choice":"Card Removal","damage_taken":7,"max_hp_gain":0,"max_hp_loss":0,"event_name":"Golden Wing","floor":4,"gold_loss":0},{"damage_healed":0,"gold_gain":0,"player_choice":"Entered Light","damage_taken":23,"max_hp_gain":0,"max_hp_loss":0,"event_name":"Shining Light","floor":14,"gold_loss":0,"cards_upgraded":["Strike_R","Defend_R"]},{"cards_removed":["Strike_R"],"damage_healed":0,"gold_gain":0,"player_choice":"Purged","damage_taken":0,"max_hp_gain":0,"max_hp_loss":0,"event_name":"Purifier","floor":20,"gold_loss":0},{"damage_healed":0,"gold_gain":0,"player_choice":"Obtained Book","damage_taken":21,"max_hp_gain":0,"max_hp_loss":0,"event_name":"Cursed Tome","floor":22,"gold_loss":0}],"is_beta":false,"boss_relics":[{"not_picked":["Black Star","Black Blood"],"picked":"Ectoplasm"},{"not_picked":["Runic Pyramid","Runic Dome"],"picked":"Velvet Choker"}],"items_purged_floors":[],"is_endless":false,"potions_floor_spawned":[6,13,16,18,21,33,41,42,48],"ascension_level":15}