{"gold_per_floor":[114,124,142,95,95,95,114,139,139,139,154,154,189,205,205,205],"floor_reached":16,"playtime":626,"items_purged":[],"score":134,"play_id":"05f6c4fc-e9b6-4026-bc52-f9bd5ce6555d","local_time":"20190621123100","is_ascension_mode":true,"campfire_choices":[{"data":"Armaments","floor":6,"key":"SMITH"},{"floor":10,"key":"REST"},{"floor":15,"key":"REST"}],"neow_cost":"NONE","seed_source_timestamp":153801979133667,"circlet_count":0,"master_deck":["Strike_R","Strike_R","Strike_R","Strike_R","Strike_R","Defend_R","Defend_R","Defend_R","Bash","Twin Strike","Corruption","Dual Wield","Armaments+1","Clash","Wild Strike","Impervious","Perfected Strike"],"relics":["Burning Blood","Potion Belt","Darkstone Periapt","Bird Faced Urn","Du-Vu Doll"],"potions_floor_usage":[3,7,11,14],"damage_taken":[{"damage":15,"enemies":"Small Slimes","floor":1,"turns":4},{"damage":3,"enemies":"2 Louse","floor":2,"turns":4},{"damage":0,"enemies":"Jaw Worm","floor":3,"turns":3},{"damage":17,"enemies":"Red Slaver","floor":7,"turns":5},{"damage":50,"enemies":"3 Sentries","floor":8,"turns":9},{"damage":11,"enemies":"Blue Slaver","floor":11,"turns":3},{"damage":46,"enemies":"Gremlin Nob","floor":13,"turns":5},{"damage":3,"enemies":"3 Louse","floor":14,"turns":3},{"damage":56,"enemies":"The Guardian","floor":16,"turns":8}],"seed_played":"-1556291908861823550","potions_obtained":[{"floor":2,"key":"Dexterity Potion"},{"floor":3,"key":"Regen Potion"},{"floor":8,"key":"BloodPotion"},{"floor":11,"key":"BloodPotion"}],"is_trial":false,"path_per_floor":["M","M","M","$","?","R","M","E","T","R","M","?","E","M","R","B"],"character_chosen":"IRONCLAD","items_purchased":["Armaments"],"campfire_rested":2,"item_purchase_floors":[4],"current_hp_per_floor":[71,74,80,80,73,73,67,23,23,47,50,76,38,49,73,17],"gold":205,"neow_bonus":"RANDOM_COMMON_RELIC","is_prod":false,"is_daily":false,"chose_seed":false,"campfire_upgraded":1,"win_rate":0,"timestamp":1561145460,"path_taken":["M","M","M","$","?","R","M","E","T","R","M","?","E","M","R","BOSS"],"build_version":"2019-01-23","purchased_purges":0,"victory":false,"max_hp_per_floor":[80,80,80,80,80,80,80,80,80,80,80,80,80,80,80,80],"card_choices":[{"not_picked":["Hemokinesis","Battle Trance"],"picked":"Twin Strike","floor":1},{"not_picked":["Thunderclap","Combust"],"picked":"Corruption","floor":2},{"not_picked":["Spot Weakness","Sword Boomerang"],"picked":"Dual Wield","floor":3},{"not_picked":["Headbutt","Twin Strike"],"picked":"Clash","floor":7},{"not_picked":["Bloodletting","Clothesline","Rage"],"picked":"SKIP","floor":8},{"not_picked":["Intimidate","Shrug It Off"],"picked":"Wild Strike","floor":11},{"not_picked":["Cleave","Sever Soul"],"picked":"Impervious","floor":13},{"not_picked":["Metallicize","Headbutt"],"picked":"Perfected Strike","floor":14}],"player_experience":463574,"relics_obtained":[{"floor":8,"key":"Darkstone Periapt"},{"floor":9,"key":"Bird Faced Urn"},{"floor":13,"key":"Du-Vu Doll"}],"event_choices":[{"cards_removed":["Defend_R"],"damage_healed":0,"gold_gain":0,"player_choice":"Card Removal","damage_taken":7,"max_hp_gain":0,"max_hp_loss":0,"event_name":"Golden Wing","floor":5,"gold_loss":0},{"damage_healed":26,"gold_gain":0,"player_choice":"Banana","damage_taken":0,"max_hp_gain":0,"max_hp_loss":0,"event_name":"Big Fish","floor":12,"gold_loss":0}],"is_beta":false,"boss_relics":[],"items_purged_floors":[],"is_endless":false,"potions_floor_spawned":[2,3,8,11],"killed_by":"The Guardian","ascension_level":4}