{"gold_per_floor":[214,214,228,153,153,153,55,81,116,160,172,68,108,120,132,244,256,286,317,329,341,370,382,419,431,443,473,501,546,570,595,607,714,726,758,331,331],"floor_reached":37,"playtime":2593,"items_purged":["Strike_R","Decay"],"score":520,"play_id":"ef2cc871-7ea1-4390-9906-6cba99293fd6","local_time":"20190604004846","is_ascension_mode":true,"campfire_choices":[{"data":"Pommel Strike","floor":6,"key":"SMITH"},{"data":"Seeing Red","floor":11,"key":"SMITH"},{"data":"Bludgeon","floor":15,"key":"SMITH"},{"floor":23,"key":"REST"},{"data":"Fiend Fire","floor":25,"key":"SMITH"},{"floor":32,"key":"REST"}],"neow_cost":"NONE","seed_source_timestamp":706353847430393,"circlet_count":0,"master_deck":["Strike_R","Strike_R","Strike_R","Strike_R","Defend_R","Defend_R","Defend_R","Bash","Seeing Red+1","Pommel Strike+1","PanicButton","Bludgeon+1","Dual Wield","Fiend Fire+1","Sentinel","Decay","Second Wind","Wild Strike+1","Thunderclap+1","Feel No Pain","Headbutt+1","True Grit","Demon Form","Writhe","Injury","Cleave+1","Exhume"],"relics":["Burning Blood","Pear","MawBank","Juzu Bracelet","Self Forming Clay","Centennial Puzzle","Blood Vial","Runic Pyramid","Pantograph","Darkstone Periapt","Bottled Lightning","Meat on the Bone","Calling Bell","Smiling Mask","Molten Egg 2","Magic Flower","Bottled Tornado"],"potions_floor_usage":[3,8,24,24,27,30,35,37],"damage_taken":[{"damage":12,"enemies":"Small Slimes","floor":1,"turns":4},{"damage":6,"enemies":"Cultist","floor":3,"turns":4},{"damage":0,"enemies":"Gremlin Nob","floor":8,"turns":3},{"damage":18,"enemies":"Lagavulin","floor":10,"turns":5},{"damage":18,"enemies":"Gremlin Nob","floor":13,"turns":4},{"damage":32,"enemies":"Slime Boss","floor":16,"turns":12},{"damage":12,"enemies":"Shell Parasite","floor":18,"turns":2},{"damage":15,"enemies":"3 Byrds","floor":19,"turns":6},{"damage":26,"enemies":"3 Cultists","floor":22,"turns":5},{"damage":12,"enemies":"Book of Stabbing","floor":24,"turns":3},{"damage":23,"enemies":"Centurion and Healer","floor":27,"turns":3},{"damage":20,"enemies":"Shelled Parasite and Fungi","floor":28,"turns":3},{"damage":34,"enemies":"Slavers","floor":29,"turns":5},{"damage":22,"enemies":"Sentry and Sphere","floor":30,"turns":4},{"damage":14,"enemies":"Snake Plant","floor":31,"turns":3},{"damage":72,"enemies":"Champ","floor":33,"turns":12},{"damage":76,"enemies":"3 Darklings","floor":35,"turns":9},{"damage":65,"enemies":"2 Orb Walkers","floor":37,"turns":3}],"seed_played":"-3069240670426363833","potions_obtained":[{"floor":1,"key":"EssenceOfSteel"},{"floor":3,"key":"AttackPotion"},{"floor":16,"key":"Dexterity Potion"},{"floor":22,"key":"Swift Potion"},{"floor":24,"key":"Strength Potion"},{"floor":29,"key":"SteroidPotion"},{"floor":33,"key":"Energy Potion"},{"floor":35,"key":"FearPotion"}],"is_trial":false,"path_per_floor":["M","?","M","$","?","R","$","E","T","E","R","?","E","?","R","B",null,"M","M","T","?","M","R","E","R","T","M","M","E","M","M","R","B",null,"M","$","?"],"character_chosen":"IRONCLAD","items_purchased":["PanicButton","Exhume","Bottled Tornado"],"campfire_rested":2,"item_purchase_floors":[7,36,36],"current_hp_per_floor":[74,74,74,74,77,77,77,83,83,71,71,71,59,59,59,35,90,84,77,77,77,59,86,82,82,82,67,55,29,27,33,60,33,108,59,59,0],"gold":331,"neow_bonus":"HUNDRED_GOLD","is_prod":false,"is_daily":false,"chose_seed":false,"campfire_upgraded":4,"win_rate":0,"timestamp":1559634526,"path_taken":["M","?","M","$","?","R","$","E","T","E","R","?","E","?","R","BOSS","M","M","?","?","M","R","E","R","T","M","M","E","M","M","R","BOSS","M","$","?"],"build_version":"2019-01-23","purchased_purges":2,"victory":false,"max_hp_per_floor":[80,80,80,80,90,90,90,90,90,90,90,90,90,90,90,90,90,90,90,90,90,90,90,90,90,90,90,90,90,90,90,90,90,108,108,108,108],"card_choices":[{"not_picked":["True Grit","Dual Wield"],"picked":"Seeing Red","floor":1},{"not_picked":["Metallicize","Havoc"],"picked":"Pommel Strike","floor":3},{"not_picked":["True Grit","Clash"],"picked":"Bludgeon","floor":8},{"not_picked":["Armaments","Anger"],"picked":"Dual Wield","floor":10},{"not_picked":["Rage","Clothesline","Body Slam"],"picked":"SKIP","floor":13},{"not_picked":["Immolate","Limit Break"],"picked":"Fiend Fire","floor":16},{"not_picked":["Wild Strike","Twin Strike","Pommel Strike"],"picked":"SKIP","floor":18},{"not_picked":["Sword Boomerang","Thunderclap"],"picked":"Sentinel","floor":19},{"not_picked":["Dropkick","Inflame"],"picked":"Second Wind","floor":22},{"not_picked":["Perfected Strike+1","Bloodletting"],"picked":"Wild Strike+1","floor":24},{"not_picked":["Fiend Fire","Combust"],"picked":"Thunderclap+1","floor":27},{"not_picked":["Anger","Shockwave"],"picked":"Feel No Pain","floor":28},{"not_picked":["Havoc+1","Sever Soul","Uppercut"],"picked":"SKIP","floor":29},{"not_picked":["Perfected Strike","Searing Blow"],"picked":"Headbutt+1","floor":30},{"not_picked":["Inflame","Clash"],"picked":"True Grit","floor":31},{"not_picked":["Reaper","Bludgeon"],"picked":"Demon Form","floor":33},{"not_picked":["Shockwave+1","Sword Boomerang+1"],"picked":"Cleave+1","floor":35}],"player_experience":298438,"relics_obtained":[{"floor":8,"key":"MawBank"},{"floor":9,"key":"Juzu Bracelet"},{"floor":10,"key":"Self Forming Clay"},{"floor":13,"key":"Blood Vial"},{"floor":20,"key":"Pantograph"},{"floor":24,"key":"Darkstone Periapt"},{"floor":26,"key":"Bottled Lightning"},{"floor":29,"key":"Meat on the Bone"},{"floor":34,"key":"Smiling Mask"},{"floor":34,"key":"Molten Egg 2"},{"floor":34,"key":"Magic Flower"}],"event_choices":[{"damage_healed":0,"gold_gain":0,"player_choice":"Ignored","damage_taken":0,"max_hp_gain":0,"max_hp_loss":0,"event_name":"Golden Idol","floor":2,"gold_loss":0},{"damage_healed":0,"gold_gain":0,"player_choice":"Success","damage_taken":7,"relics_obtained":["Pear"],"max_hp_gain":0,"max_hp_loss":0,"event_name":"Scrap Ooze","floor":5,"gold_loss":0},{"damage_healed":0,"gold_gain":0,"player_choice":"Paid Gold","damage_taken":0,"relics_obtained":["Centennial Puzzle"],"max_hp_gain":0,"max_hp_loss":0,"event_name":"WeMeetAgain","floor":12,"gold_loss":116},{"cards_removed":["Defend_R"],"damage_healed":0,"gold_gain":0,"player_choice":"Purged","damage_taken":0,"max_hp_gain":0,"max_hp_loss":0,"event_name":"Purifier","floor":14,"gold_loss":0},{"damage_healed":0,"gold_gain":0,"player_choice":"Smashed Altar","damage_taken":0,"max_hp_gain":0,"max_hp_loss":0,"event_name":"Forgotten Altar","floor":21,"gold_loss":0,"cards_obtained":["Decay"]},{"damage_healed":0,"gold_gain":0,"player_choice":"Fight","damage_taken":0,"max_hp_gain":0,"max_hp_loss":0,"event_name":"Mysterious Sphere","floor":37,"gold_loss":0}],"is_beta":false,"boss_relics":[{"not_picked":["Ectoplasm","Empty Cage"],"picked":"Runic Pyramid"},{"not_picked":["Runic Cube","Cursed Key"],"picked":"Calling Bell"}],"items_purged_floors":[4,36],"is_endless":false,"potions_floor_spawned":[1,3,16,22,24,29,33,35],"killed_by":"2 Orb Walkers","ascension_level":2}