{"gold_per_floor":[118,59,59,69,69,99,116,81,106,106,131,143,205,228,240,331,343,370,307,234,266,114,114,114,114,114,114,114,114,90,101,101,101],"floor_reached":33,"playtime":1002,"items_purged":[],"score":546,"play_id":"0085d0d3-07c7-402d-8e94-ba0e39d11bb9","local_time":"20190615163621","is_ascension_mode":true,"campfire_choices":[{"data":"Shrug It Off","floor":10,"key":"SMITH"},{"data":"Inflame","floor":12,"key":"SMITH"},{"data":"True Grit","floor":15,"key":"SMITH"},{"floor":23,"key":"REST"},{"data":"Double Tap","floor":24,"key":"SMITH"},{"data":"Reaper","floor":25,"key":"SMITH"},{"data":"Sword Boomerang","floor":29,"key":"SMITH"},{"floor":32,"key":"REST"}],"neow_cost":"NONE","seed_source_timestamp":236111478903720,"circlet_count":0,"master_deck":["AscendersBane","Defend_R","Defend_R+1","Defend_R","Defend_R","Bash","Sword Boomerang+1","Shrug It Off+1","Power Through+1","Headbutt","Inflame+1","True Grit+1","Reaper+1","Doubt","Writhe","Iron Wave+1","Double Tap+1","Bite","Bite","Bite","Bite","Bite","Heavy Blade"],"relics":["Burning Blood","NeowsBlessing","Ancient Tea Set","Orichalcum","MawBank","Calling Bell","WingedGreaves","Kunai","Juzu Bracelet","Art of War","Sundial"],"potions_floor_usage":[16,16,18,33],"damage_taken":[{"damage":0,"enemies":"Jaw Worm","floor":1,"turns":1},{"damage":0,"enemies":"Cultist","floor":4,"turns":1},{"damage":0,"enemies":"Gremlin Nob","floor":6,"turns":1},{"damage":2,"enemies":"Small Slimes","floor":7,"turns":3},{"damage":41,"enemies":"Lagavulin","floor":11,"turns":8},{"damage":17,"enemies":"3 Louse","floor":14,"turns":4},{"damage":31,"enemies":"The Guardian","floor":16,"turns":15},{"damage":41,"enemies":"Spheric Guardian","floor":18,"turns":9},{"damage":23,"enemies":"Shell Parasite","floor":21,"turns":7},{"damage":37,"enemies":"Snake Plant","floor":31,"turns":6},{"damage":59,"enemies":"Automaton","floor":33,"turns":6}],"seed_played":"4094856754134231075","potions_obtained":[{"floor":6,"key":"FearPotion"},{"floor":7,"key":"Regen Potion"},{"floor":16,"key":"SpeedPotion"},{"floor":31,"key":"SneckoOil"}],"is_trial":false,"path_per_floor":["M","$","?","M","?","E","M","?","T","R","E","R","?","M","R","B",null,"M","?","?","M","$","R","R","R","T","?","?","R","$","M","R","B"],"character_chosen":"IRONCLAD","items_purchased":["Shrug It Off","Double Tap","Heavy Blade"],"campfire_rested":2,"item_purchase_floors":[2,22,30],"current_hp_per_floor":[74,74,74,75,52,58,62,75,75,75,40,40,40,29,29,19,61,26,26,26,9,9,31,31,31,31,31,31,31,31,8,23,0],"gold":101,"neow_bonus":"THREE_ENEMY_KILL","is_prod":false,"is_daily":false,"chose_seed":false,"campfire_upgraded":6,"win_rate":0,"timestamp":1560641781,"path_taken":["M","$","?","?","?","E","M","?","T","R","E","R","?","?","R","BOSS","M","?","?","M","$","R","R","R","T","?","?","R","$","M","R","BOSS"],"build_version":"2019-01-23","purchased_purges":0,"victory":false,"max_hp_per_floor":[75,75,75,75,75,75,75,75,75,75,75,75,75,75,75,75,75,75,75,75,75,75,75,75,75,75,52,52,52,52,52,52,52],"card_choices":[{"not_picked":["Clash","Combust"],"picked":"Sword Boomerang","floor":1},{"not_picked":["Reckless Charge","Iron Wave"],"picked":"Power Through","floor":4},{"not_picked":["Rupture","Rage","Havoc"],"picked":"SKIP","floor":6},{"not_picked":["True Grit","Sword Boomerang"],"picked":"Headbutt","floor":7},{"not_picked":["Burning Pact","Body Slam"],"picked":"Inflame","floor":11},{"not_picked":["Bloodletting","Entrench"],"picked":"True Grit","floor":14},{"not_picked":["Offering","Exhume"],"picked":"Reaper","floor":16},{"not_picked":["Havoc","Perfected Strike"],"picked":"Iron Wave+1","floor":18},{"not_picked":["Flex","Twin Strike+1","Shockwave"],"picked":"SKIP","floor":21},{"not_picked":["Perfected Strike","Headbutt","Armaments"],"picked":"SKIP","floor":31}],"player_experience":1009448,"relics_obtained":[{"floor":6,"key":"Ancient Tea Set"},{"floor":9,"key":"Orichalcum"},{"floor":11,"key":"MawBank"},{"floor":17,"key":"WingedGreaves"},{"floor":17,"key":"Kunai"},{"floor":17,"key":"Juzu Bracelet"},{"floor":26,"key":"Sundial"}],"event_choices":[{"cards_removed":["Strike_R"],"damage_healed":0,"gold_gain":0,"player_choice":"Offered Basic","damage_taken":0,"max_hp_gain":0,"max_hp_loss":0,"event_name":"Bonfire Elementals","floor":3,"gold_loss":0},{"damage_healed":0,"gold_gain":0,"player_choice":"Entered Light","damage_taken":23,"max_hp_gain":0,"max_hp_loss":0,"event_name":"Shining Light","floor":5,"gold_loss":0,"cards_upgraded":["Defend_R","Power Through"]},{"damage_healed":18,"gold_gain":0,"player_choice":"Healed","damage_taken":0,"max_hp_gain":0,"max_hp_loss":0,"event_name":"The Cleric","floor":8,"gold_loss":35},{"damage_healed":0,"gold_gain":50,"player_choice":"Pray","damage_taken":0,"max_hp_gain":0,"max_hp_loss":0,"event_name":"Golden Shrine","floor":13,"gold_loss":0},{"cards_removed":["Doubt"],"damage_healed":0,"gold_gain":0,"player_choice":"Gave Gold","damage_taken":0,"max_hp_gain":0,"max_hp_loss":0,"event_name":"Beggar","floor":19,"gold_loss":75},{"damage_healed":0,"gold_gain":0,"player_choice":"Obtained Relic","damage_taken":0,"relics_obtained":["Art of War"],"max_hp_gain":0,"max_hp_loss":0,"event_name":"Addict","floor":20,"gold_loss":85},{"damage_healed":0,"gold_gain":0,"player_choice":"Became a vampire","damage_taken":0,"max_hp_gain":0,"max_hp_loss":23,"event_name":"Vampires","floor":27,"gold_loss":0,"cards_obtained":["Bite","Bite","Bite","Bite","Bite"]},{"damage_healed":0,"gold_gain":0,"player_choice":"Ignored","damage_taken":0,"max_hp_gain":0,"max_hp_loss":0,"event_name":"Ghosts","floor":28,"gold_loss":0}],"is_beta":false,"boss_relics":[{"not_picked":["Fusion Hammer","Philosopher\u0027s Stone"],"picked":"Calling Bell"}],"items_purged_floors":[],"is_endless":false,"potions_floor_spawned":[6,7,16,31],"killed_by":"Automaton","ascension_level":18}