{"gold_per_floor":[111,121,30,30,50,78,78,90,90,90,109,128,78,90,90,193,193,193,108,108,108,33,33,33,33,33,33,33,33,33,33,33,33,33,33,33,33,33,33,33,33,33,33,33,33,33,33,33,33,33],"floor_reached":51,"playtime":1438,"items_purged":[],"score":852,"play_id":"b6b80d4f-f65c-4db5-956e-1bd7d74a32a2","local_time":"20190508230907","is_ascension_mode":false,"campfire_choices":[{"data":"Bash","floor":7,"key":"SMITH"},{"data":"Inflame","floor":10,"key":"SMITH"},{"data":"Panacea","floor":15,"key":"SMITH"},{"data":"Limit Break","floor":23,"key":"SMITH"},{"data":"Spot Weakness","floor":25,"key":"SMITH"},{"data":"Feed","floor":28,"key":"SMITH"},{"data":"Heavy Blade","floor":32,"key":"SMITH"},{"data":"Double Tap","floor":40,"key":"SMITH"},{"data":"Berserk","floor":44,"key":"SMITH"},{"floor":49,"key":"REST"}],"neow_cost":"PERCENT_DAMAGE","seed_source_timestamp":184542087238987,"circlet_count":0,"master_deck":["Strike_R+1","Strike_R+1","Defend_R+1","Defend_R+1","Defend_R+1","Bash+1","Feed+1","Cleave","Panacea+1","Inflame+1","Berserk+1","Limit Break+1","Twin Strike","Armaments+1","Spot Weakness+1","Writhe","Heavy Blade+1","Double Tap+1","Shockwave+1","Carnage+1","Bludgeon+1","Shrug It Off","True Grit+1"],"relics":["Burning Blood","Letter Opener","Kunai","Ectoplasm","Singing Bowl","Darkstone Periapt","Shuriken","Red Skull","Astrolabe","Unceasing Top","Bottled Lightning","Mercury Hourglass"],"potions_floor_usage":[16,16,16,16,30,33,50,50,50],"damage_taken":[{"damage":1,"enemies":"Cultist","floor":1,"turns":4},{"damage":5,"enemies":"Small Slimes","floor":2,"turns":3},{"damage":8,"enemies":"Jaw Worm","floor":5,"turns":3},{"damage":36,"enemies":"Lagavulin","floor":6,"turns":5},{"damage":5,"enemies":"3 Louse","floor":8,"turns":3},{"damage":10,"enemies":"Looter","floor":11,"turns":3},{"damage":5,"enemies":"Large Slime","floor":12,"turns":5},{"damage":9,"enemies":"Blue Slaver","floor":14,"turns":3},{"damage":41,"enemies":"The Guardian","floor":16,"turns":12},{"damage":38,"enemies":"3 Byrds","floor":18,"turns":5},{"damage":0,"enemies":"Chosen","floor":20,"turns":3},{"damage":2,"enemies":"Snecko","floor":30,"turns":6},{"damage":12,"enemies":"Centurion and Healer","floor":31,"turns":5},{"damage":50,"enemies":"Champ","floor":33,"turns":7},{"damage":6,"enemies":"Orb Walker","floor":35,"turns":2},{"damage":16,"enemies":"3 Darklings","floor":36,"turns":4},{"damage":5,"enemies":"Maw","floor":38,"turns":6},{"damage":11,"enemies":"Sphere and 2 Shapes","floor":41,"turns":5},{"damage":40,"enemies":"Jaw Worm Horde","floor":46,"turns":4},{"damage":69,"enemies":"Reptomancer","floor":48,"turns":6},{"damage":34,"enemies":"Time Eater","floor":50,"turns":9}],"seed_played":"8967736869067901001","potions_obtained":[{"floor":2,"key":"Weak Potion"},{"floor":4,"key":"BloodPotion"},{"floor":4,"key":"LiquidBronze"},{"floor":14,"key":"EntropicBrew"},{"floor":30,"key":"Strength Potion"},{"floor":33,"key":"SpeedPotion"},{"floor":36,"key":"FearPotion"}],"is_trial":false,"path_per_floor":["M","M","$","?","M","E","R","M","T","R","M","M","?","M","R","B",null,"M","?","M","?","$","R","?","R","T","T","R","$","M","M","R","B",null,"M","M","?","M","$","R","M","$","T","R","T","M","?","E","R","B",null],"character_chosen":"IRONCLAD","items_purchased":["Panacea","Spot Weakness"],"campfire_rested":1,"item_purchase_floors":[3,22],"current_hp_per_floor":[61,65,65,65,66,39,39,43,43,43,42,46,46,46,46,21,101,72,72,81,81,81,81,87,87,87,87,87,87,95,91,91,47,119,119,111,113,120,120,120,115,115,115,115,115,83,83,22,59,31],"gold":33,"neow_bonus":"THREE_RARE_CARDS","is_prod":false,"is_daily":false,"chose_seed":false,"campfire_upgraded":9,"win_rate":0,"timestamp":1557371347,"path_taken":["M","?","$","?","M","E","R","?","T","R","M","M","?","M","R","BOSS","M","?","M","?","$","R","?","R","T","?","R","?","M","M","R","BOSS","M","M","?","M","$","R","M","$","T","R","?","?","?","E","R","BOSS"],"build_version":"2019-01-23","purchased_purges":0,"victory":true,"max_hp_per_floor":[80,83,83,83,86,89,89,92,92,92,95,98,98,101,101,101,101,104,104,107,107,107,107,113,113,113,113,113,113,117,119,119,119,119,119,121,123,129,129,129,129,129,129,129,129,131,124,126,126,126],"card_choices":[{"not_picked":["Dark Embrace","Immolate"],"picked":"Feed","floor":0},{"not_picked":["Flex","Twin Strike"],"picked":"Cleave","floor":1},{"not_picked":["Iron Wave","Metallicize","Sword Boomerang"],"picked":"SKIP","floor":2},{"not_picked":["Pommel Strike","Sever Soul"],"picked":"Inflame","floor":5},{"not_picked":["Pummel","Cleave","Anger"],"picked":"SKIP","floor":6},{"not_picked":["Havoc","Sword Boomerang","Body Slam"],"picked":"SKIP","floor":8},{"not_picked":["Seeing Red","Pommel Strike","Twin Strike"],"picked":"SKIP","floor":11},{"not_picked":["Flex","Twin Strike"],"picked":"Berserk","floor":12},{"not_picked":["Pommel Strike","Rampage","Blood for Blood"],"picked":"SKIP","floor":14},{"not_picked":["Barricade","Feed"],"picked":"Limit Break","floor":16},{"not_picked":["Dropkick","Battle Trance"],"picked":"Twin Strike","floor":18},{"not_picked":["Sword Boomerang","Dual Wield+1"],"picked":"Armaments+1","floor":20},{"not_picked":["Warcry","Carnage"],"picked":"Heavy Blade","floor":30},{"not_picked":["Intimidate","Anger","Pommel Strike"],"picked":"Singing Bowl","floor":31},{"not_picked":["Exhume","Dark Embrace"],"picked":"Double Tap","floor":33},{"not_picked":["Sever Soul","Warcry"],"picked":"Shrug It Off","floor":35},{"not_picked":["Rage+1","True Grit+1","Havoc+1"],"picked":"Singing Bowl","floor":36},{"not_picked":["Purity","Mayhem","Discovery"],"picked":"Singing Bowl","floor":37},{"not_picked":["Feel No Pain","Perfected Strike","Evolve"],"picked":"Singing Bowl","floor":38},{"not_picked":["Heavy Blade","Pommel Strike+1"],"picked":"True Grit+1","floor":41},{"not_picked":["Wild Strike+1","Armaments","Bloodletting"],"picked":"Singing Bowl","floor":46},{"not_picked":["Headbutt","Shrug It Off","Armaments"],"picked":"Singing Bowl","floor":48}],"player_experience":678115,"relics_obtained":[{"floor":6,"key":"Letter Opener"},{"floor":9,"key":"Kunai"},{"floor":26,"key":"Shuriken"},{"floor":27,"key":"Red Skull"},{"floor":43,"key":"Unceasing Top"},{"floor":45,"key":"Bottled Lightning"},{"floor":48,"key":"Mercury Hourglass"}],"event_choices":[{"damage_healed":0,"gold_gain":0,"player_choice":"Got Potions","damage_taken":0,"max_hp_gain":0,"max_hp_loss":0,"event_name":"Lab","floor":4,"gold_loss":0},{"cards_removed":["Strike_R"],"damage_healed":0,"gold_gain":0,"player_choice":"Card Removal","damage_taken":0,"max_hp_gain":0,"max_hp_loss":0,"event_name":"The Cleric","floor":13,"gold_loss":50},{"damage_healed":0,"gold_gain":0,"player_choice":"Obtained Relic","damage_taken":0,"relics_obtained":["Singing Bowl"],"max_hp_gain":0,"max_hp_loss":0,"event_name":"Addict","floor":19,"gold_loss":85},{"damage_healed":0,"gold_gain":0,"player_choice":"Simplicity","damage_taken":0,"max_hp_gain":0,"max_hp_loss":0,"event_name":"Back to Basics","floor":21,"gold_loss":0,"cards_upgraded":["Strike_R","Strike_R","Strike_R","Strike_R","Defend_R","Defend_R","Defend_R","Defend_R"]},{"damage_healed":0,"gold_gain":0,"player_choice":"Opened","damage_taken":0,"relics_obtained":["Darkstone Periapt"],"max_hp_gain":0,"max_hp_loss":0,"event_name":"The Mausoleum","floor":24,"gold_loss":0,"cards_obtained":["Writhe"]},{"damage_healed":0,"gold_gain":0,"player_choice":"Memory 1","damage_taken":0,"max_hp_gain":0,"max_hp_loss":0,"event_name":"SensoryStone","floor":37,"gold_loss":0},{"damage_healed":0,"gold_gain":0,"player_choice":"Max HP","damage_taken":0,"max_hp_gain":0,"max_hp_loss":7,"event_name":"Winding Halls","floor":47,"gold_loss":0}],"is_beta":false,"boss_relics":[{"not_picked":["Runic Dome","Pandora\u0027s Box"],"picked":"Ectoplasm"},{"not_picked":["Orrery","Eternal Feather"],"picked":"Astrolabe"}],"items_purged_floors":[],"is_endless":false,"potions_floor_spawned":[2,6,14,30,33,36,38,46],"ascension_level":0}