{"gold_per_floor":[114,127,141,157,177,177,197,229,229,247,247,262,337,50,50,145,145,161,176,176,192,203,203,203,216,241,257,290,290,303,337,337,337],"floor_reached":33,"playtime":2534,"items_purged":[],"score":295,"play_id":"8034cbfe-dd37-4f82-b269-36b0f5bdb154","local_time":"20190428003309","is_ascension_mode":false,"campfire_choices":[{"data":"Anger","floor":6,"key":"SMITH"},{"floor":15,"key":"REST"},{"data":"Double Tap","floor":24,"key":"SMITH"},{"floor":29,"key":"REST"},{"floor":32,"key":"REST"}],"neow_cost":"NONE","seed_source_timestamp":1173407928140697,"circlet_count":0,"master_deck":["Strike_R","Strike_R","Strike_R","Strike_R","Strike_R","Defend_R","Defend_R","Defend_R","Defend_R","Bludgeon","Heavy Blade+1","Bloodletting","Perfected Strike+1","Anger+1","Perfected Strike","Uppercut","Armaments","Thunderclap+1","Reaper+1","Iron Wave+1","Twin Strike+1","Metallicize","Double Tap+1","Spot Weakness","Iron Wave+1","Pommel Strike+1","Ghostly Armor","Cleave+1","Shrug It Off","Cleave+1","Pommel Strike+1","Clash+1"],"relics":["Burning Blood","Happy Flower","Molten Egg 2","Oddly Smooth Stone","Velvet Choker","MutagenicStrength","Whetstone","Bottled Flame","Letter Opener"],"potions_floor_usage":[8,16,16,31,33,33],"damage_taken":[{"damage":1,"enemies":"Cultist","floor":1,"turns":3},{"damage":0,"enemies":"2 Louse","floor":2,"turns":2},{"damage":6,"enemies":"Small Slimes","floor":3,"turns":2},{"damage":18,"enemies":"3 Louse","floor":4,"turns":5},{"damage":23,"enemies":"Large Slime","floor":5,"turns":4},{"damage":13,"enemies":"Red Slaver","floor":7,"turns":4},{"damage":32,"enemies":"Lagavulin","floor":8,"turns":4},{"damage":4,"enemies":"Blue Slaver","floor":10,"turns":2},{"damage":0,"enemies":"3 Louse","floor":12,"turns":2},{"damage":19,"enemies":"Hexaghost","floor":16,"turns":8},{"damage":13,"enemies":"Shell Parasite","floor":18,"turns":3},{"damage":16,"enemies":"2 Thieves","floor":19,"turns":3},{"damage":3,"enemies":"3 Cultists","floor":21,"turns":4},{"damage":14,"enemies":"Sentry and Sphere","floor":22,"turns":5},{"damage":10,"enemies":"Chosen and Byrds","floor":25,"turns":5},{"damage":22,"enemies":"Centurion and Healer","floor":27,"turns":4},{"damage":18,"enemies":"Book of Stabbing","floor":28,"turns":3},{"damage":9,"enemies":"Snake Plant","floor":30,"turns":4},{"damage":5,"enemies":"Gremlin Leader","floor":31,"turns":2},{"damage":94,"enemies":"Collector","floor":33,"turns":8}],"seed_played":"-3775352151536471775","potions_obtained":[{"floor":1,"key":"Ancient Potion"},{"floor":2,"key":"EssenceOfSteel"},{"floor":5,"key":"SpeedPotion"},{"floor":10,"key":"AttackPotion"},{"floor":16,"key":"BloodPotion"},{"floor":21,"key":"Weak Potion"},{"floor":25,"key":"SteroidPotion"}],"is_trial":false,"path_per_floor":["M","M","M","M","M","R","M","E","T","M","?","M","?","$","R","B",null,"M","M","?","M","M","?","R","M","T","M","E","R","M","E","R","B"],"character_chosen":"IRONCLAD","items_purchased":["Iron Wave+1","Twin Strike+1","Metallicize","Oddly Smooth Stone"],"campfire_rested":3,"item_purchase_floors":[14,14,14,14],"current_hp_per_floor":[80,80,80,68,51,51,44,18,18,20,20,26,26,26,50,38,80,73,70,70,73,65,65,65,63,63,52,40,64,61,62,80,0],"gold":337,"neow_bonus":"ONE_RANDOM_RARE_CARD","is_prod":false,"is_daily":false,"chose_seed":false,"campfire_upgraded":2,"win_rate":0.0,"timestamp":1556436789,"path_taken":["M","M","M","M","M","R","M","E","T","?","?","M","?","$","R","BOSS","M","M","?","M","M","?","R","M","T","M","E","R","M","E","R","BOSS"],"build_version":"2019-01-23","purchased_purges":0,"victory":false,"max_hp_per_floor":[80,80,80,80,80,80,80,80,80,80,80,80,80,80,80,80,80,80,80,80,80,80,80,80,80,80,80,80,80,80,80,80,80],"card_choices":[{"not_picked":["Feel No Pain","Body Slam"],"picked":"Heavy Blade","floor":1},{"not_picked":["Hemokinesis","Body Slam"],"picked":"Bloodletting","floor":2},{"not_picked":["Clash","Armaments"],"picked":"Perfected Strike","floor":3},{"not_picked":["Flex","Clash"],"picked":"Anger","floor":4},{"not_picked":["Sword Boomerang","Double Tap"],"picked":"Perfected Strike","floor":5},{"not_picked":["Power Through","Clash"],"picked":"Uppercut","floor":7},{"not_picked":["Flex","Sword Boomerang"],"picked":"Armaments","floor":8},{"not_picked":["Spot Weakness","Twin Strike+1"],"picked":"Thunderclap+1","floor":10},{"not_picked":["Searing Blow+1","Flex"],"picked":"Reaper+1","floor":12},{"not_picked":["Brutality","Demon Form"],"picked":"Double Tap","floor":16},{"not_picked":["Disarm+1","Clothesline+1"],"picked":"Spot Weakness","floor":18},{"not_picked":["Warcry+1","Body Slam+1"],"picked":"Iron Wave+1","floor":19},{"not_picked":["Perfected Strike+1","Armaments"],"picked":"Pommel Strike+1","floor":21},{"not_picked":["Disarm+1","Battle Trance"],"picked":"Ghostly Armor","floor":22},{"not_picked":["Body Slam+1","Blood for Blood+1"],"picked":"Cleave+1","floor":25},{"not_picked":["Berserk","Combust"],"picked":"Shrug It Off","floor":27},{"not_picked":["Heavy Blade+1","Feed+1"],"picked":"Cleave+1","floor":28},{"not_picked":["Thunderclap+1","True Grit"],"picked":"Pommel Strike+1","floor":30},{"not_picked":["True Grit","Entrench"],"picked":"Clash+1","floor":31}],"player_experience":15593,"relics_obtained":[{"floor":8,"key":"Happy Flower"},{"floor":9,"key":"Molten Egg 2"},{"floor":26,"key":"Whetstone"},{"floor":28,"key":"Bottled Flame"},{"floor":31,"key":"Letter Opener"}],"event_choices":[{"damage_healed":0,"gold_gain":0,"player_choice":"Ignored","damage_taken":0,"max_hp_gain":0,"max_hp_loss":0,"event_name":"Liars Game","floor":11,"gold_loss":0},{"damage_healed":0,"gold_gain":75,"player_choice":"Gained Gold","damage_taken":0,"max_hp_gain":0,"max_hp_loss":0,"event_name":"Golden Wing","floor":13,"gold_loss":0},{"cards_removed":["Bash"],"damage_healed":0,"gold_gain":0,"player_choice":"Elegance","damage_taken":0,"max_hp_gain":0,"max_hp_loss":0,"event_name":"Back to Basics","floor":20,"gold_loss":0},{"damage_healed":0,"gold_gain":0,"player_choice":"Inject Mutagens","damage_taken":0,"relics_obtained":["MutagenicStrength"],"max_hp_gain":0,"max_hp_loss":0,"event_name":"Drug Dealer","floor":23,"gold_loss":0}],"is_beta":false,"boss_relics":[{"not_picked":["Orrery","Runic Pyramid"],"picked":"Velvet Choker"}],"items_purged_floors":[],"is_endless":false,"potions_floor_spawned":[1,2,5,10,16,21,25,27,30],"killed_by":"Collector","ascension_level":0}