{"gold_per_floor":[114,114,128,128,146,190,53,53,53,72,72,72,72,23,23,147,147,166,190,190,214,339,339,375,375,375,393,37,70,70,109,109,239,239,264,288,22,46,70,70,85,110,136,136,174,174,174],"floor_reached":47,"playtime":1326,"items_purged":[],"score":661,"play_id":"3e55b087-6fb7-4744-817a-8d5276161322","local_time":"20190701045950","is_ascension_mode":false,"campfire_choices":[{"floor":8.0,"key":"DIG"},{"floor":11.0,"key":"DIG"},{"floor":13.0,"key":"DIG"},{"floor":15.0,"key":"DIG"},{"floor":23.0,"key":"DIG"},{"floor":25.0,"key":"DIG"},{"floor":30.0,"key":"DIG"},{"floor":32.0,"key":"DIG"},{"floor":40.0,"key":"DIG"},{"floor":44.0,"key":"DIG"},{"floor":46,"key":"DIG"}],"neow_cost":"NONE","seed_source_timestamp":0,"circlet_count":0,"master_deck":["Strike_R+1","Strike_R","Strike_R","Strike_R+1","Strike_R","Defend_R","Defend_R","Defend_R","Defend_R","Bash","Shrug It Off","Disarm","Twin Strike","Inflame","Double Tap+1","Uppercut","Flex+1","Demon Form","Armaments","Pummel","Sword Boomerang+1","Corruption+1","Infernal Blade","Disarm","Metallicize","Dramatic Entrance","Flex","Flex","Impervious","True Grit","Juggernaut","Flex","Dropkick+1","Wild Strike+1","Evolve+1","Immolate","Whirlwind+1"],"special_seed":0,"relics":["Coffee Dripper","Golden Idol","Shovel","Kunai","Bottled Flame","Meat on the Bone","Ancient Tea Set","Whetstone","Mark of Pain","MutagenicStrength","Omamori","Turnip","Blue Candle","Anchor","Strawberry","Paper Frog","Red Skull","Vajra","War Paint","Ornamental Fan","Du-Vu Doll","The Courier","Black Star","Membership Card","Tiny Chest","Pen Nib","Smiling Mask","Orichalcum","Frozen Egg 2","Blood Vial","Molten Egg 2","Dream Catcher"],"potions_floor_usage":[45,45],"damage_taken":[{"damage":6.0,"enemies":"Jaw Worm","floor":1.0,"turns":4.0},{"damage":0.0,"enemies":"2 Louse","floor":3.0,"turns":4.0},{"damage":0.0,"enemies":"Cultist","floor":5.0,"turns":3.0},{"damage":22.0,"enemies":"3 Sentries","floor":6.0,"turns":10.0},{"damage":0.0,"enemies":"Gremlin Gang","floor":10.0,"turns":6.0},{"damage":0.0,"enemies":"Slime Boss","floor":16.0,"turns":5.0},{"damage":21.0,"enemies":"3 Byrds","floor":18.0,"turns":5.0},{"damage":4.0,"enemies":"Shell Parasite","floor":19.0,"turns":4.0},{"damage":0.0,"enemies":"Colosseum Slavers","floor":22.0,"turns":3.0},{"damage":12.0,"enemies":"Colosseum Nobs","floor":22.0,"turns":4.0},{"damage":27.0,"enemies":"Book of Stabbing","floor":24.0,"turns":5.0},{"damage":10.0,"enemies":"3 Cultists","floor":27.0,"turns":4.0},{"damage":3.0,"enemies":"Slavers","floor":29.0,"turns":4.0},{"damage":23.0,"enemies":"Book of Stabbing","floor":31.0,"turns":4.0},{"damage":34.0,"enemies":"Champ","floor":33.0,"turns":10.0},{"damage":2.0,"enemies":"3 Darklings","floor":35.0,"turns":5.0},{"damage":3.0,"enemies":"3 Shapes","floor":36.0,"turns":5.0},{"damage":32.0,"enemies":"Maw","floor":38.0,"turns":8.0},{"damage":3.0,"enemies":"Jaw Worm Horde","floor":39.0,"turns":3.0},{"damage":1.0,"enemies":"3 Darklings","floor":41.0,"turns":5.0},{"damage":11.0,"enemies":"Sphere and 2 Shapes","floor":42.0,"turns":4.0},{"damage":32,"enemies":"Reptomancer","floor":45,"turns":4},{"damage":27,"enemies":"Nemesis","floor":47,"turns":2}],"seed_played":"7935193040752662469","potions_obtained":[{"floor":6.0,"key":"FearPotion"},{"floor":18.0,"key":"Block Potion"},{"floor":24.0,"key":"Regen Potion"},{"floor":27.0,"key":"SteroidPotion"},{"floor":29.0,"key":"PowerPotion"},{"floor":33.0,"key":"SpeedPotion"},{"floor":38.0,"key":"AttackPotion"},{"floor":39.0,"key":"PowerPotion"},{"floor":41.0,"key":"Energy Potion"}],"is_trial":false,"path_per_floor":["M","?","M","?","M","E","$","R","T","M","R","$","R","$","R","B",null,"M","M","?","T","?","R","E","R","T","M","$","E","R","E","R","B",null,"M","M","$","M","M","R","M","M","T","R","E","R","E"],"character_chosen":"IRONCLAD","items_purchased":["Inflame","Double Tap","Flex","Vajra","Disarm","Metallicize","Dramatic Entrance","Membership Card","Tiny Chest","Flex","Pen Nib"],"campfire_rested":0,"item_purchase_floors":[7,7,14,28,28,28,28,37,37,37,37],"current_hp_per_floor":[74,74,74,74,74,52,52,52,52,52,52,52,52,52,52,52,74,53,49,49,49,49,49,41,41,41,43,43,52,52,41,41,19,81,79,76,76,44,41,41,52,41,41,41,21,21,0],"gold":174,"neow_bonus":"BOSS_RELIC","is_prod":false,"is_daily":false,"chose_seed":false,"campfire_upgraded":0,"win_rate":0,"timestamp":1561978790,"path_taken":["M","?","M","?","?","E","$","R","T","?","R","$","R","$","R","BOSS","M","M","?","?","?","R","E","R","T","M","?","E","R","E","R","BOSS","M","M","$","M","M","R","M","M","T","R","E","R","E"],"build_version":"2019-01-23","purchased_purges":0,"victory":false,"max_hp_per_floor":[80,74,74,74,74,74,74,74,74,74,74,74,74,74,74,74,74,74,74,74,74,74,74,81,81,81,81,81,81,81,81,81,81,81,81,81,81,81,81,81,81,81,81,81,81,81,81],"card_choices":[{"not_picked":["Warcry","Sever Soul"],"picked":"Shrug It Off","floor":1.0},{"not_picked":["Second Wind","Sentinel"],"picked":"Disarm","floor":3.0},{"not_picked":["Pommel Strike","Clash"],"picked":"Twin Strike","floor":5.0},{"not_picked":["Body Slam","Perfected Strike","Wild Strike"],"picked":"SKIP","floor":6.0},{"not_picked":["Heavy Blade","Shrug It Off"],"picked":"Uppercut","floor":10.0},{"not_picked":["Dark Embrace","Brutality"],"picked":"Demon Form","floor":16.0},{"not_picked":["Anger","True Grit"],"picked":"Armaments","floor":18.0},{"not_picked":["Sword Boomerang","Intimidate"],"picked":"Pummel","floor":19.0},{"not_picked":["Infernal Blade","True Grit"],"picked":"Sword Boomerang+1","floor":22.0},{"not_picked":["Sever Soul","Cleave"],"picked":"Corruption+1","floor":24.0},{"not_picked":["Wild Strike+1","Reckless Charge"],"picked":"Infernal Blade","floor":27.0},{"not_picked":["Burning Pact","Intimidate+1"],"picked":"Flex","floor":29.0},{"not_picked":["Entrench","Body Slam"],"picked":"Flex","floor":31.0},{"not_picked":["Brutality","Barricade"],"picked":"Impervious","floor":33.0},{"not_picked":["Clash","Dual Wield"],"picked":"True Grit","floor":35.0},{"not_picked":["Rampage+1","Flex"],"picked":"Juggernaut","floor":36.0},{"not_picked":["Clash","Cleave"],"picked":"Dropkick+1","floor":38.0},{"not_picked":["Perfected Strike","Uppercut"],"picked":"Wild Strike+1","floor":39.0},{"not_picked":["Spot Weakness","Havoc+1"],"picked":"Evolve+1","floor":41.0},{"not_picked":["Perfected Strike","Iron Wave+1"],"picked":"Immolate","floor":42.0},{"not_picked":["Blood for Blood","Flex+1"],"picked":"Whirlwind+1","floor":45}],"player_experience":1523531,"relics_obtained":[{"floor":6.0,"key":"Shovel"},{"floor":8.0,"key":"Kunai"},{"floor":9.0,"key":"Bottled Flame"},{"floor":11.0,"key":"Meat on the Bone"},{"floor":13.0,"key":"Ancient Tea Set"},{"floor":15.0,"key":"Whetstone"},{"floor":21.0,"key":"Omamori"},{"floor":22.0,"key":"Turnip"},{"floor":22.0,"key":"Blue Candle"},{"floor":23.0,"key":"Anchor"},{"floor":24.0,"key":"Strawberry"},{"floor":25.0,"key":"Paper Frog"},{"floor":26.0,"key":"Red Skull"},{"floor":29.0,"key":"War Paint"},{"floor":30.0,"key":"Ornamental Fan"},{"floor":31.0,"key":"Du-Vu Doll"},{"floor":32.0,"key":"The Courier"},{"floor":40.0,"key":"Smiling Mask"},{"floor":43.0,"key":"Orichalcum"},{"floor":44.0,"key":"Frozen Egg 2"},{"floor":45,"key":"Blood Vial"},{"floor":45,"key":"Molten Egg 2"},{"floor":46,"key":"Dream Catcher"}],"event_choices":[{"damage_healed":0.0,"max_hp_gain":0.0,"max_hp_loss":6.0,"gold_gain":0.0,"event_name":"Golden Idol","player_choice":"Lose Max HP","floor":2.0,"gold_loss":0.0,"damage_taken":0.0,"relics_obtained":["Golden Idol"]},{"damage_healed":0.0,"max_hp_gain":0.0,"max_hp_loss":0.0,"gold_gain":0.0,"event_name":"NoteForYourself","player_choice":"Ignored","floor":4.0,"gold_loss":0.0,"damage_taken":0.0},{"damage_healed":0.0,"max_hp_gain":0.0,"max_hp_loss":0.0,"gold_gain":0.0,"event_name":"Drug Dealer","player_choice":"Inject Mutagens","floor":20.0,"gold_loss":0.0,"damage_taken":0.0,"relics_obtained":["MutagenicStrength"]},{"damage_healed":0.0,"max_hp_gain":0.0,"max_hp_loss":0.0,"gold_gain":0.0,"event_name":"Colosseum","player_choice":"Fight","floor":22.0,"gold_loss":0.0,"damage_taken":0.0},{"damage_healed":0.0,"max_hp_gain":0.0,"max_hp_loss":0.0,"gold_gain":0.0,"event_name":"Colosseum","player_choice":"Fought Nobs","floor":22.0,"gold_loss":0.0,"damage_taken":0.0}],"is_beta":false,"boss_relics":[{"not_picked":["Eternal Feather","Lizard Tail"],"picked":"Mark of Pain"},{"not_picked":["Empty Cage","Runic Dome"],"picked":"Black Star"}],"items_purged_floors":[],"is_endless":false,"potions_floor_spawned":[6,18,24,27,29,33,38,39,41],"killed_by":"Nemesis","ascension_level":0}