{"gold_per_floor":[129,151,174,186,51,76,96,111,111,186,215,226,191,217,217,319,319,337,337,351,370,388,388],"floor_reached":23,"playtime":2948,"items_purged":[],"score":312,"play_id":"a76f1033-9132-416d-9efa-0cb8f1b1dcc7","local_time":"20190702122616","is_ascension_mode":true,"campfire_choices":[{"floor":15,"key":"REST"}],"neow_cost":"NONE","seed_source_timestamp":239379615208800,"circlet_count":0,"master_deck":["Strike_R","Strike_R","Strike_R","Strike_R","Strike_R","Defend_R","Defend_R","Defend_R","Defend_R","Bash","Metallicize","Disarm","Pummel","Iron Wave","Shockwave","Feel No Pain","Anger","Sentinel","Whirlwind","Berserk","Blood for Blood","Thunderclap","Twin Strike","Iron Wave","Inflame","Reaper","Rage","Iron Wave+1","Rage+1"],"relics":["Burning Blood","MawBank","Pen Nib","Pantograph","Bag of Marbles","Strawberry","Sundial","Orrery"],"potions_floor_usage":[6,6,14,16,16,18,22,23],"damage_taken":[{"damage":6,"enemies":"2 Louse","floor":1,"turns":3},{"damage":9,"enemies":"Cultist","floor":2,"turns":5},{"damage":16,"enemies":"Small Slimes","floor":3,"turns":5},{"damage":15,"enemies":"Gremlin Nob","floor":6,"turns":4},{"damage":2,"enemies":"2 Fungi Beasts","floor":7,"turns":4},{"damage":6,"enemies":"Looter","floor":8,"turns":4},{"damage":14,"enemies":"3 Sentries","floor":11,"turns":13},{"damage":0,"enemies":"Large Slime","floor":12,"turns":5},{"damage":23,"enemies":"Lagavulin","floor":14,"turns":6},{"damage":22,"enemies":"The Guardian","floor":16,"turns":12},{"damage":30,"enemies":"Shell Parasite","floor":18,"turns":7},{"damage":55,"enemies":"Spheric Guardian","floor":20,"turns":7},{"damage":30,"enemies":"Chosen and Byrds","floor":21,"turns":8},{"damage":17,"enemies":"Centurion and Healer","floor":22,"turns":7},{"damage":62,"enemies":"Book of Stabbing","floor":23,"turns":8}],"seed_played":"-3912241545146043038","potions_obtained":[{"floor":2,"key":"Swift Potion"},{"floor":4,"key":"Fruit Juice"},{"floor":4,"key":"Fire Potion"},{"floor":8,"key":"SteroidPotion"},{"floor":12,"key":"PowerPotion"},{"floor":14,"key":"LiquidBronze"},{"floor":16,"key":"EssenceOfSteel"},{"floor":21,"key":"Weak Potion"}],"is_trial":false,"path_per_floor":["M","M","M","?","$","E","M","M","T","?","E","M","?","E","R","B",null,"M","?","M","M","M","E"],"character_chosen":"IRONCLAD","items_purchased":["Pen Nib"],"campfire_rested":1,"item_purchase_floors":[5],"current_hp_per_floor":[72,69,59,59,59,55,59,59,59,48,47,53,76,59,86,76,88,64,92,43,28,53,0],"gold":388,"neow_bonus":"RANDOM_COMMON_RELIC","is_prod":false,"is_daily":false,"chose_seed":false,"campfire_upgraded":0,"win_rate":0,"timestamp":1562066776,"path_taken":["M","M","M","?","?","E","M","?","T","?","E","M","?","E","R","BOSS","M","?","M","M","M","E"],"build_version":"2019-07-01","purchased_purges":0,"victory":false,"max_hp_per_floor":[80,80,80,80,80,85,85,85,85,85,92,92,92,92,92,92,92,92,92,92,92,92,92],"card_choices":[{"not_picked":["Twin Strike","Body Slam"],"picked":"Metallicize","floor":1},{"not_picked":["Sword Boomerang","Combust"],"picked":"Disarm","floor":2},{"not_picked":["Thunderclap","Warcry"],"picked":"Pummel","floor":3},{"not_picked":["Bloodletting","Intimidate"],"picked":"Iron Wave","floor":6},{"not_picked":["Battle Trance","Entrench"],"picked":"Shockwave","floor":7},{"not_picked":["Rampage","Bloodletting"],"picked":"Feel No Pain","floor":8},{"not_picked":["Havoc","Bloodletting"],"picked":"Anger","floor":11},{"not_picked":["Armaments","Evolve"],"picked":"Sentinel","floor":12},{"not_picked":["Battle Trance","Sever Soul"],"picked":"Whirlwind","floor":14},{"not_picked":["Exhume","Limit Break"],"picked":"Berserk","floor":16},{"not_picked":["Hemokinesis","Rupture"],"picked":"Blood for Blood","floor":17},{"not_picked":["Bloodletting","Evolve"],"picked":"Thunderclap","floor":17},{"not_picked":["Evolve","Sword Boomerang"],"picked":"Twin Strike","floor":17},{"not_picked":["Seeing Red","Armaments"],"picked":"Iron Wave","floor":17},{"not_picked":["Heavy Blade","Infernal Blade"],"picked":"Inflame","floor":17},{"not_picked":["True Grit","Cleave"],"picked":"Reaper","floor":18},{"not_picked":["Flex","Inflame"],"picked":"Rage","floor":20},{"not_picked":["Sentinel","Flex"],"picked":"Iron Wave+1","floor":21},{"not_picked":["Sword Boomerang","Iron Wave"],"picked":"Rage+1","floor":22}],"player_experience":924646,"relics_obtained":[{"floor":6,"key":"Pantograph"},{"floor":9,"key":"Bag of Marbles"},{"floor":11,"key":"Strawberry"},{"floor":14,"key":"Sundial"}],"event_choices":[{"damage_healed":0,"gold_gain":0,"player_choice":"Got Potions","damage_taken":0,"max_hp_gain":0,"max_hp_loss":0,"event_name":"Lab","floor":4,"gold_loss":0},{"damage_healed":0,"gold_gain":75,"player_choice":"Gather Gold","damage_taken":11,"max_hp_gain":0,"max_hp_loss":0,"event_name":"World of Goop","floor":10,"gold_loss":0},{"damage_healed":23,"gold_gain":0,"player_choice":"Healed","damage_taken":0,"max_hp_gain":0,"max_hp_loss":0,"event_name":"The Cleric","floor":13,"gold_loss":35},{"damage_healed":30,"gold_gain":0,"player_choice":"Heal","damage_taken":0,"max_hp_gain":0,"max_hp_loss":0,"event_name":"The Library","floor":19,"gold_loss":0}],"is_beta":false,"boss_relics":[{"not_picked":["Empty Cage","Velvet Choker"],"picked":"Orrery"}],"items_purged_floors":[],"is_endless":false,"potions_floor_spawned":[2,8,12,14,16,21],"killed_by":"Book of Stabbing","ascension_level":9}