{"gold_per_floor":[116,116,129,129,72,72,87,122,171,204,204,279,279,310,310,310],"floor_reached":16,"playtime":490,"items_purged":[],"score":232,"play_id":"d07e91bd-fd19-40b5-a3b5-c3b6fb4d9c4b","local_time":"20190601093059","is_ascension_mode":true,"campfire_choices":[{"floor":6,"key":"REST"},{"data":"Armaments","floor":15,"key":"SMITH"}],"neow_cost":"PERCENT_DAMAGE","seed_source_timestamp":1268392260983392,"circlet_count":0,"master_deck":["AscendersBane","Strike_R+1","Strike_R","Strike_R","Strike_R","Defend_R+1","Defend_R+1","Defend_R+1","Defend_R","Bash","Evolve","Perfected Strike","Armaments+1","Pommel Strike","Iron Wave","Clothesline"],"relics":["Burning Blood","War Paint","Question Card","PreservedInsect","Bronze Scales","Ancient Tea Set"],"potions_floor_usage":[8,14],"damage_taken":[{"damage":15,"enemies":"Jaw Worm","floor":1,"turns":8},{"damage":0,"enemies":"2 Louse","floor":3,"turns":4},{"damage":11,"enemies":"Small Slimes","floor":7,"turns":4},{"damage":23,"enemies":"3 Sentries","floor":8,"turns":8},{"damage":28,"enemies":"Gremlin Nob","floor":10,"turns":4},{"damage":15,"enemies":"Lagavulin","floor":14,"turns":6},{"damage":16,"enemies":"Hexaghost","floor":16,"turns":9}],"seed_played":"4655148205028645077","potions_obtained":[{"floor":7,"key":"EssenceOfSteel"},{"floor":10,"key":"EssenceOfSteel"},{"floor":14,"key":"Explosive Potion"}],"is_trial":false,"path_per_floor":["M","?","M","?","$","R","M","E","T","E","?","?","?","E","R","B"],"character_chosen":"IRONCLAD","items_purchased":["Armaments"],"campfire_rested":1,"item_purchase_floors":[5],"current_hp_per_floor":[55,50,56,29,29,55,50,33,33,11,40,29,22,13,13,0],"gold":310,"neow_bonus":"TWENTY_PERCENT_HP_BONUS","is_prod":false,"is_daily":false,"chose_seed":false,"campfire_upgraded":1,"win_rate":0,"timestamp":1559395859,"path_taken":["M","?","M","?","$","R","M","E","T","E","?","?","?","E","R","BOSS"],"build_version":"2019-01-23","purchased_purges":0,"victory":false,"max_hp_per_floor":[89,89,89,89,89,89,89,89,89,89,89,89,89,89,89,89],"card_choices":[{"not_picked":["Anger","Clothesline"],"picked":"Evolve","floor":1},{"not_picked":["Flex","Clash"],"picked":"Perfected Strike","floor":3},{"not_picked":["Warcry","Pummel"],"picked":"Pommel Strike","floor":7},{"not_picked":["Rupture","Evolve","Sword Boomerang"],"picked":"SKIP","floor":8},{"not_picked":["Rupture","Armaments","Brutality"],"picked":"Iron Wave","floor":10},{"not_picked":["Sword Boomerang","Clash","Havoc"],"picked":"Clothesline","floor":14}],"player_experience":807196,"relics_obtained":[{"floor":8,"key":"Question Card"},{"floor":9,"key":"PreservedInsect"},{"floor":10,"key":"Bronze Scales"},{"floor":14,"key":"Ancient Tea Set"}],"event_choices":[{"damage_healed":0,"gold_gain":0,"player_choice":"Success","damage_taken":5,"relics_obtained":["War Paint"],"max_hp_gain":0,"max_hp_loss":0,"event_name":"Scrap Ooze","floor":2,"gold_loss":0},{"damage_healed":0,"gold_gain":0,"player_choice":"Entered Light","damage_taken":27,"max_hp_gain":0,"max_hp_loss":0,"event_name":"Shining Light","floor":4,"gold_loss":0,"cards_upgraded":["Defend_R","Strike_R"]},{"damage_healed":29,"gold_gain":0,"player_choice":"Banana","damage_taken":0,"max_hp_gain":0,"max_hp_loss":0,"event_name":"Big Fish","floor":11,"gold_loss":0},{"damage_healed":0,"gold_gain":75,"player_choice":"Gather Gold","damage_taken":11,"max_hp_gain":0,"max_hp_loss":0,"event_name":"World of Goop","floor":12,"gold_loss":0},{"cards_removed":["Strike_R"],"damage_healed":0,"gold_gain":0,"player_choice":"Card Removal","damage_taken":7,"max_hp_gain":0,"max_hp_loss":0,"event_name":"Golden Wing","floor":13,"gold_loss":0}],"is_beta":false,"boss_relics":[],"items_purged_floors":[],"is_endless":false,"potions_floor_spawned":[7,10,14],"killed_by":"Hexaghost","ascension_level":20}