{"gold_per_floor":[112,112,112,34,48,48,404,404,428,428,447,479,491,519,519,593,593,608,623,52,52,52,87,87,116,116,130,130,130,161,33,33,33],"floor_reached":33,"playtime":1713,"items_purged":["Strike_R"],"score":668,"play_id":"d65bb6fc-9fe1-49b4-a830-af127138b289","local_time":"20190620105335","is_ascension_mode":true,"campfire_choices":[{"data":"Bludgeon","floor":6,"key":"SMITH"},{"data":"Bash","floor":8,"key":"SMITH"},{"data":"Metallicize","floor":10,"key":"SMITH"},{"data":"Disarm","floor":15,"key":"SMITH"},{"floor":24,"key":"REST"},{"floor":29,"key":"REST"},{"floor":32,"key":"REST"}],"neow_cost":"PERCENT_DAMAGE","seed_source_timestamp":556216646979112,"circlet_count":0,"master_deck":["AscendersBane","Strike_R+1","Strike_R+1","Strike_R+1","Strike_R+1","Defend_R+1","Defend_R+1","Defend_R+1","Defend_R+1","Bash+1","Bludgeon+1","Uppercut","Metallicize+1","Shockwave","Disarm+1","Impervious","Limit Break","Power Through","Exhume+1","Thinking Ahead+1","Shrug It Off+1","Twin Strike+1","Fiend Fire","Entrench+1","Shrug It Off+1"],"relics":["Burning Blood","Pear","Old Coin","Shuriken","Singing Bowl","Fusion Hammer","Membership Card","Toxic Egg 2","Dodecahedron","Blue Candle","Lantern","Nloth\u0027s Gift","Turnip","Centennial Puzzle"],"potions_floor_usage":[16,33,33],"damage_taken":[{"damage":0,"enemies":"Cultist","floor":1,"turns":2},{"damage":0,"enemies":"Small Slimes","floor":5,"turns":2},{"damage":29,"enemies":"Gremlin Nob","floor":7,"turns":4},{"damage":2,"enemies":"Jaw Worm","floor":11,"turns":2},{"damage":14,"enemies":"3 Sentries","floor":12,"turns":9},{"damage":14,"enemies":"Large Slime","floor":13,"turns":3},{"damage":11,"enemies":"Gremlin Nob","floor":14,"turns":4},{"damage":3,"enemies":"The Guardian","floor":16,"turns":10},{"damage":6,"enemies":"Shell Parasite","floor":18,"turns":3},{"damage":13,"enemies":"3 Byrds","floor":19,"turns":8},{"damage":6,"enemies":"Gremlin Leader","floor":23,"turns":6},{"damage":35,"enemies":"Slavers","floor":25,"turns":10},{"damage":0,"enemies":"3 Cultists","floor":27,"turns":7},{"damage":27,"enemies":"Book of Stabbing","floor":30,"turns":5},{"damage":103,"enemies":"Automaton","floor":33,"turns":14}],"seed_played":"-4477784959928894420","potions_obtained":[{"floor":5,"key":"Strength Potion"},{"floor":12,"key":"FearPotion"},{"floor":19,"key":"SpeedPotion"},{"floor":23,"key":"Fire Potion"}],"is_trial":false,"path_per_floor":["M","?","?","$","M","R","?","R","T","R","M","E","M","E","R","B",null,"M","M","$","?","?","E","R","E","T","M","?","R","E","$","R","B"],"character_chosen":"IRONCLAD","items_purchased":["Metallicize","Membership Card","Toxic Egg 2","Exhume+1","Thinking Ahead+1","Centennial Puzzle","Entrench+1","Shrug It Off+1"],"campfire_rested":3,"item_purchase_floors":[4,20,20,20,20,31,31,31],"current_hp_per_floor":[56,56,61,61,67,67,44,44,44,44,48,40,32,27,27,30,71,73,66,66,66,66,68,89,60,60,66,66,89,68,68,89,0],"gold":33,"neow_bonus":"THREE_RARE_CARDS","is_prod":false,"is_daily":false,"chose_seed":false,"campfire_upgraded":4,"win_rate":0,"timestamp":1561042415,"path_taken":["M","?","?","?","M","R","?","R","T","R","M","E","?","E","R","BOSS","M","M","$","?","?","E","R","E","T","M","?","R","E","$","R","BOSS"],"build_version":"2019-01-23","purchased_purges":1,"victory":false,"max_hp_per_floor":[75,75,85,85,85,85,85,85,85,85,85,85,85,85,85,85,85,87,87,87,87,87,89,89,89,89,89,89,89,89,89,89,89],"card_choices":[{"not_picked":["Limit Break","Juggernaut"],"picked":"Bludgeon","floor":0},{"not_picked":["Sword Boomerang","Warcry"],"picked":"Uppercut","floor":1},{"not_picked":["Perfected Strike","Shrug It Off"],"picked":"Shockwave","floor":5},{"not_picked":["Bloodletting","Twin Strike"],"picked":"Disarm","floor":11},{"not_picked":["Evolve","Seeing Red","Clash"],"picked":"SKIP","floor":12},{"not_picked":["Pommel Strike","Perfected Strike","Clothesline"],"picked":"SKIP","floor":13},{"not_picked":["Headbutt","Anger"],"picked":"Impervious","floor":14},{"not_picked":["Exhume","Berserk"],"picked":"Limit Break","floor":16},{"not_picked":["Pommel Strike+1","Wild Strike","Thunderclap"],"picked":"Singing Bowl","floor":18},{"not_picked":["Metallicize","Sword Boomerang+1"],"picked":"Power Through","floor":19},{"not_picked":["Havoc+1","Anger","Warcry+1"],"picked":"Singing Bowl","floor":23},{"not_picked":["Dark Embrace","Entrench+1"],"picked":"Shrug It Off+1","floor":25},{"not_picked":["Intimidate+1","Dropkick"],"picked":"Twin Strike+1","floor":27},{"not_picked":["Reckless Charge","Shrug It Off+1"],"picked":"Fiend Fire","floor":30}],"player_experience":940233,"relics_obtained":[{"floor":7,"key":"Old Coin"},{"floor":9,"key":"Pen Nib"},{"floor":12,"key":"Shuriken"},{"floor":14,"key":"Singing Bowl"},{"floor":23,"key":"Dodecahedron"},{"floor":25,"key":"Blue Candle"},{"floor":26,"key":"Lantern"},{"floor":30,"key":"Turnip"}],"event_choices":[{"damage_healed":0,"gold_gain":0,"player_choice":"Ignored","damage_taken":0,"max_hp_gain":0,"max_hp_loss":0,"event_name":"Liars Game","floor":2,"gold_loss":0},{"damage_healed":0,"gold_gain":0,"player_choice":"Success","damage_taken":5,"relics_obtained":["Pear"],"max_hp_gain":0,"max_hp_loss":0,"event_name":"Scrap Ooze","floor":3,"gold_loss":0},{"damage_healed":0,"gold_gain":30,"player_choice":"Searched \u00272\u0027 times","damage_taken":0,"max_hp_gain":0,"max_hp_loss":0,"event_name":"Dead Adventurer","floor":7,"gold_loss":0},{"damage_healed":0,"gold_gain":0,"player_choice":"Ignored","damage_taken":0,"max_hp_gain":0,"max_hp_loss":0,"event_name":"Beggar","floor":21,"gold_loss":0},{"damage_healed":0,"gold_gain":0,"player_choice":"Simplicity","damage_taken":0,"max_hp_gain":0,"max_hp_loss":0,"event_name":"Back to Basics","floor":22,"gold_loss":0,"cards_upgraded":["Strike_R","Strike_R","Strike_R","Strike_R","Defend_R","Defend_R","Defend_R","Defend_R"]},{"damage_healed":0,"gold_gain":0,"player_choice":"Traded Relic","damage_taken":0,"relics_obtained":["Nloth\u0027s Gift"],"max_hp_gain":0,"max_hp_loss":0,"event_name":"N\u0027loth","floor":28,"relics_lost":["Pen Nib"],"gold_loss":0}],"is_beta":false,"boss_relics":[{"not_picked":["Runic Pyramid","Pandora\u0027s Box"],"picked":"Fusion Hammer"}],"items_purged_floors":[20],"is_endless":false,"potions_floor_spawned":[5,12,14,19,23,27],"killed_by":"Automaton","ascension_level":20}