{"gold_per_floor":[116,130,149,165,178,178,213,224,248,248,274,290,300,311,311,415,415,434,87,101,115,131,131,151,151,151,151,164,164,164,178,178,282,282,296,396,66,81,94,94,113,113,162,174,124,224,224,251,251,251],"floor_reached":51,"playtime":2569,"items_purged":["Strike_R","Strike_R","Strike_R"],"score":856,"play_id":"e806a7c2-e234-4c52-a176-90f91c64afef","local_time":"20190630005456","is_ascension_mode":true,"campfire_choices":[{"data":"Heavy Blade","floor":6,"key":"SMITH"},{"floor":10,"key":"REST"},{"floor":15,"key":"REST"},{"floor":23,"key":"REST"},{"floor":25,"key":"REST"},{"data":"Limit Break","floor":27,"key":"SMITH"},{"floor":32,"key":"REST"},{"floor":40,"key":"REST"},{"data":"Pommel Strike","floor":42,"key":"SMITH"},{"floor":47,"key":"REST"},{"floor":49,"key":"REST"}],"neow_cost":"NONE","seed_source_timestamp":602498903085983,"circlet_count":0,"master_deck":["Strike_R","Defend_R","Defend_R","Defend_R","Defend_R","Bash","Cleave","Inflame","Spot Weakness","Headbutt","Heavy Blade+1","Thunderclap","Flame Barrier","Spot Weakness","Limit Break+1","Heavy Blade+1","Purity","Shrug It Off","Pommel Strike+1","Impervious","Warcry+1","Brutality","True Grit+1","Entrench+1","Impervious","Flame Barrier","Whirlwind+1","Clothesline+1","Shrug It Off+1","Power Through","Ghostly Armor+1"],"relics":["Black Blood","Blood Vial","Lantern","Smiling Mask","Bottled Lightning","Sozu","HandDrill","Ice Cream","Girya","DollysMirror","Dream Catcher","PreservedInsect"],"potions_floor_usage":[4,16],"damage_taken":[{"damage":0,"enemies":"Small Slimes","floor":1,"turns":3},{"damage":6,"enemies":"Cultist","floor":2,"turns":3},{"damage":11,"enemies":"2 Louse","floor":3,"turns":3},{"damage":24,"enemies":"Gremlin Gang","floor":4,"turns":3},{"damage":7,"enemies":"Looter","floor":5,"turns":3},{"damage":25,"enemies":"3 Sentries","floor":7,"turns":5},{"damage":6,"enemies":"3 Louse","floor":8,"turns":2},{"damage":29,"enemies":"Gremlin Nob","floor":11,"turns":4},{"damage":8,"enemies":"Blue Slaver","floor":12,"turns":2},{"damage":12,"enemies":"Exordium Thugs","floor":13,"turns":5},{"damage":1,"enemies":"2 Fungi Beasts","floor":14,"turns":2},{"damage":45,"enemies":"Slime Boss","floor":16,"turns":6},{"damage":20,"enemies":"3 Byrds","floor":18,"turns":4},{"damage":23,"enemies":"2 Thieves","floor":20,"turns":3},{"damage":13,"enemies":"Centurion and Healer","floor":21,"turns":4},{"damage":28,"enemies":"Sentry and Sphere","floor":22,"turns":5},{"damage":28,"enemies":"Snake Plant","floor":24,"turns":4},{"damage":0,"enemies":"Chosen and Byrds","floor":28,"turns":4},{"damage":19,"enemies":"Sentry and Sphere","floor":31,"turns":4},{"damage":84,"enemies":"Collector","floor":33,"turns":7},{"damage":48,"enemies":"3 Darklings","floor":35,"turns":5},{"damage":23,"enemies":"Mind Bloom Boss Battle","floor":36,"turns":5},{"damage":13,"enemies":"Orb Walker","floor":38,"turns":5},{"damage":5,"enemies":"Jaw Worm Horde","floor":39,"turns":4},{"damage":9,"enemies":"Transient","floor":41,"turns":5},{"damage":30,"enemies":"4 Shapes","floor":44,"turns":6},{"damage":40,"enemies":"Reptomancer","floor":48,"turns":7},{"damage":60,"enemies":"Time Eater","floor":50,"turns":13}],"seed_played":"2431164868962560566","potions_obtained":[{"floor":2,"key":"Swift Potion"},{"floor":3,"key":"Ancient Potion"},{"floor":5,"key":"Ancient Potion"},{"floor":12,"key":"FairyPotion"},{"floor":14,"key":"Swift Potion"}],"is_trial":false,"path_per_floor":["M","M","M","M","M","R","E","M","T","R","E","M","M","M","R","B",null,"M","$","M","M","M","R","M","R","T","R","M","?","?","M","R","B",null,"M","?","$","M","M","R","M","R","T","M","$","?","R","E","R","B",null],"character_chosen":"IRONCLAD","items_purchased":["Purity","HandDrill","DollysMirror","Flame Barrier"],"campfire_rested":8,"item_purchase_floors":[19,19,37,37],"current_hp_per_floor":[80,80,75,59,60,60,43,45,45,69,48,48,44,51,75,38,80,66,66,51,46,26,50,30,54,54,54,62,62,62,51,75,14,80,42,31,31,30,37,61,64,64,64,46,46,46,70,42,66,18],"gold":251,"neow_bonus":"RANDOM_COMMON_RELIC","is_prod":false,"is_daily":false,"chose_seed":false,"campfire_upgraded":3,"win_rate":0,"timestamp":1561881296,"path_taken":["M","M","M","M","M","R","E","M","T","R","E","M","M","M","R","BOSS","M","$","M","M","M","R","M","R","T","R","M","?","?","M","R","BOSS","M","?","$","M","M","R","M","R","T","M","$","?","R","E","R","BOSS"],"build_version":"2019-01-23","purchased_purges":3,"victory":true,"max_hp_per_floor":[80,80,80,80,80,80,80,80,80,80,80,80,80,80,80,80,80,80,80,80,80,80,80,80,80,80,80,80,80,80,80,80,80,80,80,80,80,80,80,80,80,80,80,80,80,80,80,80,80,80],"card_choices":[{"not_picked":["True Grit","Pommel Strike"],"picked":"Cleave","floor":1},{"not_picked":["Reckless Charge","Armaments"],"picked":"Inflame","floor":2},{"not_picked":["Body Slam","Twin Strike"],"picked":"Spot Weakness","floor":3},{"not_picked":["Anger","Pommel Strike"],"picked":"Headbutt","floor":4},{"not_picked":["Rage","Body Slam"],"picked":"Heavy Blade","floor":5},{"not_picked":["Clothesline","Cleave"],"picked":"Thunderclap","floor":7},{"not_picked":["Clothesline","Hemokinesis","Feel No Pain"],"picked":"SKIP","floor":8},{"not_picked":["Havoc","Metallicize","Thunderclap"],"picked":"SKIP","floor":11},{"not_picked":["Corruption","Reckless Charge"],"picked":"Flame Barrier","floor":12},{"not_picked":["Clothesline","Twin Strike","Iron Wave"],"picked":"SKIP","floor":13},{"not_picked":["Iron Wave","Perfected Strike"],"picked":"Spot Weakness","floor":14},{"not_picked":["Barricade","Feed"],"picked":"Limit Break","floor":16},{"not_picked":["Pommel Strike","Havoc"],"picked":"Heavy Blade","floor":18},{"not_picked":["Wild Strike","Body Slam"],"picked":"Shrug It Off","floor":20},{"not_picked":["Sword Boomerang","Warcry"],"picked":"Pommel Strike","floor":21},{"not_picked":["Body Slam+1","Headbutt","Hemokinesis"],"picked":"SKIP","floor":22},{"not_picked":["Searing Blow","Iron Wave"],"picked":"Impervious","floor":24},{"not_picked":["Havoc","Flex"],"picked":"Warcry+1","floor":28},{"not_picked":["Wild Strike","Iron Wave","Infernal Blade"],"picked":"SKIP","floor":31},{"not_picked":["Limit Break","Offering"],"picked":"Brutality","floor":33},{"not_picked":["Ghostly Armor","Body Slam"],"picked":"True Grit+1","floor":35},{"not_picked":["Searing Blow","Anger"],"picked":"Entrench+1","floor":36},{"not_picked":["Metallicize","Clothesline+1"],"picked":"Whirlwind+1","floor":38},{"not_picked":["Armaments","Blood for Blood"],"picked":"Clothesline+1","floor":39},{"not_picked":["Carnage","Havoc","Thunderclap+1"],"picked":"SKIP","floor":41},{"not_picked":["Havoc","Flame Barrier+1"],"picked":"Shrug It Off+1","floor":44},{"not_picked":["Clothesline+1","Second Wind+1"],"picked":"Power Through","floor":47},{"not_picked":["True Grit+1","Exhume"],"picked":"Ghostly Armor+1","floor":48}],"player_experience":544349,"relics_obtained":[{"floor":7,"key":"Lantern"},{"floor":9,"key":"Smiling Mask"},{"floor":11,"key":"Bottled Lightning"},{"floor":26,"key":"Ice Cream"},{"floor":36,"key":"Girya"},{"floor":43,"key":"Dream Catcher"},{"floor":48,"key":"PreservedInsect"}],"event_choices":[{"cards_removed":["Strike_R"],"damage_healed":0,"gold_gain":0,"player_choice":"Elegance","damage_taken":0,"max_hp_gain":0,"max_hp_loss":0,"event_name":"Back to Basics","floor":29,"gold_loss":0},{"damage_healed":0,"gold_gain":0,"player_choice":"Forge","damage_taken":0,"max_hp_gain":0,"max_hp_loss":0,"event_name":"Accursed Blacksmith","floor":30,"gold_loss":0,"cards_upgraded":["Heavy Blade"]},{"damage_healed":0,"gold_gain":0,"player_choice":"Fight","damage_taken":0,"max_hp_gain":0,"max_hp_loss":0,"event_name":"MindBloom","floor":36,"gold_loss":0},{"damage_healed":0,"gold_gain":100,"player_choice":"Pray","damage_taken":0,"max_hp_gain":0,"max_hp_loss":0,"event_name":"Golden Shrine","floor":46,"gold_loss":0}],"is_beta":false,"boss_relics":[{"not_picked":["Philosopher\u0027s Stone","White Beast Statue"],"picked":"Sozu"},{"not_picked":["Tiny House","Mark of Pain"],"picked":"Black Blood"}],"items_purged_floors":[19,37,45],"is_endless":false,"potions_floor_spawned":[2,3,5,12,14,22,24,31,38,39],"ascension_level":4}