{"gold_per_floor":[115,131,131,81,97,123,123,149,149,161,161,161,161,177,177,280,280,292,306,24,24,24,24,24,36,36,36,46,60,73,73,73,170,170,182,82,82,96,116,116,116,147,147,162,162,193,193,207,207,207,207,207,16,16],"floor_reached":54,"playtime":2769,"items_purged":["Defend_B","Defend_B"],"score":782,"play_id":"30158220-f285-4628-82f7-4ebd7a41ab5b","local_time":"20190608015601","is_ascension_mode":false,"campfire_choices":[{"data":"Buffer","floor":7,"key":"SMITH"},{"data":"Hologram","floor":12,"key":"SMITH"},{"data":"Gash","floor":15,"key":"SMITH"},{"data":"Hologram","floor":23,"key":"SMITH"},{"data":"All For One","floor":24,"key":"SMITH"},{"data":"Gash","floor":27,"key":"SMITH"},{"data":"Zap","floor":32,"key":"SMITH"},{"data":"Conserve Battery","floor":40,"key":"SMITH"},{"data":"Madness","floor":45,"key":"SMITH"},{"data":"Conserve Battery","floor":47,"key":"SMITH"},{"floor":49,"key":"RECALL"},{"data":"Dualcast","floor":52,"key":"SMITH"}],"neow_cost":"NONE","seed_source_timestamp":6164034564314,"circlet_count":0,"master_deck":["Strike_B","Defend_B","Zap+1","Dualcast+1","Sweeping Beam+1","Conserve Battery+1","Buffer+1","Hologram+1","Gash+1","Gash+1","All For One+1","Hologram+1","Fusion+1","Conserve Battery+1","Gash+1","Compile Driver","Madness","Madness+1","Parasite","Stack+1","Secret Technique+1"],"relics":["Cracked Core","Strawberry","Mercury Hourglass","WingedGreaves","Nunchaku","Empty Cage","Blood Vial","MutagenicStrength","Letter Opener","Eternal Feather","Toxic Egg 2","Blue Candle","StoneCalendar"],"potions_floor_usage":[6,16,30,33,38,44,50],"damage_taken":[{"damage":1,"enemies":"Jaw Worm","floor":1,"turns":4},{"damage":0,"enemies":"2 Louse","floor":2,"turns":3},{"damage":0,"enemies":"Small Slimes","floor":5,"turns":2},{"damage":32,"enemies":"Gremlin Nob","floor":6,"turns":4},{"damage":0,"enemies":"Lagavulin","floor":8,"turns":6},{"damage":5,"enemies":"Exordium Thugs","floor":10,"turns":3},{"damage":0,"enemies":"2 Fungi Beasts","floor":14,"turns":2},{"damage":26,"enemies":"Hexaghost","floor":16,"turns":9},{"damage":3,"enemies":"Shell Parasite","floor":18,"turns":3},{"damage":10,"enemies":"2 Thieves","floor":19,"turns":3},{"damage":11,"enemies":"Snake Plant","floor":25,"turns":3},{"damage":0,"enemies":"Sentry and Sphere","floor":28,"turns":3},{"damage":12,"enemies":"Centurion and Healer","floor":29,"turns":3},{"damage":0,"enemies":"Snecko","floor":30,"turns":3},{"damage":0,"enemies":"Automaton","floor":33,"turns":6},{"damage":23,"enemies":"3 Darklings","floor":35,"turns":5},{"damage":5,"enemies":"Orb Walker","floor":38,"turns":3},{"damage":7,"enemies":"Sphere and 2 Shapes","floor":39,"turns":3},{"damage":0,"enemies":"Reptomancer","floor":42,"turns":5},{"damage":8,"enemies":"Writhing Mass","floor":44,"turns":4},{"damage":8,"enemies":"Nemesis","floor":46,"turns":5},{"damage":1,"enemies":"Jaw Worm Horde","floor":48,"turns":4},{"damage":64,"enemies":"Donu and Deca","floor":50,"turns":9},{"damage":87,"enemies":"Shield and Spear","floor":54,"turns":5}],"seed_played":"8417678006754943143","potions_obtained":[{"floor":2,"key":"LiquidBronze"},{"floor":8,"key":"Ancient Potion"},{"floor":14,"key":"AttackPotion"},{"floor":18,"key":"FearPotion"},{"floor":29,"key":"Explosive Potion"},{"floor":35,"key":"Regen Potion"},{"floor":42,"key":"GamblersBrew"},{"floor":46,"key":"Weak Potion"}],"is_trial":false,"path_per_floor":["M","M","?","?","M","E","R","E","T","M","?","R","?","M","R","B",null,"M","M","$","?","?","R","R","M","T","R","M","M","M","$","R","B",null,"M","$","?","M","M","R","?","E","T","M","R","E","R","M","R","B",null,"R","$","E"],"character_chosen":"DEFECT","items_purchased":["Blood Vial","Conserve Battery","Secret Technique+1"],"campfire_rested":0,"item_purchase_floors":[20,20,53],"current_hp_per_floor":[81,81,81,81,81,49,49,49,49,44,44,44,44,44,44,18,82,79,69,69,69,69,69,69,60,60,60,62,52,54,54,54,56,82,59,59,59,65,60,69,59,61,61,55,67,61,73,74,82,18,82,82,82,0],"gold":16,"neow_bonus":"RANDOM_COMMON_RELIC","is_prod":false,"is_daily":false,"chose_seed":false,"campfire_upgraded":11,"win_rate":0,"timestamp":1559984161,"path_taken":["M","M","?","?","M","E","R","E","T","M","?","R","?","?","R","BOSS","M","M","$","?","?","R","R","?","T","R","M","M","M","?","R","BOSS","M","$","?","M","?","R","?","E","T","M","R","E","R","M","R","BOSS","R","$","E"],"build_version":"2019-01-23","purchased_purges":2,"victory":false,"max_hp_per_floor":[82,82,82,82,82,82,82,82,82,82,82,82,82,82,82,82,82,82,82,82,82,82,82,82,82,82,82,82,82,82,82,82,82,82,82,82,82,82,82,82,82,82,82,82,82,82,82,82,82,82,82,82,82,82],"card_choices":[{"not_picked":["Barrage","Beam Cell"],"picked":"Sweeping Beam","floor":1},{"not_picked":["Beam Cell","Ball Lightning"],"picked":"Conserve Battery","floor":2},{"not_picked":["Chaos","Sweeping Beam","Compile Driver"],"picked":"SKIP","floor":5},{"not_picked":["Turbo","Gash"],"picked":"Buffer","floor":6},{"not_picked":["Go for the Eyes","Gash"],"picked":"Hologram","floor":8},{"not_picked":["Barrage","Chill"],"picked":"Gash","floor":10},{"not_picked":["Beam Cell","Turbo"],"picked":"Gash","floor":14},{"not_picked":["Creative AI","Multi-Cast"],"picked":"All For One","floor":16},{"not_picked":["Go for the Eyes","Double Energy"],"picked":"Hologram","floor":18},{"not_picked":["Skim","Static Discharge+1"],"picked":"Fusion+1","floor":19},{"not_picked":["Ball Lightning","Self Repair"],"picked":"Gash","floor":25},{"not_picked":["Chill","Sweeping Beam","Steam"],"picked":"SKIP","floor":28},{"not_picked":["Cold Snap+1","Go for the Eyes+1","Melter"],"picked":"SKIP","floor":29},{"not_picked":["Blizzard+1","Chaos","Leap"],"picked":"SKIP","floor":30},{"not_picked":["Conserve Battery+1","Force Field","Capacitor+1"],"picked":"SKIP","floor":35},{"not_picked":["Barrage+1","Ball Lightning","Melter"],"picked":"SKIP","floor":38},{"not_picked":["Coolheaded+1","Hologram","Compile Driver+1"],"picked":"SKIP","floor":39},{"not_picked":["Leap","Barrage+1","Conserve Battery+1"],"picked":"SKIP","floor":42},{"not_picked":["Melter+1","Cold Snap"],"picked":"Stack+1","floor":44},{"not_picked":["Conserve Battery+1","Barrage","Ball Lightning+1"],"picked":"SKIP","floor":46},{"not_picked":["Conserve Battery+1","Chill+1","Sweeping Beam"],"picked":"SKIP","floor":48}],"player_experience":333523,"relics_obtained":[{"floor":6,"key":"Mercury Hourglass"},{"floor":8,"key":"WingedGreaves"},{"floor":9,"key":"Nunchaku"},{"floor":42,"key":"Toxic Egg 2"},{"floor":43,"key":"Blue Candle"},{"floor":46,"key":"StoneCalendar"}],"event_choices":[{"damage_healed":0,"gold_gain":0,"player_choice":"Grow","damage_taken":0,"max_hp_gain":0,"max_hp_loss":0,"event_name":"Living Wall","floor":3,"gold_loss":0,"cards_upgraded":["Sweeping Beam"]},{"cards_removed":["Defend_B"],"damage_healed":0,"gold_gain":0,"player_choice":"Card Removal","damage_taken":0,"max_hp_gain":0,"max_hp_loss":0,"event_name":"The Cleric","floor":4,"gold_loss":50},{"damage_healed":0,"gold_gain":0,"player_choice":"Ignored","damage_taken":0,"max_hp_gain":0,"max_hp_loss":0,"event_name":"Liars Game","floor":11,"gold_loss":0},{"damage_healed":0,"gold_gain":0,"player_choice":"Forge","damage_taken":0,"max_hp_gain":0,"max_hp_loss":0,"event_name":"Accursed Blacksmith","floor":13,"gold_loss":0,"cards_upgraded":["Gash"]},{"damage_healed":0,"gold_gain":0,"player_choice":"Inject Mutagens","damage_taken":0,"relics_obtained":["MutagenicStrength"],"max_hp_gain":0,"max_hp_loss":0,"event_name":"Drug Dealer","floor":21,"gold_loss":0},{"damage_healed":0,"gold_gain":0,"player_choice":"Gave Potion","damage_taken":0,"relics_obtained":["Letter Opener"],"max_hp_gain":0,"max_hp_loss":0,"event_name":"WeMeetAgain","floor":22,"gold_loss":0},{"damage_healed":0,"gold_gain":0,"cards_transformed":["Strike_B"],"player_choice":"Transformed","damage_taken":0,"max_hp_gain":0,"max_hp_loss":0,"event_name":"Transmorgrifier","floor":37,"gold_loss":0,"cards_obtained":["Compile Driver"]},{"damage_healed":0,"gold_gain":0,"player_choice":"Embrace Madness","damage_taken":10,"max_hp_gain":0,"max_hp_loss":0,"event_name":"Winding Halls","floor":41,"gold_loss":0,"cards_obtained":["Madness","Madness"]}],"is_beta":false,"boss_relics":[{"not_picked":["Fusion Hammer","Velvet Choker"],"picked":"Empty Cage"},{"not_picked":["Cursed Key","Tiny House"],"picked":"Eternal Feather"}],"items_purged_floors":[20,36],"is_endless":false,"potions_floor_spawned":[2,8,14,18,29,35,42,46],"killed_by":"Shield and Spear","ascension_level":0}