{"gold_per_floor":[114,126,139,154,79,89,116,92,92,108,141,41,41,57,57,158,158,175,14,14,14,14,14,30,30,54,54,66,66,0,18,18,122,122,137,137,150,0,47,47,60,73,73,73,87,101,101,114,114,114],"floor_reached":51,"playtime":5131,"items_purged":["Parasite","Strike_R","Strike_R","Perfected Strike"],"score":917,"play_id":"3248e28d-73a6-4953-bd4c-03aead745696","local_time":"20190228195127","is_ascension_mode":true,"campfire_choices":[{"data":"Armaments","floor":13,"key":"SMITH"},{"data":"Metallicize","floor":15,"key":"SMITH"},{"data":"Rupture","floor":23,"key":"SMITH"},{"data":"Uppercut","floor":25,"key":"SMITH"},{"data":"Offering","floor":27,"key":"SMITH"},{"data":"Bash","floor":29,"key":"SMITH"},{"floor":32,"key":"REST"},{"floor":40,"key":"REST"},{"floor":47,"key":"REST"},{"data":"Flame Barrier","floor":49,"key":"SMITH"}],"neow_cost":"CURSE","seed_source_timestamp":1120856869230117,"circlet_count":0,"master_deck":["AscendersBane","Strike_R","Strike_R","Defend_R","Defend_R","Defend_R","Defend_R","Bash+1","Armaments+1","Carnage","Perfected Strike","Thunderclap","Flame Barrier+1","Seeing Red","Shrug It Off","Clothesline","Metallicize+1","Offering+1","Rupture+1","Uppercut+1","Thunderclap","Cleave+1","Shockwave+1","Bludgeon+1","Disarm","Sword Boomerang","Evolve+1","Cleave+1","Thunderclap+1","Headbutt","Body Slam+1"],"relics":["Burning Blood","Torii","Ornamental Fan","Gremlin Horn","Paper Frog","Philosopher\u0027s Stone","Self Forming Clay","Pocketwatch","Blood Vial","Busted Crown","Bird Faced Urn","Bottled Tornado"],"potions_floor_usage":[11,28,33,39,41,45,48,50],"damage_taken":[{"damage":2,"enemies":"Cultist","floor":1,"turns":4},{"damage":14,"enemies":"Jaw Worm","floor":2,"turns":5},{"damage":7,"enemies":"Small Slimes","floor":3,"turns":3},{"damage":0,"enemies":"Exordium Wildlife","floor":4,"turns":2},{"damage":6,"enemies":"Looter","floor":6,"turns":3},{"damage":23,"enemies":"Gremlin Nob","floor":7,"turns":4},{"damage":1,"enemies":"3 Louse","floor":10,"turns":3},{"damage":3,"enemies":"3 Sentries","floor":11,"turns":9},{"damage":6,"enemies":"Lots of Slimes","floor":14,"turns":4},{"damage":11,"enemies":"The Guardian","floor":16,"turns":16},{"damage":18,"enemies":"2 Thieves","floor":18,"turns":4},{"damage":6,"enemies":"Spheric Guardian","floor":24,"turns":3},{"damage":6,"enemies":"Centurion and Healer","floor":28,"turns":5},{"damage":19,"enemies":"Sentry and Sphere","floor":31,"turns":5},{"damage":52,"enemies":"Automaton","floor":33,"turns":10},{"damage":18,"enemies":"Orb Walker","floor":35,"turns":3},{"damage":7,"enemies":"3 Darklings","floor":37,"turns":4},{"damage":26,"enemies":"2 Orb Walkers","floor":39,"turns":4},{"damage":24,"enemies":"Jaw Worm Horde","floor":41,"turns":3},{"damage":7,"enemies":"Spire Growth","floor":42,"turns":5},{"damage":34,"enemies":"3 Darklings","floor":45,"turns":6},{"damage":13,"enemies":"Writhing Mass","floor":46,"turns":5},{"damage":1,"enemies":"Sphere and 2 Shapes","floor":48,"turns":3},{"damage":82,"enemies":"Awakened One","floor":50,"turns":16}],"seed_played":"1807474990734440259","potions_obtained":[{"floor":2,"key":"Dexterity Potion"},{"floor":6,"key":"FairyPotion"},{"floor":11,"key":"Swift Potion"},{"floor":16,"key":"Energy Potion"},{"floor":31,"key":"Regen Potion"},{"floor":37,"key":"FearPotion"},{"floor":41,"key":"Swift Potion"},{"floor":42,"key":"Block Potion"},{"floor":46,"key":"PowerPotion"}],"is_trial":false,"path_per_floor":["M","M","M","M","$","M","E","$","T","M","E","$","R","M","R","B",null,"M","$","?","T","?","R","M","R","T","R","M","R","?","M","R","B",null,"M","?","M","$","?","R","M","M","T","?","M","M","R","M","R","B",null],"character_chosen":"IRONCLAD","items_purchased":["Shrug It Off","Uppercut"],"campfire_rested":3,"item_purchase_floors":[8,19],"current_hp_per_floor":[76,68,67,73,73,73,56,56,56,61,64,64,64,64,64,59,73,61,61,61,61,61,61,61,61,61,61,63,63,63,52,75,46,69,59,59,60,60,42,65,53,60,60,60,36,35,58,69,69,13],"gold":114,"neow_bonus":"ONE_RARE_RELIC","is_prod":false,"is_daily":false,"chose_seed":false,"campfire_upgraded":7,"win_rate":0,"timestamp":1551401487,"path_taken":["M","M","M","M","$","M","E","$","T","M","E","$","R","M","R","BOSS","M","$","?","?","?","R","M","R","T","R","?","R","?","M","R","BOSS","M","?","?","$","?","R","M","M","T","?","M","?","R","M","R","BOSS"],"build_version":"2019-01-23","purchased_purges":4,"victory":true,"max_hp_per_floor":[80,80,80,80,77,77,77,77,77,77,77,77,77,77,77,77,77,77,77,77,77,77,77,77,77,77,77,77,77,77,77,77,77,77,77,77,77,77,77,77,77,77,77,77,77,77,77,77,77,77],"card_choices":[{"not_picked":["Searing Blow","Twin Strike"],"picked":"Armaments","floor":1},{"not_picked":["Armaments","Seeing Red"],"picked":"Carnage","floor":2},{"not_picked":["Sever Soul","Wild Strike"],"picked":"Perfected Strike","floor":3},{"not_picked":["Body Slam","Havoc"],"picked":"Thunderclap","floor":4},{"not_picked":["Fiend Fire","Pommel Strike"],"picked":"Flame Barrier","floor":6},{"not_picked":["Wild Strike","Berserk"],"picked":"Seeing Red","floor":7},{"not_picked":["Warcry","Anger"],"picked":"Clothesline","floor":10},{"not_picked":["Pommel Strike","Clash"],"picked":"Perfected Strike","floor":11},{"not_picked":["Iron Wave","Cleave"],"picked":"Metallicize","floor":14},{"not_picked":["Double Tap","Juggernaut"],"picked":"Offering","floor":16},{"not_picked":["Pommel Strike","Hemokinesis+1"],"picked":"Rupture","floor":18},{"not_picked":["Sword Boomerang","Havoc"],"picked":"Thunderclap","floor":24},{"not_picked":["Sever Soul+1","Iron Wave"],"picked":"Cleave+1","floor":28},{"not_picked":["Thunderclap+1","Cleave"],"picked":"Shockwave+1","floor":31},{"not_picked":["Reaper","Limit Break"],"picked":"Bludgeon","floor":33},{"not_picked":[],"picked":"Disarm","floor":35},{"not_picked":[],"picked":"Evolve+1","floor":37},{"not_picked":[],"picked":"Cleave+1","floor":39},{"not_picked":["Sever Soul+1"],"picked":"SKIP","floor":41},{"not_picked":[],"picked":"Thunderclap+1","floor":42},{"not_picked":[],"picked":"Headbutt","floor":45},{"not_picked":[],"picked":"Body Slam+1","floor":46},{"not_picked":["True Grit"],"picked":"SKIP","floor":48}],"player_experience":333538,"relics_obtained":[{"floor":7,"key":"Ornamental Fan"},{"floor":9,"key":"Gremlin Horn"},{"floor":11,"key":"Paper Frog"},{"floor":21,"key":"Pocketwatch"},{"floor":26,"key":"Blood Vial"},{"floor":39,"key":"Bird Faced Urn"},{"floor":43,"key":"Bottled Tornado"}],"event_choices":[{"damage_healed":0,"gold_gain":0,"player_choice":"Opened","damage_taken":0,"relics_obtained":["Self Forming Clay"],"max_hp_gain":0,"max_hp_loss":0,"event_name":"The Mausoleum","floor":20,"gold_loss":0},{"damage_healed":0,"gold_gain":0,"player_choice":"Ignored","damage_taken":0,"max_hp_gain":0,"max_hp_loss":0,"event_name":"Ghosts","floor":22,"gold_loss":0},{"damage_healed":0,"gold_gain":0,"player_choice":"Paid Fearfully","damage_taken":0,"max_hp_gain":0,"max_hp_loss":0,"event_name":"Masked Bandits","floor":30,"gold_loss":66},{"damage_healed":0,"gold_gain":0,"cards_transformed":["Strike_R"],"player_choice":"Transformed","damage_taken":0,"max_hp_gain":0,"max_hp_loss":0,"event_name":"Transmorgrifier","floor":36,"gold_loss":0,"cards_obtained":["Sword Boomerang"]},{"damage_healed":0,"gold_gain":0,"player_choice":"Fight","damage_taken":0,"max_hp_gain":0,"max_hp_loss":0,"event_name":"Mysterious Sphere","floor":39,"gold_loss":0},{"damage_healed":0,"gold_gain":0,"player_choice":"Upgraded","damage_taken":0,"max_hp_gain":0,"max_hp_loss":0,"event_name":"Upgrade Shrine","floor":44,"gold_loss":0,"cards_upgraded":["Bludgeon"]}],"is_beta":false,"boss_relics":[{"not_picked":["Calling Bell","White Beast Statue"],"picked":"Philosopher\u0027s Stone"},{"not_picked":["Tiny House","Mark of Pain"],"picked":"Busted Crown"}],"items_purged_floors":[5,12,19,38],"is_endless":false,"potions_floor_spawned":[2,6,11,16,18,31,37,41,42,46],"ascension_level":10}