{"gold_per_floor":[363,363,377,390,404,431,461,461,461,488,341,341,371,385,385,464,464,419,419],"floor_reached":19,"playtime":805,"items_purged":["Strike_R"],"score":309,"play_id":"b480ae11-eb78-46c0-a393-83d883c575ff","local_time":"20190315153831","is_ascension_mode":true,"campfire_choices":[{"floor":8,"key":"REST"},{"floor":12,"key":"REST"},{"floor":15,"key":"REST"}],"neow_cost":"TEN_PERCENT_HP_LOSS","seed_source_timestamp":2402423423938723,"circlet_count":0,"master_deck":["AscendersBane","Strike_R","Strike_R","Strike_R","Strike_R","Defend_R","Defend_R","Defend_R","Defend_R","Bash","Body Slam","Disarm","Shrug It Off","Clothesline","Sword Boomerang","Juggernaut","Shrug It Off","Pommel Strike","Inflame","Perfected Strike","Demon Form","Cleave"],"relics":["Burning Blood","NlothsMask","Happy Flower","Kunai","FossilizedHelix","Ectoplasm"],"potions_floor_usage":[5,16,16],"damage_taken":[{"damage":1,"enemies":"Cultist","floor":1,"turns":3},{"damage":0,"enemies":"2 Louse","floor":3,"turns":4},{"damage":5,"enemies":"Jaw Worm","floor":4,"turns":5},{"damage":2,"enemies":"Looter","floor":5,"turns":4},{"damage":46,"enemies":"Lagavulin","floor":6,"turns":10},{"damage":41,"enemies":"3 Sentries","floor":10,"turns":11},{"damage":18,"enemies":"Lagavulin","floor":13,"turns":8},{"damage":14,"enemies":"Exordium Thugs","floor":14,"turns":5},{"damage":10,"enemies":"The Guardian","floor":16,"turns":9},{"damage":17,"enemies":"2 Thieves","floor":18,"turns":4},{"damage":52,"enemies":"Colosseum Slavers","floor":19,"turns":4}],"seed_played":"5256129098285168073","potions_obtained":[{"floor":4,"key":"Energy Potion"},{"floor":10,"key":"PowerPotion"},{"floor":13,"key":"PowerPotion"},{"floor":16,"key":"Dexterity Potion"}],"is_trial":false,"path_per_floor":["M","?","M","M","M","E","?","R","T","E","$","R","E","M","R","B",null,"M","?"],"character_chosen":"IRONCLAD","items_purchased":["Shrug It Off","Pommel Strike"],"campfire_rested":3,"item_purchase_floors":[11,11],"current_hp_per_floor":[72,72,72,72,72,32,32,53,53,18,18,39,27,19,40,36,63,52,0],"gold":419,"neow_bonus":"TWO_FIFTY_GOLD","is_prod":false,"is_daily":false,"chose_seed":false,"campfire_upgraded":0,"win_rate":0,"timestamp":1552678711,"path_taken":["M","?","?","M","M","E","?","R","T","E","$","R","E","M","R","BOSS","M","?"],"build_version":"2019-01-23","purchased_purges":1,"victory":false,"max_hp_per_floor":[72,72,72,72,72,72,72,72,72,72,72,72,72,72,72,72,72,72,72],"card_choices":[{"not_picked":["Pummel","Thunderclap"],"picked":"Body Slam","floor":1},{"not_picked":["Clash","Sever Soul"],"picked":"Disarm","floor":3},{"not_picked":["Havoc","Bloodletting"],"picked":"Shrug It Off","floor":4},{"not_picked":["Iron Wave","Seeing Red"],"picked":"Clothesline","floor":5},{"not_picked":["Warcry","Havoc"],"picked":"Sword Boomerang","floor":6},{"not_picked":["Warcry","Wild Strike"],"picked":"Juggernaut","floor":10},{"not_picked":["Cleave","Spot Weakness"],"picked":"Inflame","floor":13},{"not_picked":["Pommel Strike","Warcry"],"picked":"Perfected Strike","floor":14},{"not_picked":["Dark Embrace","Immolate"],"picked":"Demon Form","floor":16},{"not_picked":["Havoc","Uppercut"],"picked":"Cleave","floor":18}],"player_experience":392489,"relics_obtained":[{"floor":6,"key":"Happy Flower"},{"floor":10,"key":"Kunai"},{"floor":13,"key":"FossilizedHelix"}],"event_choices":[{"damage_healed":0,"gold_gain":0,"player_choice":"Trade","damage_taken":0,"relics_obtained":["NlothsMask"],"max_hp_gain":0,"max_hp_loss":0,"event_name":"FaceTrader","floor":2,"gold_loss":0},{"damage_healed":0,"gold_gain":30,"player_choice":"Searched \u00271\u0027 times","damage_taken":0,"max_hp_gain":0,"max_hp_loss":0,"event_name":"Dead Adventurer","floor":7,"gold_loss":0},{"damage_healed":0,"gold_gain":0,"player_choice":"Fight","damage_taken":0,"max_hp_gain":0,"max_hp_loss":0,"event_name":"Colosseum","floor":19,"gold_loss":0}],"is_beta":false,"boss_relics":[{"not_picked":["White Beast Statue","Coffee Dripper"],"picked":"Ectoplasm"}],"items_purged_floors":[11],"is_endless":false,"potions_floor_spawned":[4,10,13,14,16],"killed_by":"Colosseum Slavers","ascension_level":13}