{"gold_per_floor":[119,129,139,139,152,186,186,215,215,215,215,215,24,41,41,120,120,139,156,156,170,186,186,217,217,217,217,3,3,60,75,75,75],"floor_reached":33,"playtime":1497,"items_purged":["Strike_R"],"score":590,"play_id":"91a422d9-8e96-4420-8f35-52585b90c7d4","local_time":"20190622150634","is_ascension_mode":true,"campfire_choices":[{"data":"Armaments","floor":7,"key":"SMITH"},{"data":"Bash","floor":10,"key":"SMITH"},{"data":"Uppercut","floor":12,"key":"SMITH"},{"floor":15,"key":"REST"},{"data":"Carnage","floor":23,"key":"SMITH"},{"floor":25,"key":"REST"},{"data":"Body Slam","floor":27,"key":"SMITH"},{"floor":32,"key":"REST"}],"neow_cost":"NONE","seed_source_timestamp":70013577757702,"circlet_count":0,"master_deck":["AscendersBane","Strike_R","Strike_R","Strike_R","Defend_R","Defend_R","Defend_R","Defend_R","Bash+1","Armaments+1","Uppercut+1","Clothesline","Carnage+1","Thunderclap","Iron Wave","Metallicize+1","Shrug It Off","Shockwave","Barricade+1","Pommel Strike","Body Slam+1","Shrug It Off","Reaper","Shrug It Off","True Grit","Feed","Metallicize+1"],"relics":["Burning Blood","NeowsBlessing","Oddly Smooth Stone","Dodecahedron","Frozen Egg 2","Mark of Pain","Shuriken","Kunai","Tiny Chest"],"potions_floor_usage":[6,6,16,19,24,30,33],"damage_taken":[{"damage":0,"enemies":"2 Louse","floor":1,"turns":1},{"damage":0,"enemies":"Cultist","floor":2,"turns":1},{"damage":0,"enemies":"Jaw Worm","floor":3,"turns":1},{"damage":19,"enemies":"Exordium Wildlife","floor":5,"turns":5},{"damage":18,"enemies":"Gremlin Nob","floor":6,"turns":4},{"damage":24,"enemies":"Lagavulin","floor":8,"turns":6},{"damage":17,"enemies":"2 Fungi Beasts","floor":14,"turns":5},{"damage":13,"enemies":"The Guardian","floor":16,"turns":17},{"damage":6,"enemies":"Shell Parasite","floor":18,"turns":7},{"damage":11,"enemies":"Spheric Guardian","floor":19,"turns":7},{"damage":6,"enemies":"Centurion and Healer","floor":21,"turns":7},{"damage":4,"enemies":"3 Cultists","floor":22,"turns":6},{"damage":38,"enemies":"Book of Stabbing","floor":24,"turns":6},{"damage":48,"enemies":"Gremlin Leader","floor":30,"turns":16},{"damage":20,"enemies":"Snake Plant","floor":31,"turns":5},{"damage":39,"enemies":"Automaton","floor":33,"turns":6}],"seed_played":"-5957411374144527792","potions_obtained":[{"floor":2,"key":"Ancient Potion"},{"floor":5,"key":"EntropicBrew"},{"floor":16,"key":"Block Potion"},{"floor":24,"key":"Dexterity Potion"},{"floor":30,"key":"Explosive Potion"},{"floor":31,"key":"Swift Potion"}],"is_trial":false,"path_per_floor":["M","M","M","?","M","E","R","E","T","R","$","R","$","M","R","B",null,"M","M","?","M","M","R","E","R","T","R","$","?","E","M","R","B"],"character_chosen":"IRONCLAD","items_purchased":["Metallicize+1","Shrug It Off","True Grit","Feed"],"campfire_rested":3,"item_purchase_floors":[13,13,28,28],"current_hp_per_floor":[74,75,75,75,62,50,50,32,32,32,32,32,32,21,43,36,65,65,60,60,60,62,62,36,58,58,58,58,58,28,14,36,0],"gold":75,"neow_bonus":"THREE_ENEMY_KILL","is_prod":false,"is_daily":false,"chose_seed":false,"campfire_upgraded":5,"win_rate":0,"timestamp":1561230394,"path_taken":["M","M","M","?","M","E","R","E","T","R","?","R","$","M","R","BOSS","M","M","?","M","M","R","E","R","T","R","$","?","E","M","R","BOSS"],"build_version":"2019-01-23","purchased_purges":1,"victory":false,"max_hp_per_floor":[75,75,75,75,75,75,75,75,75,75,75,75,75,75,75,75,75,75,75,75,75,75,75,75,75,75,75,75,75,75,75,75,75],"card_choices":[{"not_picked":["True Grit","Shrug It Off"],"picked":"Armaments","floor":1},{"not_picked":["Headbutt","Reckless Charge"],"picked":"Uppercut","floor":2},{"not_picked":["Perfected Strike","Body Slam"],"picked":"Clothesline","floor":3},{"not_picked":["True Grit","Havoc"],"picked":"Thunderclap","floor":5},{"not_picked":["Blood for Blood","Perfected Strike"],"picked":"Iron Wave","floor":6},{"not_picked":["Entrench","Perfected Strike","Corruption"],"picked":"SKIP","floor":8},{"not_picked":["Flex","Thunderclap"],"picked":"Shockwave","floor":14},{"not_picked":["Juggernaut+1","Bludgeon"],"picked":"Barricade+1","floor":16},{"not_picked":["Warcry","Sentinel+1"],"picked":"Pommel Strike","floor":18},{"not_picked":["Anger","Armaments+1"],"picked":"Body Slam","floor":19},{"not_picked":["Warcry","Headbutt"],"picked":"Shrug It Off","floor":21},{"not_picked":["Searing Blow","Clash"],"picked":"Reaper","floor":22},{"not_picked":["Thunderclap","Clash"],"picked":"Shrug It Off","floor":24},{"not_picked":["Heavy Blade","Wild Strike"],"picked":"Metallicize+1","floor":30},{"not_picked":["Heavy Blade","Clash","Blood for Blood"],"picked":"SKIP","floor":31}],"player_experience":961042,"relics_obtained":[{"floor":6,"key":"Oddly Smooth Stone"},{"floor":8,"key":"Dodecahedron"},{"floor":9,"key":"Frozen Egg 2"},{"floor":24,"key":"Shuriken"},{"floor":26,"key":"Kunai"},{"floor":30,"key":"Tiny Chest"}],"event_choices":[{"damage_healed":0,"gold_gain":0,"cards_transformed":["Strike_R"],"player_choice":"Transformed","damage_taken":0,"max_hp_gain":0,"max_hp_loss":0,"event_name":"Transmorgrifier","floor":4,"gold_loss":0,"cards_obtained":["Carnage"]},{"damage_healed":0,"gold_gain":0,"player_choice":"Ignored","damage_taken":0,"max_hp_gain":0,"max_hp_loss":0,"event_name":"Beggar","floor":20,"gold_loss":0},{"damage_healed":0,"gold_gain":0,"player_choice":"Ignored","damage_taken":0,"max_hp_gain":0,"max_hp_loss":0,"event_name":"Vampires","floor":29,"gold_loss":0}],"is_beta":false,"boss_relics":[{"not_picked":["Ectoplasm","Runic Pyramid"],"picked":"Mark of Pain"}],"items_purged_floors":[13],"is_endless":false,"potions_floor_spawned":[2,5,16,24,30,31],"killed_by":"Automaton","ascension_level":20}