{"gold_per_floor":[119,138,138,149,162,162,195,195,195,195,210,224,98,131,131,207,207,220,33,33,35,35],"floor_reached":22,"playtime":864,"items_purged":["Strike_R","Strike_R"],"score":392,"play_id":"49d392e7-2482-44db-b9e1-acb813cdf1d5","local_time":"20190517222333","is_ascension_mode":true,"campfire_choices":[{"data":"Twin Strike","floor":6,"key":"SMITH"},{"floor":10,"key":"REST"},{"data":"Iron Wave","floor":15,"key":"SMITH"}],"neow_cost":"NONE","seed_source_timestamp":18306148433877,"circlet_count":0,"master_deck":["AscendersBane","Strike_R","Defend_R","Defend_R","Defend_R","Bash+1","Iron Wave+1","Twin Strike+1","Shrug It Off","Thunderclap","Impervious","Juggernaut+1","Carnage+1","Headbutt+1","Metallicize","Decay"],"relics":["Burning Blood","Bag of Preparation","Champion Belt","Shuriken","Pantograph","Astrolabe"],"potions_floor_usage":[7,16],"damage_taken":[{"damage":6,"enemies":"2 Louse","floor":1,"turns":4},{"damage":16,"enemies":"Jaw Worm","floor":2,"turns":5},{"damage":1,"enemies":"Cultist","floor":4,"turns":3},{"damage":26,"enemies":"Lots of Slimes","floor":5,"turns":7},{"damage":30,"enemies":"Lagavulin","floor":7,"turns":5},{"damage":9,"enemies":"2 Fungi Beasts","floor":11,"turns":3},{"damage":0,"enemies":"Large Slime","floor":12,"turns":4},{"damage":3,"enemies":"Gremlin Nob","floor":14,"turns":3},{"damage":59,"enemies":"Slime Boss","floor":16,"turns":11},{"damage":36,"enemies":"Spheric Guardian","floor":18,"turns":9},{"damage":11,"enemies":"2 Thieves","floor":21,"turns":4},{"damage":36,"enemies":"Centurion and Healer","floor":22,"turns":9}],"seed_played":"2788515063363955212","potions_obtained":[{"floor":4,"key":"Strength Potion"},{"floor":7,"key":"Explosive Potion"},{"floor":12,"key":"Explosive Potion"},{"floor":16,"key":"Ancient Potion"},{"floor":21,"key":"SteroidPotion"}],"is_trial":false,"path_per_floor":["M","M","?","M","M","R","E","?","T","R","M","M","$","E","R","B",null,"M","$","?","M","M"],"character_chosen":"IRONCLAD","items_purchased":["Shrug It Off","Metallicize"],"campfire_rested":1,"item_purchase_floors":[13,19],"current_hp_per_floor":[75,65,65,70,50,50,26,26,26,50,47,53,53,56,56,28,69,39,39,39,34,0],"gold":35,"neow_bonus":"TEN_PERCENT_HP_BONUS","is_prod":false,"is_daily":false,"chose_seed":false,"campfire_upgraded":2,"win_rate":0,"timestamp":1558146213,"path_taken":["M","M","?","M","M","R","E","?","T","R","M","M","$","E","R","BOSS","M","$","?","M","?"],"build_version":"2019-01-23","purchased_purges":2,"victory":false,"max_hp_per_floor":[82,82,82,82,82,82,82,82,82,82,82,82,82,82,82,82,82,82,82,82,82,82],"card_choices":[{"not_picked":["Anger","Rage"],"picked":"Iron Wave","floor":1},{"not_picked":["Clash","Thunderclap","Battle Trance"],"picked":"SKIP","floor":2},{"not_picked":["Clothesline","Headbutt"],"picked":"Twin Strike","floor":4},{"not_picked":["Combust","Intimidate","Entrench"],"picked":"SKIP","floor":5},{"not_picked":["Seeing Red","Rage","Infernal Blade"],"picked":"SKIP","floor":7},{"not_picked":["Searing Blow","Flex","Brutality"],"picked":"SKIP","floor":11},{"not_picked":["Clash","Heavy Blade","Dual Wield"],"picked":"SKIP","floor":12},{"not_picked":["Body Slam","Havoc"],"picked":"Thunderclap","floor":14},{"not_picked":["Fiend Fire","Exhume"],"picked":"Impervious","floor":16},{"not_picked":["Reckless Charge","Power Through","Dual Wield"],"picked":"SKIP","floor":18},{"not_picked":["Sword Boomerang","Headbutt","Burning Pact"],"picked":"SKIP","floor":21}],"player_experience":723872,"relics_obtained":[{"floor":7,"key":"Bag of Preparation"},{"floor":9,"key":"Shuriken"},{"floor":14,"key":"Pantograph"}],"event_choices":[{"damage_healed":0,"gold_gain":0,"player_choice":"Grow","damage_taken":0,"max_hp_gain":0,"max_hp_loss":0,"event_name":"Living Wall","floor":3,"gold_loss":0,"cards_upgraded":["Bash"]},{"damage_healed":0,"gold_gain":0,"player_choice":"Gave Potion","damage_taken":0,"relics_obtained":["Champion Belt"],"max_hp_gain":0,"max_hp_loss":0,"event_name":"WeMeetAgain","floor":8,"gold_loss":0},{"damage_healed":0,"gold_gain":0,"player_choice":"Cursed","damage_taken":0,"max_hp_gain":0,"max_hp_loss":0,"event_name":"Wheel of Change","floor":20,"gold_loss":0,"cards_obtained":["Decay"]}],"is_beta":false,"boss_relics":[{"not_picked":["Pandora\u0027s Box","Tiny House"],"picked":"Astrolabe"}],"items_purged_floors":[13,19],"is_endless":false,"potions_floor_spawned":[4,7,12,16,21],"killed_by":"Centurion and Healer","ascension_level":20}