{"gold_per_floor":[111,111,127,202,55,90,104,104,127,139,182,39,63,63,63,159,159,177,276,84,97,97,97,97,113,113,113,138,138,154,168,168,168],"floor_reached":33,"playtime":1074,"items_purged":["Bash"],"score":501,"play_id":"2fbafab6-f140-4b91-827e-56b482797c4a","local_time":"20181122192015","is_ascension_mode":true,"campfire_choices":[{"data":"Limit Break","floor":8,"key":"SMITH"},{"data":"Spot Weakness","floor":10,"key":"SMITH"},{"data":"Body Slam","floor":15,"key":"SMITH"},{"floor":23,"key":"REST"},{"floor":27,"key":"REST"},{"floor":32,"key":"REST"}],"neow_cost":"NONE","seed_source_timestamp":36031534954087,"circlet_count":0,"master_deck":["AscendersBane","Strike_R","Strike_R","Strike_R","Strike_R","Strike_R","Defend_R","Defend_R","Defend_R","Defend_R","Havoc","Pommel Strike","Spot Weakness+1","Limit Break+1","Headbutt","Barricade+1","Shrug It Off","Body Slam+1","Limit Break","Thunderclap","Shrug It Off","Shrug It Off","Thunderclap","Shrug It Off","Sword Boomerang"],"relics":["Burning Blood","NeowsBlessing","Golden Idol","Happy Flower","MawBank","Juzu Bracelet","Mark of Pain","Blood Vial","Mercury Hourglass","Oddly Smooth Stone","Paper Frog"],"potions_floor_usage":[11,13,13,13,16,18,25,25,33],"damage_taken":[{"damage":0,"enemies":"2 Louse","floor":1,"turns":1},{"damage":0,"enemies":"Small Slimes","floor":3,"turns":2},{"damage":0,"enemies":"Gremlin Nob","floor":6,"turns":1},{"damage":7,"enemies":"Jaw Worm","floor":7,"turns":3},{"damage":26,"enemies":"3 Sentries","floor":11,"turns":7},{"damage":7,"enemies":"2 Fungi Beasts","floor":13,"turns":3},{"damage":52,"enemies":"The Guardian","floor":16,"turns":10},{"damage":36,"enemies":"3 Byrds","floor":18,"turns":5},{"damage":25,"enemies":"2 Thieves","floor":21,"turns":3},{"damage":19,"enemies":"Snake Plant","floor":25,"turns":2},{"damage":8,"enemies":"3 Cultists","floor":28,"turns":6},{"damage":16,"enemies":"Centurion and Healer","floor":30,"turns":5},{"damage":24,"enemies":"Snake Plant","floor":31,"turns":5},{"damage":46,"enemies":"Automaton","floor":33,"turns":6}],"seed_played":"5595778074701597364","potions_obtained":[{"floor":3,"key":"Fire Potion"},{"floor":6,"key":"EssenceOfSteel"},{"floor":16,"key":"Weak Potion"},{"floor":18,"key":"Dexterity Potion"},{"floor":22,"key":"Fire Potion"},{"floor":22,"key":"Fire Potion"},{"floor":28,"key":"Weak Potion"},{"floor":31,"key":"Dexterity Potion"}],"is_trial":false,"path_per_floor":["M","?","M","?","$","E","M","R","T","R","E","$","M","?","R","B",null,"M","?","$","M","?","R","?","M","T","R","M","?","M","M","R","B"],"character_chosen":"IRONCLAD","items_purchased":["Spot Weakness","EntropicBrew","Shrug It Off","Blood Vial","Explosive Potion"],"campfire_rested":3,"item_purchase_floors":[5,12,12,20,20],"current_hp_per_floor":[74,69,69,58,58,64,63,63,63,63,43,43,42,42,42,11,55,25,25,25,8,8,28,28,17,17,37,37,37,29,13,33,0],"gold":168,"neow_bonus":"THREE_ENEMY_KILL","is_prod":false,"is_daily":false,"chose_seed":false,"campfire_upgraded":3,"win_rate":0,"timestamp":1542943215,"path_taken":["M","?","M","?","?","E","M","R","T","R","E","$","M","?","R","BOSS","M","?","$","M","?","R","?","M","T","R","M","?","M","M","R","BOSS"],"build_version":"2018-11-15","purchased_purges":1,"victory":false,"max_hp_per_floor":[75,69,69,69,69,69,69,69,69,69,69,69,69,69,69,69,69,69,69,69,69,69,69,69,69,69,69,69,69,69,69,69,69],"card_choices":[{"not_picked":["Dual Wield","Reckless Charge"],"picked":"Havoc","floor":1},{"not_picked":["Seeing Red","Sword Boomerang"],"picked":"Pommel Strike","floor":3},{"not_picked":["Uppercut","Fiend Fire"],"picked":"Limit Break","floor":6},{"not_picked":["Body Slam","Seeing Red"],"picked":"Headbutt","floor":7},{"not_picked":["Havoc","Blood for Blood"],"picked":"Barricade","floor":11},{"not_picked":["Searing Blow","Cleave"],"picked":"Body Slam","floor":13},{"not_picked":["Dark Embrace","Demon Form"],"picked":"Limit Break","floor":16},{"not_picked":["Rupture","Hemokinesis"],"picked":"Thunderclap","floor":18},{"not_picked":["Clash","Burning Pact"],"picked":"Shrug It Off","floor":21},{"not_picked":["Flex","Intimidate+1"],"picked":"Shrug It Off","floor":25},{"not_picked":["Second Wind","Havoc"],"picked":"Thunderclap","floor":28},{"not_picked":["Havoc","Headbutt"],"picked":"Shrug It Off","floor":30},{"not_picked":["Sentinel","Disarm"],"picked":"Sword Boomerang","floor":31}],"player_experience":817458,"relics_obtained":[{"floor":6,"key":"Happy Flower"},{"floor":9,"key":"MawBank"},{"floor":11,"key":"Juzu Bracelet"},{"floor":26,"key":"Oddly Smooth Stone"}],"event_choices":[{"damage_healed":0,"gold_gain":0,"player_choice":"Lose Max HP","damage_taken":0,"relics_obtained":["Golden Idol"],"max_hp_gain":0,"max_hp_loss":6,"event_name":"Golden Idol","floor":2,"gold_loss":0},{"damage_healed":0,"gold_gain":75,"player_choice":"Gather Gold","damage_taken":11,"max_hp_gain":0,"max_hp_loss":0,"event_name":"World of Goop","floor":4,"gold_loss":0},{"damage_healed":0,"gold_gain":0,"player_choice":"Grow","damage_taken":0,"max_hp_gain":0,"max_hp_loss":0,"event_name":"Living Wall","floor":14,"gold_loss":0,"cards_upgraded":["Barricade"]},{"damage_healed":0,"gold_gain":99,"player_choice":"Stole From Cult","damage_taken":0,"max_hp_gain":0,"max_hp_loss":0,"event_name":"Nest","floor":19,"gold_loss":0},{"damage_healed":0,"gold_gain":0,"player_choice":"Got Potions","damage_taken":0,"max_hp_gain":0,"max_hp_loss":0,"event_name":"Lab","floor":22,"gold_loss":0},{"damage_healed":0,"gold_gain":0,"player_choice":"Opened","damage_taken":0,"relics_obtained":["Mercury Hourglass"],"max_hp_gain":0,"max_hp_loss":0,"event_name":"The Mausoleum","floor":24,"gold_loss":0},{"damage_healed":0,"gold_gain":0,"player_choice":"Gave Potion","damage_taken":0,"relics_obtained":["Paper Frog"],"max_hp_gain":0,"max_hp_loss":0,"event_name":"WeMeetAgain","floor":29,"gold_loss":0}],"is_beta":false,"boss_relics":[{"not_picked":["Ectoplasm","Fusion Hammer"],"picked":"Mark of Pain"}],"items_purged_floors":[5],"is_endless":false,"potions_floor_spawned":[3,6,16,18,28,31],"killed_by":"Automaton","ascension_level":14}