{"gold_per_floor":[116,133,61,61,77,77,112,112,112,112,130,130,147,162,162,267,267,280,280,18,35,51,51,65,65,119,119,135,60,75,75,75,172,172,182,182,197,213,213,213,231,231],"floor_reached":42,"playtime":2163,"items_purged":["Strike_R"],"score":402,"play_id":"9c6813c0-f4d8-43e6-a9ea-aeab39d5db1b","local_time":"20190507003502","is_ascension_mode":false,"campfire_choices":[{"data":"Flame Barrier","floor":6,"key":"SMITH"},{"floor":8,"key":"RECALL"},{"floor":10,"key":"REST"},{"data":"Rampage","floor":15,"key":"SMITH"},{"floor":23,"key":"REST"},{"floor":25,"key":"REST"},{"data":"Exhume","floor":27,"key":"SMITH"},{"floor":32,"key":"REST"},{"floor":40,"key":"REST"}],"neow_cost":"NONE","seed_source_timestamp":744508083399094,"circlet_count":0,"master_deck":["Strike_R+1","Strike_R","Strike_R","Defend_R","Defend_R","Defend_R","Bash","Flame Barrier+1","Rampage+1","Cleave","Exhume+1","Battle Trance+1","Offering","Demon Form+1","Wild Strike","Feel No Pain+1","Flame Barrier","Pummel","Impervious","Cleave+1","Warcry","Intimidate+1"],"relics":["Burning Blood","Girya","Frozen Egg 2","Mark of Pain","Bottled Flame","Orichalcum","Philosopher\u0027s Stone"],"potions_floor_usage":[16,16,16,22,38,42],"damage_taken":[{"damage":6,"enemies":"Cultist","floor":1,"turns":4},{"damage":6,"enemies":"Jaw Worm","floor":2,"turns":4},{"damage":0,"enemies":"2 Louse","floor":5,"turns":3},{"damage":47,"enemies":"Lagavulin","floor":7,"turns":10},{"damage":3,"enemies":"2 Fungi Beasts","floor":11,"turns":4},{"damage":2,"enemies":"Large Slime","floor":13,"turns":7},{"damage":0,"enemies":"Lots of Slimes","floor":14,"turns":2},{"damage":56,"enemies":"Hexaghost","floor":16,"turns":9},{"damage":32,"enemies":"2 Thieves","floor":18,"turns":4},{"damage":13,"enemies":"Chosen","floor":21,"turns":6},{"damage":32,"enemies":"Shelled Parasite and Fungi","floor":22,"turns":5},{"damage":25,"enemies":"Snecko","floor":24,"turns":6},{"damage":34,"enemies":"Snake Plant","floor":28,"turns":4},{"damage":15,"enemies":"Centurion and Healer","floor":30,"turns":6},{"damage":42,"enemies":"Champ","floor":33,"turns":13},{"damage":5,"enemies":"3 Shapes","floor":35,"turns":7},{"damage":19,"enemies":"Orb Walker","floor":37,"turns":4},{"damage":23,"enemies":"Sphere and 2 Shapes","floor":38,"turns":5},{"damage":45,"enemies":"Spire Growth","floor":41,"turns":5},{"damage":52,"enemies":"Nemesis","floor":42,"turns":7}],"seed_played":"-3864930687352509070","potions_obtained":[{"floor":7,"key":"PowerPotion"},{"floor":11,"key":"SteroidPotion"},{"floor":13,"key":"Poison Potion"},{"floor":18,"key":"EssenceOfSteel"},{"floor":30,"key":"Regen Potion"},{"floor":37,"key":"Strength Potion"},{"floor":41,"key":"Weak Potion"}],"is_trial":false,"path_per_floor":["M","M","$","T","M","R","E","R","T","R","M","?","M","M","R","B",null,"M","?","$","M","M","R","M","R","T","R","M","$","M","?","R","B",null,"M","?","M","M","?","R","M","E"],"character_chosen":"IRONCLAD","items_purchased":["Rampage","Bottled Flame"],"campfire_rested":5,"item_purchase_floors":[3,20],"current_hp_per_floor":[88,88,88,88,88,88,47,47,47,73,76,58,62,68,68,18,88,62,62,62,55,29,55,36,62,62,62,34,34,25,25,51,15,88,88,80,67,50,50,75,36,0],"gold":231,"neow_bonus":"TEN_PERCENT_HP_BONUS","is_prod":false,"is_daily":false,"chose_seed":false,"campfire_upgraded":3,"win_rate":0,"timestamp":1557214502,"path_taken":["M","M","$","?","M","R","E","R","T","R","M","?","M","M","R","BOSS","M","?","$","M","M","R","M","R","T","R","M","$","M","?","R","BOSS","M","?","?","M","?","R","M","E"],"build_version":"2019-01-23","purchased_purges":1,"victory":false,"max_hp_per_floor":[88,88,88,88,88,88,88,88,88,88,88,88,88,88,88,88,88,88,88,88,88,88,88,88,88,88,88,88,88,88,88,88,88,88,88,88,88,88,84,84,84,84],"card_choices":[{"not_picked":["Heavy Blade","Clothesline"],"picked":"Flame Barrier","floor":1},{"not_picked":["Power Through","True Grit","Havoc"],"picked":"SKIP","floor":2},{"not_picked":["Iron Wave","Shockwave"],"picked":"Cleave","floor":5},{"not_picked":["Heavy Blade","Metallicize"],"picked":"Exhume","floor":7},{"not_picked":["Flex","Clothesline"],"picked":"Battle Trance","floor":11},{"not_picked":["Pommel Strike","Clothesline","Flex"],"picked":"SKIP","floor":13},{"not_picked":["Body Slam","Warcry","True Grit"],"picked":"SKIP","floor":14},{"not_picked":["Juggernaut+1","Double Tap"],"picked":"Offering","floor":16},{"not_picked":["Twin Strike","Havoc","Infernal Blade"],"picked":"SKIP","floor":18},{"not_picked":["Reckless Charge","Warcry"],"picked":"Feel No Pain+1","floor":21},{"not_picked":["Clothesline","Juggernaut+1"],"picked":"Flame Barrier","floor":22},{"not_picked":["Perfected Strike+1","Second Wind"],"picked":"Pummel","floor":24},{"not_picked":["Clothesline+1","Sword Boomerang","Twin Strike"],"picked":"SKIP","floor":28},{"not_picked":["Wild Strike","Body Slam","Metallicize+1"],"picked":"SKIP","floor":30},{"not_picked":["Bludgeon","Reaper"],"picked":"Impervious","floor":33},{"not_picked":["Thunderclap+1","Wild Strike","Uppercut"],"picked":"SKIP","floor":35},{"not_picked":["Clothesline+1","Blood for Blood+1"],"picked":"Cleave+1","floor":37},{"not_picked":["Sword Boomerang","Hemokinesis+1"],"picked":"Warcry","floor":38},{"not_picked":["Flex+1","Anger"],"picked":"Intimidate+1","floor":41}],"player_experience":130717,"relics_obtained":[{"floor":7,"key":"Girya"},{"floor":9,"key":"Frozen Egg 2"},{"floor":26,"key":"Orichalcum"}],"event_choices":[{"damage_healed":0,"gold_gain":0,"player_choice":"Entered Light","damage_taken":18,"max_hp_gain":0,"max_hp_loss":0,"event_name":"Shining Light","floor":12,"gold_loss":0,"cards_upgraded":["Battle Trance","Strike_R"]},{"damage_healed":0,"gold_gain":0,"cards_transformed":["Strike_R","Defend_R"],"player_choice":"Became Test Subject","damage_taken":0,"max_hp_gain":0,"max_hp_loss":0,"event_name":"Drug Dealer","floor":19,"gold_loss":0,"cards_obtained":["Demon Form","Wild Strike"]},{"damage_healed":0,"gold_gain":0,"player_choice":"Ignored","damage_taken":0,"max_hp_gain":0,"max_hp_loss":0,"event_name":"Cursed Tome","floor":31,"gold_loss":0},{"damage_healed":0,"gold_gain":0,"player_choice":"Damaged","damage_taken":8,"max_hp_gain":0,"max_hp_loss":0,"event_name":"Wheel of Change","floor":36,"gold_loss":0},{"damage_healed":0,"gold_gain":0,"player_choice":"Max HP","damage_taken":0,"max_hp_gain":0,"max_hp_loss":4,"event_name":"Winding Halls","floor":39,"gold_loss":0}],"is_beta":false,"boss_relics":[{"not_picked":["Lizard Tail","Pandora\u0027s Box"],"picked":"Mark of Pain"},{"not_picked":["Coffee Dripper","Snecko Eye"],"picked":"Philosopher\u0027s Stone"}],"items_purged_floors":[29],"is_endless":false,"potions_floor_spawned":[7,11,13,14,18,30,37,41],"killed_by":"Nemesis","ascension_level":0}