{"gold_per_floor":[115,115,133,113,17,17,51,51,51,82,95,95,95,113,113,244,244,265,138,161,161,76,76],"floor_reached":23,"playtime":874,"items_purged":[],"score":266,"play_id":"e7c8f167-87de-4721-9dc3-298f96c091b0","local_time":"20190208210651","is_ascension_mode":true,"campfire_choices":[{"data":"Gash","floor":6,"key":"SMITH"},{"data":"Fusion","floor":8,"key":"SMITH"},{"data":"Dualcast","floor":13,"key":"SMITH"},{"data":"Hologram","floor":15,"key":"SMITH"}],"neow_cost":"NONE","seed_source_timestamp":735579547153764,"circlet_count":0,"master_deck":["Strike_B","Strike_B","Strike_B","Strike_B","Defend_B","Defend_B","Defend_B","Defend_B","Zap+1","Dualcast+1","Gash+1","Cold Snap","Bandage Up","Fusion+1","Conserve Battery","Self Repair","Injury","Hologram+1","Rainbow","Ball Lightning+1","Coolheaded","Storm","Leap"],"relics":["Cracked Core","NeowsBlessing","Meat on the Bone","Blue Candle","Question Card","Bloody Idol","Inserter","FossilizedHelix"],"potions_floor_usage":[16,16,23],"damage_taken":[{"damage":0,"enemies":"2 Louse","floor":1,"turns":1},{"damage":0,"enemies":"Cultist","floor":3,"turns":1},{"damage":0,"enemies":"3 Sentries","floor":7,"turns":1},{"damage":44,"enemies":"Lagavulin","floor":10,"turns":7},{"damage":8,"enemies":"Small Slimes","floor":11,"turns":3},{"damage":16,"enemies":"Exordium Thugs","floor":14,"turns":4},{"damage":49,"enemies":"The Guardian","floor":16,"turns":15},{"damage":20,"enemies":"Shell Parasite","floor":18,"turns":8},{"damage":27,"enemies":"Chosen","floor":20,"turns":6},{"damage":59,"enemies":"Slavers","floor":23,"turns":3}],"seed_played":"-4136499715810252208","potions_obtained":[{"floor":1,"key":"FocusPotion"},{"floor":4,"key":"SteroidPotion"},{"floor":11,"key":"Swift Potion"},{"floor":18,"key":"Dexterity Potion"}],"is_trial":false,"path_per_floor":["M","?","M","?","$","R","E","R","T","E","M","?","R","M","R","B",null,"M","$","M","?","?","E"],"character_chosen":"DEFECT","items_purchased":["Bandage Up","Coolheaded","Storm"],"campfire_rested":0,"item_purchase_floors":[5,19,19],"current_hp_per_floor":[75,75,75,75,75,75,75,75,75,47,43,43,43,50,50,24,75,62,62,46,46,46,0],"gold":76,"neow_bonus":"THREE_ENEMY_KILL","is_prod":false,"is_daily":false,"chose_seed":false,"campfire_upgraded":4,"win_rate":0,"timestamp":1549678011,"path_taken":["M","?","?","?","?","R","E","R","T","E","M","?","R","M","R","BOSS","M","$","M","?","?","E"],"build_version":"2019-01-23","purchased_purges":0,"victory":false,"max_hp_per_floor":[75,75,75,75,75,75,75,75,75,75,75,75,75,75,75,75,75,75,75,75,75,75,75],"card_choices":[{"not_picked":["Melter","Streamline"],"picked":"Gash","floor":1},{"not_picked":["Redo","Double Energy"],"picked":"Cold Snap","floor":3},{"not_picked":["Reprogram","Consume"],"picked":"Fusion","floor":7},{"not_picked":["Redo","All For One"],"picked":"Conserve Battery","floor":10},{"not_picked":["Stack","Beam Cell","Fusion"],"picked":"Self Repair","floor":11},{"not_picked":["Compile Driver","Sunder","Double Energy"],"picked":"Hologram","floor":14},{"not_picked":["Echo Form","Fission","Multi-Cast"],"picked":"Rainbow","floor":16},{"not_picked":["Steam","Rebound","Stack+1"],"picked":"Ball Lightning+1","floor":18},{"not_picked":["Compile Driver","Ball Lightning+1","Turbo"],"picked":"Leap","floor":20}],"player_experience":184330,"relics_obtained":[{"floor":7,"key":"Meat on the Bone"},{"floor":9,"key":"Blue Candle"},{"floor":10,"key":"Question Card"}],"event_choices":[{"damage_healed":0,"gold_gain":0,"player_choice":"Upgraded","damage_taken":0,"max_hp_gain":0,"max_hp_loss":0,"event_name":"Upgrade Shrine","floor":2,"gold_loss":0,"cards_upgraded":["Zap"]},{"damage_healed":0,"gold_gain":0,"player_choice":"Bought 1 Potion","damage_taken":0,"max_hp_gain":0,"max_hp_loss":0,"event_name":"The Woman in Blue","floor":4,"gold_loss":0},{"damage_healed":0,"gold_gain":0,"player_choice":"Take Wound","damage_taken":0,"relics_obtained":["Golden Idol"],"max_hp_gain":0,"max_hp_loss":0,"event_name":"Golden Idol","floor":12,"gold_loss":0,"cards_obtained":["Injury"]},{"damage_healed":0,"gold_gain":0,"player_choice":"Gave Idol","damage_taken":0,"relics_obtained":["Bloody Idol"],"max_hp_gain":0,"max_hp_loss":0,"event_name":"Forgotten Altar","floor":21,"relics_lost":["Golden Idol"],"gold_loss":0},{"damage_healed":0,"gold_gain":0,"player_choice":"Obtained Relic","damage_taken":0,"relics_obtained":["FossilizedHelix"],"max_hp_gain":0,"max_hp_loss":0,"event_name":"Addict","floor":22,"gold_loss":85}],"is_beta":false,"boss_relics":[{"not_picked":["Velvet Choker","Astrolabe"],"picked":"Inserter"}],"items_purged_floors":[],"is_endless":false,"potions_floor_spawned":[1,11,14,18],"killed_by":"Slavers","ascension_level":4}