{"gold_per_floor":[115,165,176,192,209,209,228,228,251,251,251,269,269,296,296,368,368,385,220,220,237,250,250,262,262],"floor_reached":25,"playtime":971,"items_purged":["Parasite"],"score":369,"play_id":"546c8012-22d2-441c-b71f-eb0e570cee72","local_time":"20190602173322","is_ascension_mode":true,"campfire_choices":[{"data":"Defragment","floor":6,"key":"SMITH"},{"data":"Hologram","floor":8,"key":"SMITH"},{"data":"Loop","floor":15,"key":"SMITH"},{"floor":23,"key":"REST"}],"neow_cost":"NONE","seed_source_timestamp":93884815947924,"circlet_count":0,"master_deck":["AscendersBane","Strike_B","Strike_B","Defend_B","Defend_B","Defend_B","Zap","Dualcast","Hologram+1","Defragment+1","Loop+1","Conserve Battery","Conserve Battery","Seek","Reinforced Body+1","Storm+1","Fusion+1","Steam","Capacitor","Reprogram"],"relics":["Cracked Core","Lantern","Art of War","Bag of Preparation","Astrolabe"],"potions_floor_usage":[14,16,22,24],"damage_taken":[{"damage":2,"enemies":"2 Louse","floor":1,"turns":3},{"damage":1,"enemies":"Cultist","floor":3,"turns":3},{"damage":3,"enemies":"Small Slimes","floor":4,"turns":3},{"damage":5,"enemies":"2 Fungi Beasts","floor":5,"turns":4},{"damage":10,"enemies":"Large Slime","floor":7,"turns":6},{"damage":4,"enemies":"Exordium Wildlife","floor":12,"turns":4},{"damage":20,"enemies":"Lagavulin","floor":14,"turns":6},{"damage":7,"enemies":"Hexaghost","floor":16,"turns":9},{"damage":21,"enemies":"2 Thieves","floor":18,"turns":4},{"damage":0,"enemies":"Chosen","floor":21,"turns":4},{"damage":12,"enemies":"Centurion and Healer","floor":22,"turns":10},{"damage":8,"enemies":"Snake Plant","floor":24,"turns":5},{"damage":38,"enemies":"Gremlin Leader","floor":25,"turns":3}],"seed_played":"-156070961880441334","potions_obtained":[{"floor":5,"key":"FocusPotion"},{"floor":7,"key":"PowerPotion"},{"floor":16,"key":"FocusPotion"},{"floor":18,"key":"Dexterity Potion"}],"is_trial":false,"path_per_floor":["M","?","M","M","M","R","M","R","T","?","?","M","?","E","R","B",null,"M","$","?","M","M","R","M","E"],"character_chosen":"DEFECT","items_purchased":["Capacitor"],"campfire_rested":1,"item_purchase_floors":[19],"current_hp_per_floor":[62,62,61,58,53,53,43,43,43,38,38,34,51,31,31,24,59,38,38,38,38,26,46,38,0],"gold":262,"neow_bonus":"REMOVE_CARD","is_prod":false,"is_daily":false,"chose_seed":false,"campfire_upgraded":3,"win_rate":0,"timestamp":1559522002,"path_taken":["M","?","M","M","?","R","M","R","T","?","?","M","?","E","R","BOSS","M","$","?","M","M","R","M","E"],"build_version":"2019-01-23","purchased_purges":1,"victory":false,"max_hp_per_floor":[71,71,71,71,71,71,71,71,71,71,71,71,71,71,71,71,71,71,68,68,68,68,68,68,68],"card_choices":[{"not_picked":["Sweeping Beam","Coolheaded"],"picked":"Hologram","floor":1},{"not_picked":["Beam Cell","Heatsinks"],"picked":"Rebound","floor":3},{"not_picked":["Sweeping Beam","Tempest"],"picked":"Defragment","floor":4},{"not_picked":["Coolheaded","FTL"],"picked":"Loop","floor":5},{"not_picked":["Redo","Rebound"],"picked":"Conserve Battery","floor":7},{"not_picked":["Fusion","Leap","Turbo"],"picked":"SKIP","floor":12},{"not_picked":["Redo","Rip and Tear"],"picked":"Conserve Battery","floor":14},{"not_picked":["Machine Learning","Hyperbeam"],"picked":"Seek","floor":16},{"not_picked":["Streamline","Cold Snap"],"picked":"Steam","floor":18},{"not_picked":["Barrage","Scrape"],"picked":"Reprogram","floor":21},{"not_picked":["Aggregate","Cold Snap","Hello World"],"picked":"SKIP","floor":22},{"not_picked":["Genetic Algorithm","Turbo","Leap"],"picked":"SKIP","floor":24}],"player_experience":947066,"relics_obtained":[{"floor":9,"key":"Lantern"},{"floor":14,"key":"Bag of Preparation"}],"event_choices":[{"damage_healed":0,"gold_gain":50,"player_choice":"Pray","damage_taken":0,"max_hp_gain":0,"max_hp_loss":0,"event_name":"Golden Shrine","floor":2,"gold_loss":0},{"damage_healed":0,"gold_gain":0,"player_choice":"Success","damage_taken":5,"relics_obtained":["Art of War"],"max_hp_gain":0,"max_hp_loss":0,"event_name":"Scrap Ooze","floor":10,"gold_loss":0},{"damage_healed":0,"gold_gain":0,"player_choice":"Ignored","damage_taken":0,"max_hp_gain":0,"max_hp_loss":0,"event_name":"Shining Light","floor":11,"gold_loss":0},{"damage_healed":17,"gold_gain":0,"player_choice":"Healed and dodged fight","damage_taken":0,"max_hp_gain":0,"max_hp_loss":0,"event_name":"Mushrooms","floor":13,"gold_loss":0,"cards_obtained":["Parasite"]},{"damage_healed":0,"gold_gain":0,"player_choice":"Ignored","damage_taken":0,"max_hp_gain":0,"max_hp_loss":0,"event_name":"Ghosts","floor":20,"gold_loss":0}],"is_beta":false,"boss_relics":[{"not_picked":["Snecko Eye","Calling Bell"],"picked":"Astrolabe"}],"items_purged_floors":[19],"is_endless":false,"potions_floor_spawned":[5,7,12,16,18,21],"killed_by":"Gremlin Leader","ascension_level":16}