{"gold_per_floor":[212,212,226,247,14,14,54,54,54,54,85,85,85,101,101,195,195,208,223,223],"floor_reached":20,"playtime":793,"items_purged":["Injury"],"score":414,"play_id":"b1c1164d-dbf3-464e-93fc-39eacb9751c4","local_time":"20190605105640","is_ascension_mode":true,"campfire_choices":[{"floor":6,"key":"REST"},{"data":"All For One","floor":8,"key":"SMITH"},{"data":"Beam Cell","floor":10,"key":"SMITH"},{"data":"Capacitor","floor":13,"key":"SMITH"},{"data":"Loop","floor":15,"key":"SMITH"}],"neow_cost":"NONE","seed_source_timestamp":125187336281318,"circlet_count":0,"master_deck":["AscendersBane","Strike_B","Strike_B","Strike_B","Strike_B","Defend_B","Defend_B","Defend_B","Defend_B","Zap","Dualcast","White Noise","Beam Cell+1","Capacitor+1","Glacier","Chaos","All For One+1","Glacier","Loop+1","Rainbow","Defragment+1","Go for the Eyes"],"relics":["Cracked Core","Golden Idol","Bottled Flame","Oddly Smooth Stone","Bronze Scales","NlothsMask","Fusion Hammer"],"potions_floor_usage":[19],"damage_taken":[{"damage":1,"enemies":"Cultist","floor":1,"turns":3},{"damage":19,"enemies":"Jaw Worm","floor":3,"turns":4},{"damage":8,"enemies":"2 Louse","floor":4,"turns":4},{"damage":22,"enemies":"3 Sentries","floor":7,"turns":10},{"damage":6,"enemies":"Lagavulin","floor":11,"turns":10},{"damage":7,"enemies":"Looter","floor":14,"turns":3},{"damage":6,"enemies":"Hexaghost","floor":16,"turns":9},{"damage":14,"enemies":"Spheric Guardian","floor":18,"turns":5},{"damage":28,"enemies":"Chosen","floor":19,"turns":5},{"damage":19,"enemies":"Sentry and Sphere","floor":20,"turns":3}],"seed_played":"-2772704218703446205","potions_obtained":[{"floor":1,"key":"FearPotion"},{"floor":3,"key":"Weak Potion"}],"is_trial":false,"path_per_floor":["M","?","M","M","$","R","E","R","T","R","E","?","R","M","R","B",null,"M","M","M"],"character_chosen":"DEFECT","items_purchased":["Glacier","Chaos"],"campfire_rested":1,"item_purchase_floors":[5,5],"current_hp_per_floor":[63,63,44,36,36,57,35,35,35,35,29,29,29,22,22,16,57,43,15,0],"gold":223,"neow_bonus":"HUNDRED_GOLD","is_prod":false,"is_daily":false,"chose_seed":false,"campfire_upgraded":4,"win_rate":0,"timestamp":1559746600,"path_taken":["M","?","M","M","$","R","E","R","T","R","E","?","R","M","R","BOSS","M","M","?"],"build_version":"2019-01-23","purchased_purges":1,"victory":false,"max_hp_per_floor":[71,71,71,71,71,71,71,71,71,71,71,71,71,71,71,71,71,71,71,71],"card_choices":[{"not_picked":["Turbo","Gash"],"picked":"White Noise","floor":1},{"not_picked":["Stack","Force Field"],"picked":"Beam Cell","floor":3},{"not_picked":["Double Energy","Turbo"],"picked":"Capacitor","floor":4},{"not_picked":["Darkness","Barrage"],"picked":"All For One","floor":7},{"not_picked":["Rebound","Hologram"],"picked":"Glacier","floor":11},{"not_picked":["Streamline","White Noise"],"picked":"Loop","floor":14},{"not_picked":["Hyperbeam","Seek"],"picked":"Rainbow","floor":16},{"not_picked":["Leap","Gash"],"picked":"Defragment+1","floor":18},{"not_picked":["Rip and Tear","Rebound"],"picked":"Go for the Eyes","floor":19}],"player_experience":839754,"relics_obtained":[{"floor":7,"key":"Bottled Flame"},{"floor":9,"key":"Oddly Smooth Stone"},{"floor":11,"key":"Bronze Scales"}],"event_choices":[{"damage_healed":0,"gold_gain":0,"player_choice":"Take Wound","damage_taken":0,"relics_obtained":["Golden Idol"],"max_hp_gain":0,"max_hp_loss":0,"event_name":"Golden Idol","floor":2,"gold_loss":0,"cards_obtained":["Injury"]},{"damage_healed":0,"gold_gain":0,"player_choice":"Trade","damage_taken":0,"relics_obtained":["NlothsMask"],"max_hp_gain":0,"max_hp_loss":0,"event_name":"FaceTrader","floor":12,"gold_loss":0}],"is_beta":false,"boss_relics":[{"not_picked":["Runic Dome","Tiny House"],"picked":"Fusion Hammer"}],"items_purged_floors":[5],"is_endless":false,"potions_floor_spawned":[1,3,7,11],"killed_by":"Sentry and Sphere","ascension_level":20}