{"gold_per_floor":[118,66,66,16,16,48,48,82,82,102,113,113,125,151,151,222,222,238,238,35,49,49,49,59,59,83,83,83,102,115,37,37,37],"floor_reached":33,"playtime":1213,"items_purged":[],"score":548,"play_id":"a5d81ebf-4ff6-451e-a3a4-4638c88e4ad1","local_time":"20190503195503","is_ascension_mode":true,"campfire_choices":[{"data":"Barrage","floor":7,"key":"SMITH"},{"data":"Chaos","floor":12,"key":"SMITH"},{"data":"Chaos","floor":15,"key":"SMITH"},{"data":"Apotheosis","floor":23,"key":"SMITH"},{"floor":25,"key":"REST"},{"floor":32,"key":"REST"}],"neow_cost":"NONE","seed_source_timestamp":603319327718443,"circlet_count":0,"master_deck":["AscendersBane","Strike_B","Strike_B","Strike_B","Defend_B","Defend_B","Defend_B","Defend_B","Zap","Dualcast","Sweeping Beam","Barrage+1","Compile Driver","Compile Driver","Chaos+1","Chaos+1","Reinforced Body","Rainbow","Darkness+1","Chaos+1","Defragment","Apotheosis+1","Conserve Battery","Hologram+1","Defragment"],"relics":["FrozenCore","NeowsBlessing","Torii","Art of War","Singing Bowl","Juzu Bracelet","Omamori","Bronze Scales","Ancient Tea Set","MutagenicStrength"],"potions_floor_usage":[13,14,16,18,24,30,33],"damage_taken":[{"damage":0,"enemies":"Small Slimes","floor":1,"turns":1},{"damage":0,"enemies":"3 Sentries","floor":6,"turns":1},{"damage":0,"enemies":"Gremlin Nob","floor":8,"turns":1},{"damage":1,"enemies":"Cultist","floor":10,"turns":3},{"damage":8,"enemies":"Jaw Worm","floor":11,"turns":3},{"damage":1,"enemies":"Large Slime","floor":13,"turns":4},{"damage":12,"enemies":"3 Sentries","floor":14,"turns":5},{"damage":47,"enemies":"The Guardian","floor":16,"turns":13},{"damage":2,"enemies":"Spheric Guardian","floor":18,"turns":5},{"damage":19,"enemies":"Shell Parasite","floor":21,"turns":6},{"damage":27,"enemies":"Shelled Parasite and Fungi","floor":24,"turns":6},{"damage":14,"enemies":"Snake Plant","floor":29,"turns":4},{"damage":7,"enemies":"Cultist and Chosen","floor":30,"turns":5},{"damage":45,"enemies":"Automaton","floor":33,"turns":10}],"seed_played":"-360484823458667988","potions_obtained":[{"floor":8,"key":"Ancient Potion"},{"floor":10,"key":"Regen Potion"},{"floor":13,"key":"SkillPotion"},{"floor":14,"key":"SkillPotion"},{"floor":16,"key":"SkillPotion"},{"floor":21,"key":"GamblersBrew"},{"floor":29,"key":"Weak Potion"}],"is_trial":false,"path_per_floor":["M","$","?","$","T","E","R","E","T","M","M","R","M","E","R","B",null,"M","?","$","M","$","R","M","R","T","?","?","M","M","$","R","B"],"character_chosen":"DEFECT","items_purchased":["Barrage","Compile Driver","Defragment","Apotheosis","Defragment"],"campfire_rested":2,"item_purchase_floors":[2,4,20,20,31],"current_hp_per_floor":[64,64,64,64,64,64,64,64,64,63,57,57,67,55,55,8,58,56,56,56,37,37,37,10,32,32,32,32,20,15,15,38,0],"gold":37,"neow_bonus":"THREE_ENEMY_KILL","is_prod":false,"is_daily":false,"chose_seed":false,"campfire_upgraded":4,"win_rate":0,"timestamp":1556938503,"path_taken":["M","$","?","?","?","E","R","E","T","M","M","R","M","E","R","BOSS","M","?","?","M","$","R","M","R","T","?","?","M","M","$","R","BOSS"],"build_version":"2019-01-23","purchased_purges":0,"victory":false,"max_hp_per_floor":[71,71,71,71,71,71,71,71,71,71,73,73,75,75,75,75,75,75,75,75,75,75,75,75,75,75,75,75,77,79,79,79,79],"card_choices":[{"not_picked":["Barrage","Aggregate"],"picked":"Sweeping Beam","floor":1},{"not_picked":["Thunder Strike","Storm"],"picked":"Compile Driver","floor":6},{"not_picked":["Rip and Tear","Capacitor"],"picked":"Chaos","floor":8},{"not_picked":["Auto Shields","Aggregate"],"picked":"Chaos","floor":10},{"not_picked":["Redo","Stack","Heatsinks"],"picked":"Singing Bowl","floor":11},{"not_picked":["Chaos","Skim","Ball Lightning"],"picked":"Singing Bowl","floor":13},{"not_picked":["Amplify","Gash"],"picked":"Reinforced Body","floor":14},{"not_picked":["Biased Cognition","Buffer"],"picked":"Rainbow","floor":16},{"not_picked":["Hologram","Ball Lightning"],"picked":"Darkness+1","floor":18},{"not_picked":["Steam","Barrage"],"picked":"Conserve Battery","floor":21},{"not_picked":["Hello World","Beam Cell"],"picked":"Hologram+1","floor":24},{"not_picked":["Rebound","Cold Snap","Redo"],"picked":"Singing Bowl","floor":29},{"not_picked":["Sweeping Beam","Fission","Go for the Eyes"],"picked":"Singing Bowl","floor":30}],"player_experience":903279,"relics_obtained":[{"floor":5,"key":"Torii"},{"floor":6,"key":"Art of War"},{"floor":8,"key":"Singing Bowl"},{"floor":9,"key":"Juzu Bracelet"},{"floor":14,"key":"Omamori"},{"floor":26,"key":"Bronze Scales"}],"event_choices":[{"cards_removed":["Strike_B"],"damage_healed":0,"gold_gain":0,"player_choice":"Offered Basic","damage_taken":0,"max_hp_gain":0,"max_hp_loss":0,"event_name":"Bonfire Elementals","floor":3,"gold_loss":0},{"damage_healed":0,"gold_gain":0,"player_choice":"Copied","damage_taken":0,"max_hp_gain":0,"max_hp_loss":0,"event_name":"Duplicator","floor":19,"gold_loss":0,"cards_obtained":["Chaos"]},{"damage_healed":0,"gold_gain":0,"player_choice":"Opened","damage_taken":0,"relics_obtained":["Ancient Tea Set"],"max_hp_gain":0,"max_hp_loss":0,"event_name":"The Mausoleum","floor":27,"gold_loss":0,"cards_obtained":["Writhe"]},{"damage_healed":0,"gold_gain":0,"player_choice":"Inject Mutagens","damage_taken":0,"relics_obtained":["MutagenicStrength"],"max_hp_gain":0,"max_hp_loss":0,"event_name":"Drug Dealer","floor":28,"gold_loss":0}],"is_beta":false,"boss_relics":[{"not_picked":["Fusion Hammer","Philosopher\u0027s Stone"],"picked":"FrozenCore"}],"items_purged_floors":[],"is_endless":false,"potions_floor_spawned":[8,10,13,14,16,21,29],"killed_by":"Automaton","ascension_level":15}