{"gold_per_floor":[13,25,45,55,55,87,99,99,99,99,126,126,126,146,146,246,246,256,181,181,196,42,76,76,93,143,176,176,190,90,108,108,213,213,232,0,0,18,18,48,48,66,66,66,85,11,31,31,31,31],"floor_reached":51,"playtime":3137,"items_purged":["Feel No Pain","Burning Pact","Whirlwind"],"score":955,"play_id":"ae05d95b-bafe-400e-a90d-f437716cb5e3","local_time":"20190210210903","is_ascension_mode":true,"campfire_choices":[{"floor":8,"key":"REST"},{"data":"Uppercut","floor":10,"key":"SMITH"},{"floor":12,"key":"REST"},{"data":"Searing Blow","floor":15,"key":"SMITH"},{"floor":24,"key":"REST"},{"floor":28,"key":"REST"},{"floor":32,"key":"REST"},{"data":"Armaments","floor":41,"key":"SMITH"},{"data":"Armaments","floor":44,"key":"SMITH"},{"data":"Searing Blow+2","floor":49,"key":"SMITH"}],"neow_cost":"NO_GOLD","seed_source_timestamp":0,"circlet_count":0,"master_deck":["Uppercut+1","Cleave+1","Shrug It Off+1","Immolate+1","Dropkick+1","Searing Blow+3","Reaper+1","Feed+1","Carnage+1","Armaments+1","Metallicize+1","Searing Blow+1","Flame Barrier+1","Armaments+1","Inflame+1","Thunderclap+1","Flame Barrier+1","Rage+1","Disarm+1","Impervious+1","Heavy Blade+1","Inflame+1","Iron Wave+1"],"special_seed":0,"relics":["Burning Blood","Magic Flower","Sundial","Calipers","Torii","Pandora\u0027s Box","Potion Belt","Happy Flower","Lantern","Busted Crown","Red Mask","Bottled Flame","Smiling Mask","Mark of the Bloom"],"potions_floor_usage":[23,27,33,33,33,33,40,40,50],"damage_taken":[{"damage":7,"enemies":"2 Louse","floor":1,"turns":3},{"damage":5,"enemies":"Cultist","floor":2,"turns":4},{"damage":4,"enemies":"Jaw Worm","floor":3,"turns":3},{"damage":12,"enemies":"Blue Slaver","floor":4,"turns":5},{"damage":47,"enemies":"Lagavulin","floor":6,"turns":6},{"damage":14,"enemies":"3 Louse","floor":7,"turns":4},{"damage":24,"enemies":"Gremlin Nob","floor":11,"turns":4},{"damage":3,"enemies":"Gremlin Gang","floor":14,"turns":4},{"damage":39,"enemies":"Slime Boss","floor":16,"turns":9},{"damage":23,"enemies":"Shell Parasite","floor":18,"turns":5},{"damage":18,"enemies":"3 Byrds","floor":21,"turns":6},{"damage":102,"enemies":"Slavers","floor":23,"turns":5},{"damage":21,"enemies":"Snake Plant","floor":25,"turns":5},{"damage":113,"enemies":"Gremlin Leader","floor":27,"turns":9},{"damage":18,"enemies":"Snecko","floor":29,"turns":4},{"damage":37,"enemies":"Shelled Parasite and Fungi","floor":31,"turns":8},{"damage":84,"enemies":"Champ","floor":33,"turns":19},{"damage":32,"enemies":"3 Darklings","floor":35,"turns":7},{"damage":2,"enemies":"Orb Walker","floor":38,"turns":4},{"damage":77,"enemies":"Reptomancer","floor":40,"turns":9},{"damage":23,"enemies":"Maw","floor":42,"turns":9},{"damage":19,"enemies":"Jaw Worm Horde","floor":45,"turns":4},{"damage":16,"enemies":"4 Shapes","floor":47,"turns":6},{"damage":48,"enemies":"Time Eater","floor":50,"turns":12}],"seed_played":"-708238434995823162","potions_obtained":[{"floor":1,"key":"GamblersBrew"},{"floor":7,"key":"SpeedPotion"},{"floor":14,"key":"PowerPotion"},{"floor":23,"key":"Fire Potion"},{"floor":25,"key":"SpeedPotion"},{"floor":27,"key":"Fire Potion"},{"floor":33,"key":"LiquidBronze"},{"floor":35,"key":"FearPotion"},{"floor":38,"key":"EssenceOfSteel"},{"floor":45,"key":"Fire Potion"}],"is_trial":false,"path_per_floor":["M","M","M","M","?","E","M","R","T","R","E","R","?","M","R","B",null,"M","?","?","M","$","E","R","M","T","E","R","M","$","M","R","B",null,"M","?","?","M","?","E","R","M","T","R","M","$","M","?","R","B",null],"character_chosen":"IRONCLAD","items_purchased":["Inflame","Iron Wave"],"campfire_rested":5,"item_purchase_floors":[22,46],"current_hp_per_floor":[87,88,90,84,84,46,41,69,69,69,54,82,82,88,88,58,87,78,78,78,83,83,54,85,73,73,37,68,70,70,59,91,30,89,98,98,98,103,103,70,70,73,73,73,87,87,109,109,109,61],"gold":31,"neow_bonus":"TWENTY_PERCENT_HP_BONUS","is_prod":false,"is_daily":false,"chose_seed":false,"campfire_upgraded":5,"win_rate":0,"timestamp":1549850943,"path_taken":["M","M","M","M","?","E","?","R","T","R","E","R","?","M","R","BOSS","M","?","?","M","$","E","R","M","T","E","R","?","$","M","R","BOSS","M","?","?","M","?","E","R","M","T","R","?","?","M","?","R","BOSS"],"build_version":"2019-01-23","purchased_purges":3,"victory":true,"max_hp_per_floor":[96,96,96,96,96,96,96,96,96,96,96,96,96,96,96,96,96,99,99,99,102,102,105,105,105,105,105,105,105,105,108,108,108,108,108,108,103,103,103,106,106,110,110,110,114,114,117,117,117,117],"card_choices":[{"not_picked":["Evolve","Body Slam"],"picked":"Uppercut","floor":1},{"not_picked":["Twin Strike","Clash"],"picked":"Cleave","floor":2},{"not_picked":["Infernal Blade","Pommel Strike"],"picked":"Shrug It Off","floor":3},{"not_picked":["Corruption","Havoc","Anger"],"picked":"SKIP","floor":4},{"not_picked":["Bloodletting","Clothesline"],"picked":"Immolate","floor":6},{"not_picked":["Cleave","Flex"],"picked":"Dropkick","floor":7},{"not_picked":["Flex","Immolate","Juggernaut"],"picked":"SKIP","floor":11},{"not_picked":["Headbutt","Sever Soul"],"picked":"Whirlwind","floor":14},{"not_picked":["Juggernaut","Brutality"],"picked":"Reaper","floor":16},{"not_picked":["Clothesline","Headbutt"],"picked":"Flame Barrier","floor":18},{"not_picked":["Immolate","Bloodletting+1"],"picked":"Armaments","floor":21},{"not_picked":["Seeing Red","Exhume"],"picked":"Thunderclap","floor":23},{"not_picked":["Battle Trance","Cleave"],"picked":"Flame Barrier","floor":25},{"not_picked":["Wild Strike","Searing Blow","Corruption+1"],"picked":"SKIP","floor":27},{"not_picked":["Sword Boomerang","Dual Wield"],"picked":"Rage+1","floor":29},{"not_picked":["Wild Strike","Dark Embrace"],"picked":"Disarm+1","floor":31},{"not_picked":["Limit Break","Immolate"],"picked":"Impervious","floor":33},{"not_picked":[],"picked":"Heavy Blade+1","floor":35},{"not_picked":["Warcry"],"picked":"SKIP","floor":38},{"not_picked":["Fiend Fire"],"picked":"SKIP","floor":40},{"not_picked":[],"picked":"Inflame","floor":42},{"not_picked":["True Grit"],"picked":"SKIP","floor":45},{"not_picked":["Twin Strike+1"],"picked":"SKIP","floor":47}],"player_experience":201283,"relics_obtained":[{"floor":5,"key":"Magic Flower"},{"floor":6,"key":"Sundial"},{"floor":9,"key":"Calipers"},{"floor":11,"key":"Torii"},{"floor":23,"key":"Potion Belt"},{"floor":26,"key":"Happy Flower"},{"floor":27,"key":"Lantern"},{"floor":40,"key":"Bottled Flame"},{"floor":43,"key":"Smiling Mask"}],"event_choices":[{"damage_healed":0,"gold_gain":0,"player_choice":"Relic","damage_taken":0,"max_hp_gain":0,"max_hp_loss":0,"event_name":"Wheel of Change","floor":5,"gold_loss":0},{"damage_healed":0,"gold_gain":0,"cards_transformed":["Strike_R"],"player_choice":"Change","damage_taken":0,"max_hp_gain":0,"max_hp_loss":0,"event_name":"Living Wall","floor":13,"gold_loss":0,"cards_obtained":["Searing Blow"]},{"cards_removed":["Bash"],"damage_healed":0,"gold_gain":0,"player_choice":"Gave Gold","damage_taken":0,"max_hp_gain":0,"max_hp_loss":0,"event_name":"Beggar","floor":19,"gold_loss":75},{"damage_healed":0,"gold_gain":0,"cards_transformed":["Havoc"],"player_choice":"Transformed","damage_taken":0,"max_hp_gain":0,"max_hp_loss":0,"event_name":"Transmorgrifier","floor":20,"gold_loss":0,"cards_obtained":["Burning Pact"]},{"damage_healed":0,"gold_gain":0,"player_choice":"Paid","damage_taken":0,"relics_obtained":["Red Mask"],"max_hp_gain":0,"max_hp_loss":0,"event_name":"Tomb of Lord Red Mask","floor":36,"gold_loss":232},{"damage_healed":0,"gold_gain":0,"player_choice":"Max HP","damage_taken":0,"max_hp_gain":0,"max_hp_loss":5,"event_name":"Winding Halls","floor":37,"gold_loss":0},{"cards_removed":["Dual Wield"],"damage_healed":0,"gold_gain":0,"player_choice":"Purged","damage_taken":0,"max_hp_gain":0,"max_hp_loss":0,"event_name":"Purifier","floor":39,"gold_loss":0},{"damage_healed":0,"gold_gain":0,"player_choice":"Upgrade","damage_taken":0,"relics_obtained":["Mark of the Bloom"],"max_hp_gain":0,"max_hp_loss":0,"event_name":"MindBloom","floor":48,"gold_loss":0,"cards_upgraded":["Cleave","Shrug It Off","Immolate","Dropkick","Searing Blow","Reaper","Feed","Carnage","Metallicize","Searing Blow","Flame Barrier","Inflame","Thunderclap","Flame Barrier","Impervious","Inflame","Iron Wave"]}],"is_beta":false,"boss_relics":[{"not_picked":["Tiny House","Mark of Pain"],"picked":"Pandora\u0027s Box"},{"not_picked":["White Beast Statue","Lizard Tail"],"picked":"Busted Crown"}],"items_purged_floors":[22,30,46],"is_endless":false,"potions_floor_spawned":[1,7,14,16,23,25,27,33,35,38,45],"ascension_level":6}