{"gold_per_floor":[217,227,227,239,253,253,284,301,301,301,451,481,496,284,284,360,360,379,391,391,391,19,19,46,46,97,115,115,127,127,228,228,301,301,321,335,385,398,411,411,461,487,510,527,677,689,739,751,751,751],"floor_reached":51,"playtime":2821,"items_purged":["Regret","Writhe"],"score":1330,"play_id":"1b39894c-6abf-4a66-a0fd-7a78f6bfdc2f","local_time":"20190618210802","is_ascension_mode":true,"campfire_choices":[{"data":"Bouncing Flask","floor":6,"key":"SMITH"},{"floor":10,"key":"REST"},{"data":"After Image","floor":15,"key":"SMITH"},{"data":"Bullet Time","floor":23,"key":"SMITH"},{"floor":30,"key":"REST"},{"data":"Noxious Fumes","floor":32,"key":"SMITH"},{"data":"Bullet Time","floor":40,"key":"SMITH"},{"floor":49,"key":"REST"}],"neow_cost":"NONE","seed_source_timestamp":509782530732617,"circlet_count":0,"master_deck":["AscendersBane","Defend_G+1","Defend_G+1","Defend_G+1","Defend_G+1","Defend_G+1","Strike_G+1","Strike_G+1","Strike_G+1","Strike_G+1","Survivor","Neutralize","Sucker Punch","Well Laid Plans","Bouncing Flask+1","Sucker Punch","Crippling Poison","Backflip","After Image+1","Deflect","Bullet Time+1","Apotheosis","Venomology","Noxious Fumes+1","Corpse Explosion","Bullet Time+1","Parasite","Bouncing Flask+1","Eviscerate","Crippling Poison","Skewer","Leg Sweep+1","Acrobatics+1"],"relics":["Ring of the Snake","Lantern","Bronze Scales","Vajra","Snecko Eye","Meat on the Bone","Juzu Bracelet","Spirit Poop","Potion Belt","SsserpentHead","Ancient Tea Set","White Beast Statue","Torii","Dream Catcher","Orichalcum","Du-Vu Doll"],"potions_floor_usage":[4,5,8,24,24,27,29,33,33,35,36,36,38,38,42,42,42,42,50,50,50,50,50],"damage_taken":[{"damage":0,"enemies":"2 Louse","floor":1,"turns":4},{"damage":1,"enemies":"Small Slimes","floor":2,"turns":4},{"damage":1,"enemies":"Jaw Worm","floor":4,"turns":3},{"damage":2,"enemies":"Looter","floor":5,"turns":5},{"damage":24,"enemies":"Lagavulin","floor":7,"turns":7},{"damage":2,"enemies":"Exordium Wildlife","floor":8,"turns":2},{"damage":18,"enemies":"Exordium Thugs","floor":13,"turns":4},{"damage":7,"enemies":"Hexaghost","floor":16,"turns":9},{"damage":6,"enemies":"Shell Parasite","floor":18,"turns":4},{"damage":6,"enemies":"Chosen","floor":19,"turns":4},{"damage":0,"enemies":"Gremlin Leader","floor":24,"turns":8},{"damage":22,"enemies":"Shelled Parasite and Fungi","floor":27,"turns":6},{"damage":16,"enemies":"Cultist and Chosen","floor":29,"turns":6},{"damage":13,"enemies":"Automaton","floor":33,"turns":10},{"damage":20,"enemies":"3 Darklings","floor":35,"turns":3},{"damage":0,"enemies":"Orb Walker","floor":36,"turns":4},{"damage":6,"enemies":"Sphere and 2 Shapes","floor":38,"turns":6},{"damage":0,"enemies":"Writhing Mass","floor":39,"turns":7},{"damage":1,"enemies":"Reptomancer","floor":42,"turns":5},{"damage":1,"enemies":"4 Shapes","floor":44,"turns":2},{"damage":0,"enemies":"Mind Bloom Boss Battle","floor":45,"turns":5},{"damage":0,"enemies":"3 Darklings","floor":46,"turns":1},{"damage":1,"enemies":"Sphere and 2 Shapes","floor":48,"turns":3},{"damage":56,"enemies":"Time Eater","floor":50,"turns":12}],"seed_played":"-7597787066083356890","potions_obtained":[{"floor":2,"key":"GamblersBrew"},{"floor":4,"key":"Dexterity Potion"},{"floor":7,"key":"AttackPotion"},{"floor":19,"key":"Dexterity Potion"},{"floor":29,"key":"SkillPotion"},{"floor":35,"key":"Poison Potion"},{"floor":36,"key":"FearPotion"},{"floor":38,"key":"Energy Potion"},{"floor":39,"key":"SkillPotion"},{"floor":42,"key":"PowerPotion"},{"floor":44,"key":"Poison Potion"},{"floor":48,"key":"Swift Potion"}],"is_trial":false,"path_per_floor":["M","M","?","M","M","R","E","M","T","R","?","?","M","$","R","B",null,"M","M","?","?","$","R","E","?","T","M","?","M","R","T","R","B",null,"M","M","?","M","M","R","T","E","T","M","?","M","?","M","R","B",null],"character_chosen":"THE_SILENT","items_purchased":["After Image","Deflect","Apotheosis","PowerPotion"],"campfire_rested":3,"item_purchase_floors":[14,14,22,22],"current_hp_per_floor":[59,58,58,57,55,55,31,29,29,48,48,48,30,30,30,23,55,49,43,43,43,43,43,43,43,43,33,33,29,48,48,48,35,58,38,38,38,44,44,44,44,43,43,42,42,42,42,41,60,31],"gold":751,"neow_bonus":"HUNDRED_GOLD","is_prod":false,"is_daily":false,"chose_seed":false,"campfire_upgraded":5,"win_rate":0,"timestamp":1560917282,"path_taken":["M","M","?","M","M","R","E","M","T","R","?","?","M","$","R","BOSS","M","M","?","?","?","R","E","?","T","M","?","M","R","?","R","BOSS","M","M","?","M","M","R","?","E","T","M","?","M","?","M","R","BOSS"],"build_version":"2019-01-23","purchased_purges":2,"victory":true,"max_hp_per_floor":[66,66,66,66,66,66,66,66,66,66,66,66,66,66,66,66,66,66,66,66,66,66,66,66,66,66,66,66,66,66,66,66,66,66,66,66,66,66,66,66,66,66,66,66,66,66,66,66,66,66],"card_choices":[{"not_picked":["Bane","Underhanded Strike"],"picked":"Dagger Spray","floor":1},{"not_picked":["Expertise","Infinite Blades"],"picked":"Sucker Punch","floor":2},{"not_picked":["Eviscerate","Concentrate"],"picked":"Well Laid Plans","floor":4},{"not_picked":["Deflect","Dodge and Roll"],"picked":"Bouncing Flask","floor":5},{"not_picked":["Tactician","Masterful Stab"],"picked":"Sucker Punch","floor":7},{"not_picked":["Deflect","Bane"],"picked":"Crippling Poison","floor":8},{"not_picked":["Sucker Punch","Dagger Spray"],"picked":"Backflip","floor":13},{"not_picked":["Wraith Form v2","Malaise"],"picked":"Bullet Time","floor":16},{"not_picked":["Distraction","Heel Hook","Slice"],"picked":"SKIP","floor":18},{"not_picked":["Deflect","Dodge and Roll+1","Infinite Blades"],"picked":"SKIP","floor":19},{"not_picked":["Endless Agony","Accuracy"],"picked":"Venomology","floor":24},{"not_picked":["Cloak And Dagger","Flying Knee","Deflect"],"picked":"SKIP","floor":27},{"not_picked":["Prepared+1","Flying Knee"],"picked":"Noxious Fumes","floor":29},{"not_picked":["Grand Finale","A Thousand Cuts"],"picked":"Corpse Explosion","floor":33},{"not_picked":["Slice+1","Blade Dance","Tactician+1"],"picked":"SKIP","floor":35},{"not_picked":["Sucker Punch+1","Underhanded Strike+1"],"picked":"Bullet Time","floor":36},{"not_picked":["Expertise","Eviscerate","Bane"],"picked":"SKIP","floor":38},{"not_picked":["Well Laid Plans","Masterful Stab"],"picked":"Bouncing Flask+1","floor":39},{"not_picked":["Bane","Backstab"],"picked":"Eviscerate","floor":42},{"not_picked":["All Out Attack","Deadly Poison"],"picked":"Crippling Poison","floor":44},{"not_picked":["PiercingWail","All Out Attack"],"picked":"Skewer","floor":45},{"not_picked":["PiercingWail","Flying Knee","Prepared"],"picked":"SKIP","floor":46},{"not_picked":["Prepared+1","Backflip"],"picked":"Leg Sweep+1","floor":48},{"not_picked":["Reflex","Expertise"],"picked":"Acrobatics+1","floor":49}],"player_experience":1036311,"relics_obtained":[{"floor":7,"key":"Bronze Scales"},{"floor":9,"key":"Vajra"},{"floor":24,"key":"Juzu Bracelet"},{"floor":26,"key":"Potion Belt"},{"floor":31,"key":"Ancient Tea Set"},{"floor":41,"key":"Torii"},{"floor":42,"key":"Dream Catcher"},{"floor":43,"key":"Orichalcum"},{"floor":45,"key":"Du-Vu Doll"}],"event_choices":[{"damage_healed":0,"gold_gain":0,"player_choice":"Box","damage_taken":0,"relics_obtained":["Lantern"],"max_hp_gain":0,"max_hp_loss":0,"event_name":"Big Fish","floor":3,"gold_loss":0,"cards_obtained":["Regret"]},{"damage_healed":0,"gold_gain":150,"player_choice":"AGREE","damage_taken":0,"max_hp_gain":0,"max_hp_loss":0,"event_name":"Liars Game","floor":11,"gold_loss":0,"cards_obtained":["Doubt"]},{"damage_healed":0,"gold_gain":30,"player_choice":"Searched \u00271\u0027 times","damage_taken":0,"max_hp_gain":0,"max_hp_loss":0,"event_name":"Dead Adventurer","floor":12,"gold_loss":0},{"damage_healed":0,"gold_gain":0,"player_choice":"Simplicity","damage_taken":0,"max_hp_gain":0,"max_hp_loss":0,"event_name":"Back to Basics","floor":20,"gold_loss":0,"cards_upgraded":["Defend_G","Defend_G","Defend_G","Defend_G","Defend_G","Strike_G","Strike_G","Strike_G","Strike_G","Strike_G"]},{"damage_healed":0,"gold_gain":0,"player_choice":"Opened","damage_taken":0,"relics_obtained":["Meat on the Bone"],"max_hp_gain":0,"max_hp_loss":0,"event_name":"The Mausoleum","floor":21,"gold_loss":0,"cards_obtained":["Writhe"]},{"cards_removed":["Doubt"],"damage_healed":0,"gold_gain":0,"player_choice":"Offered Curse","damage_taken":0,"relics_obtained":["Spirit Poop"],"max_hp_gain":0,"max_hp_loss":0,"event_name":"Bonfire Elementals","floor":25,"gold_loss":0},{"damage_healed":0,"gold_gain":0,"player_choice":"Trade","damage_taken":0,"relics_obtained":["SsserpentHead"],"max_hp_gain":0,"max_hp_loss":0,"event_name":"FaceTrader","floor":28,"gold_loss":0},{"cards_removed":["Strike_G"],"damage_healed":0,"gold_gain":0,"player_choice":"Removed Attack","damage_taken":0,"max_hp_gain":0,"max_hp_loss":0,"event_name":"Falling","floor":37,"gold_loss":0},{"damage_healed":0,"gold_gain":0,"player_choice":"Fight","damage_taken":0,"max_hp_gain":0,"max_hp_loss":0,"event_name":"MindBloom","floor":45,"gold_loss":0},{"cards_removed":["Dagger Spray"],"damage_healed":0,"gold_gain":0,"player_choice":"Purged","damage_taken":0,"max_hp_gain":0,"max_hp_loss":0,"event_name":"Purifier","floor":47,"gold_loss":0}],"is_beta":false,"boss_relics":[{"not_picked":["Empty Cage","Lizard Tail"],"picked":"Snecko Eye"},{"not_picked":["Coffee Dripper","HoveringKite"],"picked":"White Beast Statue"}],"items_purged_floors":[14,22],"is_endless":false,"potions_floor_spawned":[2,4,7,19,29,35,36,38,39,42,44,45,46,48],"ascension_level":18}