{"gold_per_floor":[209,220,220,230,242,242,274,292,292,38,58,58,83,96,96,170,170,183,108,108,126,41,374,374,402,402,430,430,444,369,403,403,481,481,500,500,520,620,620,620,634,634,687,46,100,125,143,178,178,178,178],"floor_reached":52,"playtime":2885,"items_purged":["Strike_R","Strike_R"],"score":2406,"play_id":"6d0d84bd-cc2d-4e7b-9b03-16cd84d8b7ad","local_time":"20190621003449","is_ascension_mode":true,"campfire_choices":[{"data":"Bash","floor":6,"key":"SMITH"},{"floor":12,"key":"REST"},{"data":"Corruption","floor":15,"key":"SMITH"},{"floor":24,"key":"REST"},{"floor":28,"key":"REST"},{"floor":32,"key":"REST"},{"floor":42,"key":"REST"},{"floor":49,"key":"REST"}],"neow_cost":"NONE","seed_source_timestamp":604305911517222,"circlet_count":0,"master_deck":["AscendersBane","Strike_R","Defend_R","Defend_R","Defend_R","Defend_R","Bash+1","True Grit","Spot Weakness","Iron Wave","Ghostly Armor","Twin Strike","Shrug It Off","Sword Boomerang","Shrug It Off","Inflame","Corruption+1","Disarm","Barricade","Body Slam","Dark Embrace","Burning Pact","Shrug It Off","Sever Soul","Havoc","Shrug It Off","Battle Trance","Shockwave","Fiend Fire+1","Shrug It Off+1","Sentinel","Disarm+1","Flame Barrier","Offering","Apotheosis","Pummel+1","Entrench+1"],"relics":["Burning Blood","StoneCalendar","WingedGreaves","Happy Flower","Dead Branch","Fusion Hammer","Old Coin","Incense Burner","Molten Egg 2","Omamori","Matryoshka","Black Star","Ice Cream","Ancient Tea Set","Pantograph","Letter Opener","Oddly Smooth Stone","Anchor","Nunchaku","Pear","Self Forming Clay","Art of War","Mercury Hourglass"],"potions_floor_usage":[7,23,40,48],"damage_taken":[{"damage":7,"enemies":"2 Louse","floor":1,"turns":4},{"damage":6,"enemies":"Cultist","floor":2,"turns":3},{"damage":2,"enemies":"Jaw Worm","floor":4,"turns":3},{"damage":3,"enemies":"2 Fungi Beasts","floor":5,"turns":4},{"damage":43,"enemies":"Gremlin Nob","floor":7,"turns":5},{"damage":14,"enemies":"Blue Slaver","floor":8,"turns":4},{"damage":18,"enemies":"3 Louse","floor":11,"turns":5},{"damage":20,"enemies":"Lagavulin","floor":13,"turns":7},{"damage":0,"enemies":"Exordium Wildlife","floor":14,"turns":2},{"damage":13,"enemies":"Hexaghost","floor":16,"turns":5},{"damage":3,"enemies":"3 Byrds","floor":18,"turns":4},{"damage":0,"enemies":"2 Thieves","floor":21,"turns":2},{"damage":3,"enemies":"Book of Stabbing","floor":23,"turns":5},{"damage":31,"enemies":"Gremlin Leader","floor":25,"turns":4},{"damage":3,"enemies":"Book of Stabbing","floor":27,"turns":4},{"damage":0,"enemies":"Snecko","floor":29,"turns":3},{"damage":62,"enemies":"Slavers","floor":31,"turns":5},{"damage":29,"enemies":"Automaton","floor":33,"turns":10},{"damage":8,"enemies":"3 Shapes","floor":35,"turns":4},{"damage":12,"enemies":"Orb Walker","floor":37,"turns":3},{"damage":6,"enemies":"Mind Bloom Boss Battle","floor":38,"turns":3},{"damage":4,"enemies":"Reptomancer","floor":40,"turns":2},{"damage":1,"enemies":"3 Darklings","floor":41,"turns":3},{"damage":12,"enemies":"2 Orb Walkers","floor":45,"turns":3},{"damage":6,"enemies":"Giant Head","floor":46,"turns":4},{"damage":12,"enemies":"Sphere and 2 Shapes","floor":47,"turns":1},{"damage":51,"enemies":"Reptomancer","floor":48,"turns":4},{"damage":6,"enemies":"Time Eater","floor":50,"turns":5},{"damage":52,"enemies":"Donu and Deca","floor":51,"turns":7}],"seed_played":"-3652703875075676688","potions_obtained":[{"floor":4,"key":"Block Potion"},{"floor":11,"key":"Ancient Potion"},{"floor":13,"key":"GamblersBrew"},{"floor":23,"key":"SmokeBomb"},{"floor":45,"key":"GamblersBrew"},{"floor":47,"key":"PowerPotion"}],"is_trial":false,"path_per_floor":["M","M","?","M","M","R","E","M","T","$","M","R","E","M","R","B",null,"M","?","?","M","$","E","R","E","T","E","R","M","$","E","R","B",null,"M","?","M","?","T","E","M","R","T","$","?","E","M","E","R","B","B",null],"character_chosen":"IRONCLAD","items_purchased":["Sword Boomerang","Shrug It Off","Happy Flower","Sever Soul","Offering","Apotheosis","Anchor"],"campfire_rested":6,"item_purchase_floors":[10,10,10,22,44,44,44],"current_hp_per_floor":[67,67,60,64,67,67,30,22,22,22,10,32,18,24,24,17,61,64,64,64,70,70,73,75,50,50,53,75,75,75,19,41,18,61,59,59,53,53,53,55,60,71,71,71,65,75,69,24,48,73,35],"gold":178,"neow_bonus":"HUNDRED_GOLD","is_prod":false,"is_daily":false,"chose_seed":false,"campfire_upgraded":2,"win_rate":0,"timestamp":1561091689,"path_taken":["M","M","?","M","M","R","E","M","T","$","M","R","E","M","R","BOSS","M","?","?","?","$","E","R","E","T","E","R","?","$","E","R","BOSS","M","?","M","?","?","E","M","R","T","$","?","E","M","E","R","BOSS","BOSS"],"build_version":"2019-01-23","purchased_purges":2,"victory":true,"max_hp_per_floor":[75,75,75,75,75,75,75,75,75,75,75,75,75,75,75,75,75,75,75,75,75,75,75,75,75,75,75,75,75,75,75,75,75,75,75,71,71,71,71,71,71,71,71,71,71,81,81,81,81,81,81],"card_choices":[{"not_picked":["Thunderclap","Sword Boomerang"],"picked":"True Grit","floor":1},{"not_picked":["Cleave","Anger"],"picked":"Spot Weakness","floor":2},{"not_picked":["Hemokinesis","Clothesline"],"picked":"Iron Wave","floor":4},{"not_picked":["Body Slam","Clash"],"picked":"Ghostly Armor","floor":5},{"not_picked":["Fire Breathing","Rage"],"picked":"Twin Strike","floor":7},{"not_picked":["Burning Pact","Intimidate"],"picked":"Shrug It Off","floor":8},{"not_picked":["Reckless Charge","Flex"],"picked":"Inflame","floor":11},{"not_picked":["Infernal Blade","Juggernaut"],"picked":"Corruption","floor":13},{"not_picked":["Anger","Warcry"],"picked":"Disarm","floor":14},{"not_picked":["Double Tap","Immolate"],"picked":"Barricade","floor":16},{"not_picked":["Clothesline","Wild Strike"],"picked":"Body Slam","floor":18},{"not_picked":["Thunderclap","Rupture"],"picked":"Shrug It Off","floor":21},{"not_picked":["Dropkick","Anger"],"picked":"Havoc","floor":23},{"not_picked":["Rage","Wild Strike"],"picked":"Shrug It Off","floor":25},{"not_picked":["Thunderclap+1","Headbutt+1"],"picked":"Battle Trance","floor":27},{"not_picked":["Brutality","Rampage+1","Ghostly Armor"],"picked":"SKIP","floor":29},{"not_picked":["Armaments","Sever Soul+1"],"picked":"Shockwave","floor":31},{"not_picked":["Dark Embrace","Double Tap"],"picked":"Fiend Fire+1","floor":33},{"not_picked":["Infernal Blade","Anger+1"],"picked":"Shrug It Off+1","floor":35},{"not_picked":["Uppercut+1","Rupture"],"picked":"Sentinel","floor":37},{"not_picked":["Sword Boomerang+1","Flex"],"picked":"Disarm+1","floor":38},{"not_picked":["Clothesline+1","Havoc+1"],"picked":"Flame Barrier","floor":41},{"not_picked":["Body Slam+1","Twin Strike+1"],"picked":"Pummel+1","floor":46},{"not_picked":["Iron Wave+1","Dual Wield","Searing Blow+1"],"picked":"SKIP","floor":47},{"not_picked":["Flame Barrier","Whirlwind+1"],"picked":"Entrench+1","floor":48}],"player_experience":946652,"relics_obtained":[{"floor":7,"key":"StoneCalendar"},{"floor":9,"key":"WingedGreaves"},{"floor":13,"key":"Dead Branch"},{"floor":23,"key":"Old Coin"},{"floor":25,"key":"Incense Burner"},{"floor":26,"key":"Molten Egg 2"},{"floor":27,"key":"Omamori"},{"floor":31,"key":"Matryoshka"},{"floor":38,"key":"Ice Cream"},{"floor":39,"key":"Ancient Tea Set"},{"floor":39,"key":"Pantograph"},{"floor":43,"key":"Letter Opener"},{"floor":43,"key":"Oddly Smooth Stone"},{"floor":45,"key":"Nunchaku"},{"floor":46,"key":"Pear"},{"floor":46,"key":"Self Forming Clay"},{"floor":48,"key":"Art of War"},{"floor":48,"key":"Mercury Hourglass"}],"event_choices":[{"cards_removed":["Strike_R"],"damage_healed":0,"gold_gain":0,"player_choice":"Card Removal","damage_taken":7,"max_hp_gain":0,"max_hp_loss":0,"event_name":"Golden Wing","floor":3,"gold_loss":0},{"cards_removed":["Strike_R"],"damage_healed":0,"gold_gain":0,"player_choice":"Gave Gold","damage_taken":0,"max_hp_gain":0,"max_hp_loss":0,"event_name":"Beggar","floor":19,"gold_loss":75},{"damage_healed":0,"gold_gain":0,"player_choice":"2 cards matched","damage_taken":0,"max_hp_gain":0,"max_hp_loss":0,"event_name":"Match and Keep!","floor":20,"gold_loss":0,"cards_obtained":["Dark Embrace","Burning Pact"]},{"damage_healed":0,"gold_gain":0,"player_choice":"Max HP","damage_taken":0,"max_hp_gain":0,"max_hp_loss":4,"event_name":"Winding Halls","floor":36,"gold_loss":0},{"damage_healed":0,"gold_gain":0,"player_choice":"Fight","damage_taken":0,"max_hp_gain":0,"max_hp_loss":0,"event_name":"MindBloom","floor":38,"gold_loss":0},{"damage_healed":0,"gold_gain":0,"player_choice":"Fight","damage_taken":0,"max_hp_gain":0,"max_hp_loss":0,"event_name":"Mysterious Sphere","floor":45,"gold_loss":0}],"is_beta":false,"boss_relics":[{"not_picked":["Philosopher\u0027s Stone","Runic Pyramid"],"picked":"Fusion Hammer"},{"not_picked":["Pandora\u0027s Box","Lizard Tail"],"picked":"Black Star"}],"items_purged_floors":[30,44],"is_endless":false,"potions_floor_spawned":[4,11,13,14,18,23,27,31,37,45,47],"ascension_level":20}