{"gold_per_floor":[159,173,12,12,12,12,45,9,9,9,52,66,84,102,102,102],"floor_reached":16,"playtime":525,"items_purged":["Strike_B"],"score":198,"play_id":"f085a737-9150-4188-8118-7a2798bfc42e","local_time":"20190602144620","is_ascension_mode":true,"campfire_choices":[{"data":"Consume","floor":6,"key":"SMITH"},{"floor":15,"key":"REST"}],"neow_cost":"NONE","seed_source_timestamp":0,"circlet_count":0,"master_deck":["AscendersBane","Strike_B+1","Strike_B","Strike_B","Defend_B","Defend_B","Defend_B","Defend_B","Zap","Dualcast","Stack","Barrage","Ball Lightning","Consume+1","Coolheaded","White Noise","Sunder"],"special_seed":0,"relics":["Tiny House","Golden Idol","Mercury Hourglass","Shuriken","Bronze Scales"],"potions_floor_usage":[11,11,14,16],"damage_taken":[{"damage":7,"enemies":"Small Slimes","floor":1,"turns":4},{"damage":4,"enemies":"2 Louse","floor":2,"turns":3},{"damage":34,"enemies":"3 Sentries","floor":7,"turns":7},{"damage":1,"enemies":"Lagavulin","floor":11,"turns":6},{"damage":5,"enemies":"Jaw Worm","floor":12,"turns":3},{"damage":8,"enemies":"Exordium Thugs","floor":13,"turns":3},{"damage":0,"enemies":"Large Slime","floor":14,"turns":3},{"damage":32,"enemies":"Hexaghost","floor":16,"turns":7}],"seed_played":"859365691213246248","potions_obtained":[{"floor":0.0,"key":"EssenceOfSteel"},{"floor":1,"key":"Energy Potion"},{"floor":7,"key":"Weak Potion"},{"floor":11,"key":"Block Potion"},{"floor":13,"key":"GamblersBrew"}],"is_trial":false,"path_per_floor":["M","M","$","?","?","R","E","$","T","?","E","M","M","M","R","B"],"character_chosen":"DEFECT","items_purchased":["Consume","White Noise"],"campfire_rested":1,"item_purchase_floors":[3,8],"current_hp_per_floor":[62,58,58,58,58,58,24,24,24,24,23,18,10,10,30,0],"gold":102,"neow_bonus":"BOSS_RELIC","is_prod":false,"is_daily":false,"chose_seed":false,"campfire_upgraded":1,"win_rate":0,"timestamp":1559511980,"path_taken":["M","M","$","?","?","R","E","$","T","?","E","M","M","M","R","BOSS"],"build_version":"2019-01-23","purchased_purges":1,"victory":false,"max_hp_per_floor":[76,76,76,69,69,69,69,69,69,69,69,69,69,69,69,69],"card_choices":[{"not_picked":["Chill","Blizzard"],"picked":"Stack","floor":0.0},{"not_picked":["Compile Driver","Redo"],"picked":"Barrage","floor":1},{"not_picked":["Doom and Gloom","Go for the Eyes"],"picked":"Ball Lightning","floor":2},{"not_picked":["Hyperbeam","Reprogram"],"picked":"Coolheaded","floor":7},{"not_picked":["Gash","Turbo"],"picked":"Sunder","floor":11},{"not_picked":["Darkness","Redo","Beam Cell"],"picked":"SKIP","floor":12},{"not_picked":["Sweeping Beam","Rip and Tear","Double Energy"],"picked":"SKIP","floor":13},{"not_picked":["Force Field","Sweeping Beam","Streamline"],"picked":"SKIP","floor":14}],"player_experience":937732,"relics_obtained":[{"floor":7,"key":"Mercury Hourglass"},{"floor":9,"key":"Shuriken"},{"floor":11,"key":"Bronze Scales"}],"event_choices":[{"damage_healed":0,"gold_gain":0,"player_choice":"Lose Max HP","damage_taken":0,"relics_obtained":["Golden Idol"],"max_hp_gain":0,"max_hp_loss":7,"event_name":"Golden Idol","floor":4,"gold_loss":0},{"damage_healed":0,"gold_gain":0,"player_choice":"Leave","damage_taken":0,"max_hp_gain":0,"max_hp_loss":0,"event_name":"The Cleric","floor":5,"gold_loss":0},{"damage_healed":0,"gold_gain":0,"player_choice":"Fled","damage_taken":0,"max_hp_gain":0,"max_hp_loss":0,"event_name":"Scrap Ooze","floor":10,"gold_loss":0}],"is_beta":false,"boss_relics":[],"items_purged_floors":[3],"is_endless":false,"potions_floor_spawned":[1,7,11,13],"killed_by":"Hexaghost","ascension_level":16}