{"gold_per_floor":[109,122,122,134,26,26,46,110,137,137,137,52,52,65,65,138,138,154,154,165,182,182,182,182,195,277,202,202,202,213,213],"floor_reached":31,"playtime":1245,"items_purged":[],"score":450,"play_id":"b86a6c6f-dfce-4043-b268-3aced32f2b71","local_time":"20190618200515","is_ascension_mode":true,"campfire_choices":[{"data":"Panacea","floor":6,"key":"SMITH"},{"floor":10,"key":"REST"},{"data":"Night Terror","floor":15,"key":"SMITH"},{"floor":23,"key":"REST"},{"floor":29,"key":"REST"}],"neow_cost":"NONE","seed_source_timestamp":507599587060079,"circlet_count":0,"master_deck":["AscendersBane","Defend_G","Defend_G","Defend_G","Defend_G","Defend_G","Strike_G","Strike_G","Survivor","Neutralize","Riddle With Holes","Deadly Poison","Backflip","Panacea+1","Skewer","Night Terror+1","Caltrops","Backflip","After Image+1","All Out Attack+1","Caltrops","Backflip","Dagger Throw"],"relics":["Ring of the Snake","NeowsBlessing","Tiny Chest","Lantern","Snake Skull","Velvet Choker","Dodecahedron","Anchor"],"potions_floor_usage":[8,8,18,21,24,30],"damage_taken":[{"damage":0,"enemies":"Small Slimes","floor":1,"turns":1},{"damage":0,"enemies":"Jaw Worm","floor":2,"turns":1},{"damage":0,"enemies":"2 Louse","floor":4,"turns":1},{"damage":0,"enemies":"2 Fungi Beasts","floor":7,"turns":4},{"damage":27,"enemies":"Gremlin Nob","floor":8,"turns":5},{"damage":17,"enemies":"Lots of Slimes","floor":14,"turns":6},{"damage":42,"enemies":"The Guardian","floor":16,"turns":10},{"damage":10,"enemies":"3 Byrds","floor":18,"turns":4},{"damage":14,"enemies":"2 Thieves","floor":20,"turns":5},{"damage":11,"enemies":"Centurion and Healer","floor":21,"turns":12},{"damage":0,"enemies":"Sentry and Sphere","floor":24,"turns":1},{"damage":12,"enemies":"Snake Plant","floor":25,"turns":5},{"damage":25,"enemies":"Snecko","floor":30,"turns":7},{"damage":19,"enemies":"3 Cultists","floor":31,"turns":3}],"seed_played":"-6779512224866172906","potions_obtained":[{"floor":2,"key":"FearPotion"},{"floor":4,"key":"Fire Potion"},{"floor":7,"key":"Dexterity Potion"},{"floor":16,"key":"PowerPotion"},{"floor":20,"key":"SkillPotion"},{"floor":21,"key":"SmokeBomb"},{"floor":25,"key":"AttackPotion"}],"is_trial":false,"path_per_floor":["M","M","?","M","$","R","M","E","T","R","?","$","T","M","R","B",null,"M","?","M","M","?","R","M","M","T","?","T","R","M","M"],"character_chosen":"THE_SILENT","items_purchased":["Panacea","Caltrops"],"campfire_rested":3,"item_purchase_floors":[5,12],"current_hp_per_floor":[59,59,52,52,52,52,52,25,25,44,66,66,66,49,49,7,51,41,41,27,16,16,35,35,23,23,23,23,42,17,0],"gold":213,"neow_bonus":"THREE_ENEMY_KILL","is_prod":false,"is_daily":false,"chose_seed":false,"campfire_upgraded":2,"win_rate":0,"timestamp":1560913515,"path_taken":["M","M","?","M","$","R","M","E","T","R","?","?","?","M","R","BOSS","M","?","M","M","?","R","M","?","T","?","?","R","?","M"],"build_version":"2019-01-23","purchased_purges":0,"victory":false,"max_hp_per_floor":[66,66,66,66,66,66,66,66,66,66,66,66,66,66,66,66,66,66,66,66,66,66,66,66,66,66,66,66,66,66,66],"card_choices":[{"not_picked":["Sucker Punch","Deflect"],"picked":"Riddle With Holes","floor":1},{"not_picked":["Calculated Gamble","Outmaneuver"],"picked":"Deadly Poison","floor":2},{"not_picked":["Flying Knee","PiercingWail"],"picked":"Backflip","floor":4},{"not_picked":["Calculated Gamble","Acrobatics"],"picked":"Skewer","floor":7},{"not_picked":["Setup","Outmaneuver"],"picked":"Night Terror","floor":8},{"not_picked":["Slice","Quick Slash"],"picked":"Backflip","floor":14},{"not_picked":["Phantasmal Killer","Envenom"],"picked":"After Image","floor":16},{"not_picked":["Choke","Underhanded Strike"],"picked":"All Out Attack+1","floor":18},{"not_picked":["Underhanded Strike","PiercingWail","Masterful Stab+1"],"picked":"SKIP","floor":20},{"not_picked":["Bane","Slice","Underhanded Strike"],"picked":"SKIP","floor":21},{"not_picked":["Slice+1","Tactician"],"picked":"Backflip","floor":25},{"not_picked":["Tools of the Trade","Riddle With Holes"],"picked":"Dagger Throw","floor":30}],"player_experience":1034169,"relics_obtained":[{"floor":8,"key":"Tiny Chest"},{"floor":9,"key":"Lantern"},{"floor":13,"key":"Snake Skull"},{"floor":26,"key":"Dodecahedron"},{"floor":28,"key":"Anchor"}],"event_choices":[{"cards_removed":["Strike_G"],"damage_healed":0,"gold_gain":0,"player_choice":"Card Removal","damage_taken":7,"max_hp_gain":0,"max_hp_loss":0,"event_name":"Golden Wing","floor":3,"gold_loss":0},{"damage_healed":22,"gold_gain":0,"player_choice":"Banana","damage_taken":0,"max_hp_gain":0,"max_hp_loss":0,"event_name":"Big Fish","floor":11,"gold_loss":0},{"damage_healed":0,"gold_gain":0,"cards_transformed":["Strike_G","Strike_G"],"player_choice":"Became Test Subject","damage_taken":0,"max_hp_gain":0,"max_hp_loss":0,"event_name":"Drug Dealer","floor":19,"gold_loss":0,"cards_obtained":["Caltrops","Masterful Stab"]},{"damage_healed":0,"gold_gain":0,"player_choice":"Forge","damage_taken":0,"max_hp_gain":0,"max_hp_loss":0,"event_name":"Accursed Blacksmith","floor":22,"gold_loss":0,"cards_upgraded":["After Image"]},{"cards_removed":["Masterful Stab"],"damage_healed":0,"gold_gain":0,"player_choice":"Gave Gold","damage_taken":0,"max_hp_gain":0,"max_hp_loss":0,"event_name":"Beggar","floor":27,"gold_loss":75}],"is_beta":false,"boss_relics":[{"not_picked":["Runic Pyramid","Empty Cage"],"picked":"Velvet Choker"}],"items_purged_floors":[],"is_endless":false,"potions_floor_spawned":[2,4,7,16,20,21,24,25],"killed_by":"3 Cultists","ascension_level":18}