{"gold_per_floor":[119,119,132,153,153,153,187,112,112,132,132],"floor_reached":11,"playtime":346,"items_purged":["Strike_R"],"score":88,"play_id":"dca02567-8e97-43eb-86b9-1ca2b23b9e10","local_time":"20190629074809","is_ascension_mode":true,"campfire_choices":[{"data":"Spot Weakness","floor":6,"key":"SMITH"}],"neow_cost":"NONE","seed_source_timestamp":543126751772831,"circlet_count":0,"master_deck":["Strike_R","Strike_R","Strike_R","Strike_R","Defend_R","Defend_R","Defend_R","Defend_R","Bash","Wild Strike","Heavy Blade","Spot Weakness+1","Iron Wave","Dual Wield"],"relics":["Burning Blood","NeowsBlessing","Golden Idol","Dodecahedron","Sundial"],"potions_floor_usage":[7],"damage_taken":[{"damage":0,"enemies":"Small Slimes","floor":1,"turns":1},{"damage":0,"enemies":"2 Louse","floor":3,"turns":1},{"damage":0,"enemies":"Cultist","floor":4,"turns":1},{"damage":25,"enemies":"3 Sentries","floor":7,"turns":7},{"damage":27,"enemies":"Large Slime","floor":10,"turns":6},{"damage":40,"enemies":"Lagavulin","floor":11,"turns":5}],"seed_played":"-809044826980490633","potions_obtained":[{"floor":1,"key":"SteroidPotion"}],"is_trial":false,"path_per_floor":["M","?","M","M","?","R","E","$","T","M","E"],"character_chosen":"IRONCLAD","items_purchased":[],"campfire_rested":0,"item_purchase_floors":[],"current_hp_per_floor":[80,60,66,72,72,72,53,53,53,32,0],"gold":132,"neow_bonus":"THREE_ENEMY_KILL","is_prod":false,"is_daily":false,"chose_seed":false,"campfire_upgraded":1,"win_rate":0,"timestamp":1561819689,"path_taken":["M","?","M","M","?","R","E","$","T","M","E"],"build_version":"2019-01-23","purchased_purges":1,"victory":false,"max_hp_per_floor":[80,80,80,80,80,80,80,80,80,80,80],"card_choices":[{"not_picked":["Sentinel","Clash"],"picked":"Wild Strike","floor":1},{"not_picked":["Rage","True Grit"],"picked":"Heavy Blade","floor":3},{"not_picked":["Entrench","Reaper"],"picked":"Spot Weakness","floor":4},{"not_picked":["Flex","Feel No Pain"],"picked":"Iron Wave","floor":7},{"not_picked":["Twin Strike","Warcry"],"picked":"Dual Wield","floor":10}],"player_experience":511131,"relics_obtained":[{"floor":7,"key":"Dodecahedron"},{"floor":9,"key":"Sundial"}],"event_choices":[{"damage_healed":0,"gold_gain":0,"player_choice":"Take Damage","damage_taken":20,"relics_obtained":["Golden Idol"],"max_hp_gain":0,"max_hp_loss":0,"event_name":"Golden Idol","floor":2,"gold_loss":0},{"damage_healed":0,"gold_gain":0,"player_choice":"Ignored","damage_taken":0,"max_hp_gain":0,"max_hp_loss":0,"event_name":"Liars Game","floor":5,"gold_loss":0}],"is_beta":false,"boss_relics":[],"items_purged_floors":[8],"is_endless":false,"potions_floor_spawned":[1],"killed_by":"Lagavulin","ascension_level":4}