{"gold_per_floor":[112,112,124,141,90,121,7,40,113,113,126,136,136,146,146,222,222,232,252,35,35,35,35],"floor_reached":23,"playtime":827,"items_purged":[],"score":382,"play_id":"ced30b23-800f-4497-959b-f463a36021e6","local_time":"20190619193342","is_ascension_mode":true,"campfire_choices":[{"floor":10,"key":"REST"},{"data":"Defragment","floor":13,"key":"SMITH"},{"data":"Coolheaded","floor":15,"key":"SMITH"}],"neow_cost":"NONE","seed_source_timestamp":592526777563039,"circlet_count":0,"master_deck":["AscendersBane","Strike_B","Strike_B","Strike_B","Defend_B","Defend_B","Defend_B","Zap","Dualcast","Defragment+1","Go for the Eyes","Steam","Ball Lightning","Conserve Battery","Ball Lightning","Coolheaded+1","Streamline","Undo","Ball Lightning","Core Surge","Seek+1","Tempest+1","Reprogram+1","Compile Driver"],"relics":["Cracked Core","NeowsBlessing","Bird Faced Urn","Juzu Bracelet","Bottled Flame","Astrolabe","ClockworkSouvenir"],"potions_floor_usage":[6,12,16,19,23],"damage_taken":[{"damage":0,"enemies":"Jaw Worm","floor":1,"turns":1},{"damage":0,"enemies":"Cultist","floor":3,"turns":1},{"damage":0,"enemies":"Small Slimes","floor":4,"turns":1},{"damage":19,"enemies":"3 Sentries","floor":6,"turns":6},{"damage":54,"enemies":"Gremlin Nob","floor":8,"turns":5},{"damage":0,"enemies":"Exordium Thugs","floor":11,"turns":3},{"damage":4,"enemies":"Red Slaver","floor":12,"turns":3},{"damage":0,"enemies":"Blue Slaver","floor":14,"turns":3},{"damage":12,"enemies":"Hexaghost","floor":16,"turns":9},{"damage":17,"enemies":"2 Thieves","floor":18,"turns":4},{"damage":14,"enemies":"Shell Parasite","floor":19,"turns":5},{"damage":39,"enemies":"Slavers","floor":23,"turns":3}],"seed_played":"6365022236241418732","potions_obtained":[{"floor":2,"key":"Fire Potion"},{"floor":2,"key":"FairyPotion"},{"floor":8,"key":"Ancient Potion"},{"floor":11,"key":"EssenceOfSteel"},{"floor":16,"key":"Fruit Juice"},{"floor":18,"key":"FocusPotion"},{"floor":19,"key":"FearPotion"}],"is_trial":false,"path_per_floor":["M","?","M","M","$","E","$","E","T","R","M","M","R","M","R","B",null,"M","M","$","?","$","E"],"character_chosen":"DEFECT","items_purchased":["Ball Lightning","Ball Lightning","Coolheaded","ClockworkSouvenir"],"campfire_rested":1,"item_purchase_floors":[5,7,7,20],"current_hp_per_floor":[64,64,64,64,64,45,45,7,7,28,30,28,28,28,28,23,63,48,36,36,36,36,0],"gold":35,"neow_bonus":"THREE_ENEMY_KILL","is_prod":false,"is_daily":false,"chose_seed":false,"campfire_upgraded":2,"win_rate":0,"timestamp":1560998022,"path_taken":["M","?","M","?","?","E","$","E","T","R","M","M","R","M","R","BOSS","M","M","$","?","$","E"],"build_version":"2019-01-23","purchased_purges":0,"victory":false,"max_hp_per_floor":[71,71,71,71,71,71,71,71,71,71,71,71,71,71,71,76,76,76,76,76,76,76,76],"card_choices":[{"not_picked":["Leap","Loop"],"picked":"Defragment","floor":1},{"not_picked":["Compile Driver","Barrage"],"picked":"Go for the Eyes","floor":3},{"not_picked":["Turbo","Skim"],"picked":"Steam","floor":4},{"not_picked":["Barrage","Redo"],"picked":"Conserve Battery","floor":6},{"not_picked":["Tempest","Reprogram"],"picked":"Streamline","floor":8},{"not_picked":["Sweeping Beam","Steam Power"],"picked":"Hologram","floor":11},{"not_picked":["Coolheaded","Compile Driver"],"picked":"Undo","floor":12},{"not_picked":["Barrage","Gash"],"picked":"Ball Lightning","floor":14},{"not_picked":["Amplify","All For One"],"picked":"Core Surge","floor":16},{"not_picked":["Go for the Eyes","Redo"],"picked":"Compile Driver","floor":18},{"not_picked":["Blizzard","Skim","Redo"],"picked":"SKIP","floor":19}],"player_experience":1041173,"relics_obtained":[{"floor":6,"key":"Bird Faced Urn"},{"floor":8,"key":"Juzu Bracelet"},{"floor":9,"key":"Bottled Flame"}],"event_choices":[{"damage_healed":0,"gold_gain":0,"player_choice":"Got Potions","damage_taken":0,"max_hp_gain":0,"max_hp_loss":0,"event_name":"Lab","floor":2,"gold_loss":0},{"damage_healed":0,"gold_gain":0,"player_choice":"Ignored","damage_taken":0,"max_hp_gain":0,"max_hp_loss":0,"event_name":"Beggar","floor":21,"gold_loss":0}],"is_beta":false,"boss_relics":[{"not_picked":["Calling Bell","Lizard Tail"],"picked":"Astrolabe"}],"items_purged_floors":[],"is_endless":false,"potions_floor_spawned":[4,8,11,16,18,19],"killed_by":"Slavers","ascension_level":18}