{"gold_per_floor":[116,127,146,165,165,165,165,208,208,208,208,232,257,14,14,133,133,152,172,172],"floor_reached":20,"playtime":1106,"items_purged":[],"score":176,"play_id":"193be825-0896-4091-a73d-39f9cf4ab7b3","local_time":"20190503212848","is_ascension_mode":false,"campfire_choices":[{"data":"Heatsinks","floor":6,"key":"SMITH"},{"floor":10,"key":"REST"},{"data":"Reinforced Body","floor":15,"key":"SMITH"}],"neow_cost":"TEN_PERCENT_HP_LOSS","seed_source_timestamp":475187952553608,"circlet_count":0,"master_deck":["Zap","Dualcast","Reinforced Body+1","Leap","Sweeping Beam","Heatsinks+1","Heatsinks","Genetic Algorithm","Defragment","Creative AI","Loop","Amplify","All For One","Compile Driver","Gash","Lockon","Go for the Eyes","Go for the Eyes","Static Discharge"],"relics":["Cracked Core","Mango","Golden Idol","Bag of Preparation","Gremlin Horn","Chemical X","Pandora\u0027s Box"],"potions_floor_usage":[8,16,18,20,20],"damage_taken":[{"damage":1,"enemies":"2 Louse","floor":1,"turns":3},{"damage":9,"enemies":"Jaw Worm","floor":2,"turns":4},{"damage":0,"enemies":"Cultist","floor":3,"turns":3},{"damage":0,"enemies":"3 Louse","floor":4,"turns":4},{"damage":25,"enemies":"3 Sentries","floor":8,"turns":5},{"damage":4,"enemies":"Large Slime","floor":12,"turns":5},{"damage":0,"enemies":"Red Slaver","floor":13,"turns":4},{"damage":38,"enemies":"The Guardian","floor":16,"turns":13},{"damage":34,"enemies":"Chosen","floor":18,"turns":7},{"damage":31,"enemies":"3 Byrds","floor":19,"turns":5},{"damage":18,"enemies":"Cultist and Chosen","floor":20,"turns":4}],"seed_played":"1074104911625096407","potions_obtained":[{"floor":3,"key":"Swift Potion"},{"floor":4,"key":"Explosive Potion"},{"floor":12,"key":"FocusPotion"},{"floor":16,"key":"Fire Potion"},{"floor":18,"key":"FearPotion"}],"is_trial":false,"path_per_floor":["M","M","M","M","?","R","T","E","T","R","?","M","M","$","R","B",null,"M","M","M"],"character_chosen":"DEFECT","items_purchased":["Defragment","Chemical X"],"campfire_rested":1,"item_purchase_floors":[14,14],"current_hp_per_floor":[81,72,72,72,72,72,72,47,47,69,69,65,65,65,65,27,76,42,11,0],"gold":172,"neow_bonus":"ONE_RARE_RELIC","is_prod":false,"is_daily":false,"chose_seed":false,"campfire_upgraded":2,"win_rate":0,"timestamp":1556944128,"path_taken":["M","M","M","M","?","R","?","E","T","R","?","M","M","$","R","BOSS","M","?","M"],"build_version":"2019-01-23","purchased_purges":0,"victory":false,"max_hp_per_floor":[82,82,82,82,76,76,76,76,76,76,76,76,76,76,76,76,76,76,76,76],"card_choices":[{"not_picked":["Beam Cell","Stack"],"picked":"Reinforced Body","floor":1},{"not_picked":["Steam","Go for the Eyes"],"picked":"Leap","floor":2},{"not_picked":["Cold Snap","Compile Driver"],"picked":"Sweeping Beam","floor":3},{"not_picked":["Lockon","Barrage"],"picked":"Heatsinks","floor":4},{"not_picked":["Cold Snap","Gash"],"picked":"Heatsinks","floor":8},{"not_picked":["Turbo","Coolheaded","Fission"],"picked":"SKIP","floor":12},{"not_picked":["Stack","Undo"],"picked":"Genetic Algorithm","floor":13},{"not_picked":["Core Surge","All For One"],"picked":"Creative AI","floor":16},{"not_picked":["Melter","Sweeping Beam"],"picked":"Go for the Eyes","floor":18},{"not_picked":["Hello World","Sweeping Beam"],"picked":"Static Discharge","floor":19}],"player_experience":102425,"relics_obtained":[{"floor":8,"key":"Bag of Preparation"},{"floor":9,"key":"Gremlin Horn"}],"event_choices":[{"damage_healed":0,"gold_gain":0,"player_choice":"Lose Max HP","damage_taken":0,"relics_obtained":["Golden Idol"],"max_hp_gain":0,"max_hp_loss":6,"event_name":"Golden Idol","floor":5,"gold_loss":0},{"cards_removed":["Strike_B"],"damage_healed":0,"gold_gain":0,"player_choice":"Offered Basic","damage_taken":0,"max_hp_gain":0,"max_hp_loss":0,"event_name":"Bonfire Elementals","floor":11,"gold_loss":0}],"is_beta":false,"boss_relics":[{"not_picked":["Empty Cage","Fusion Hammer"],"picked":"Pandora\u0027s Box"}],"items_purged_floors":[],"is_endless":false,"potions_floor_spawned":[3,4,12,16,18],"killed_by":"Cultist and Chosen","ascension_level":0}