{"gold_per_floor":[117,117,42,7,7,7,70,70,70,89,105,105,132,157,169,181],"floor_reached":16,"playtime":318,"items_purged":[],"score":259,"play_id":"4a1dee05-c970-4743-b2c7-bd2ff0c96685","local_time":"20190628205922","is_ascension_mode":true,"campfire_choices":[{"data":"Corruption","floor":6,"key":"SMITH"},{"data":"Spot Weakness","floor":12,"key":"SMITH"},{"data":"Inflame","floor":15,"key":"SMITH"}],"neow_cost":"NONE","seed_source_timestamp":1375769719832320,"circlet_count":0,"master_deck":["AscendersBane","Strike_R+1","Strike_R","Strike_R","Strike_R","Strike_R+1","Defend_R","Defend_R","Defend_R","Defend_R","Bash","Corruption+1","Combust+1","Inflame+1","Clothesline","Spot Weakness+1","Heavy Blade","Headbutt"],"relics":["Burning Blood","NeowsBlessing","Tiny Chest","Meat on the Bone","MawBank"],"potions_floor_usage":[13,14,16],"damage_taken":[{"damage":0,"enemies":"2 Louse","floor":1,"turns":1},{"damage":0,"enemies":"Lagavulin","floor":7,"turns":1},{"damage":0,"enemies":"Small Slimes","floor":10,"turns":2},{"damage":1,"enemies":"Cultist","floor":11,"turns":3},{"damage":39,"enemies":"Gremlin Nob","floor":13,"turns":4},{"damage":3,"enemies":"Blue Slaver","floor":14,"turns":2},{"damage":61,"enemies":"The Guardian","floor":16,"turns":6}],"seed_played":"2680454014601375502","potions_obtained":[{"floor":1,"key":"AttackPotion"},{"floor":13,"key":"Energy Potion"},{"floor":14,"key":"Poison Potion"}],"is_trial":false,"path_per_floor":["M","?","$","?","?","R","E","?","T","M","M","R","E","M","R","B"],"character_chosen":"IRONCLAD","items_purchased":["Combust"],"campfire_rested":0,"item_purchase_floors":[3],"current_hp_per_floor":[74,51,51,69,69,69,75,75,75,75,75,75,54,57,57,0],"gold":181,"neow_bonus":"THREE_ENEMY_KILL","is_prod":false,"is_daily":false,"chose_seed":false,"campfire_upgraded":3,"win_rate":0,"timestamp":1561780762,"path_taken":["M","?","$","?","?","R","E","?","T","M","M","R","E","M","R","BOSS"],"build_version":"2019-01-23","purchased_purges":0,"victory":false,"max_hp_per_floor":[75,75,75,75,75,75,75,75,75,75,75,75,75,75,75,75],"card_choices":[{"not_picked":["Disarm","Reckless Charge"],"picked":"Corruption","floor":1},{"not_picked":["Power Through","Impervious"],"picked":"Inflame","floor":7},{"not_picked":["Hemokinesis","Rampage"],"picked":"Clothesline","floor":10},{"not_picked":["Intimidate","Entrench"],"picked":"Spot Weakness","floor":11},{"not_picked":["Cleave","Burning Pact"],"picked":"Heavy Blade","floor":13},{"not_picked":["Sword Boomerang","Cleave"],"picked":"Headbutt","floor":14}],"player_experience":1101006,"relics_obtained":[{"floor":7,"key":"Tiny Chest"},{"floor":9,"key":"Meat on the Bone"},{"floor":13,"key":"MawBank"}],"event_choices":[{"damage_healed":0,"gold_gain":0,"player_choice":"Entered Light","damage_taken":23,"max_hp_gain":0,"max_hp_loss":0,"event_name":"Shining Light","floor":2,"gold_loss":0,"cards_upgraded":["Strike_R","Strike_R"]},{"damage_healed":18,"gold_gain":0,"player_choice":"Healed","damage_taken":0,"max_hp_gain":0,"max_hp_loss":0,"event_name":"The Cleric","floor":4,"gold_loss":35},{"damage_healed":0,"gold_gain":0,"player_choice":"Grow","damage_taken":0,"max_hp_gain":0,"max_hp_loss":0,"event_name":"Living Wall","floor":5,"gold_loss":0,"cards_upgraded":["Combust"]},{"damage_healed":0,"gold_gain":0,"player_choice":"Full Heal","damage_taken":0,"max_hp_gain":0,"max_hp_loss":0,"event_name":"Wheel of Change","floor":8,"gold_loss":0}],"is_beta":false,"boss_relics":[],"items_purged_floors":[],"is_endless":false,"potions_floor_spawned":[1,13,14],"killed_by":"The Guardian","ascension_level":19}