{"gold_per_floor":[366,377,377,64,77,77,95,95,172,192,221,239,239,239],"floor_reached":14,"playtime":497,"items_purged":[],"score":179,"play_id":"c5a12904-daa9-415f-89f4-ca882fdd8100","local_time":"20190628192256","is_ascension_mode":true,"campfire_choices":[{"floor":6,"key":"REST"}],"neow_cost":"CURSE","seed_source_timestamp":1369807456578404,"circlet_count":0,"master_deck":["AscendersBane","Strike_R","Strike_R","Strike_R","Strike_R+1","Strike_R","Defend_R","Defend_R","Defend_R","Defend_R","Bash","Sentinel","Carnage","Ghostly Armor","Go for the Eyes+1","True Grit","Juggernaut","Dodge and Roll+1","Deadly Poison+1","Bouncing Flask+1"],"relics":["Burning Blood","PrismaticShard","Toxic Egg 2","Whetstone","Golden Idol"],"potions_floor_usage":[11,11],"damage_taken":[{"damage":9,"enemies":"2 Louse","floor":1,"turns":3},{"damage":18,"enemies":"Cultist","floor":2,"turns":5},{"damage":5,"enemies":"Small Slimes","floor":5,"turns":5},{"damage":17,"enemies":"Gremlin Gang","floor":7,"turns":7},{"damage":28,"enemies":"3 Louse","floor":10,"turns":4},{"damage":35,"enemies":"3 Sentries","floor":11,"turns":9},{"damage":10,"enemies":"2 Fungi Beasts","floor":12,"turns":5},{"damage":26,"enemies":"Gremlin Nob","floor":14,"turns":3}],"seed_played":"7814119924189963722","potions_obtained":[{"floor":1,"key":"BloodPotion"},{"floor":7,"key":"LiquidBronze"},{"floor":11,"key":"Strength Potion"}],"is_trial":false,"path_per_floor":["M","M","?","$","M","R","M","?","T","M","E","M","?","E"],"character_chosen":"IRONCLAD","items_purchased":["PrismaticShard","Ghostly Armor"],"campfire_rested":1,"item_purchase_floors":[4,4],"current_hp_per_floor":[65,53,53,53,54,75,64,64,64,42,20,16,16,0],"gold":239,"neow_bonus":"TWO_FIFTY_GOLD","is_prod":false,"is_daily":false,"chose_seed":false,"campfire_upgraded":0,"win_rate":0,"timestamp":1561774976,"path_taken":["M","M","?","$","?","R","M","?","T","?","E","M","?","E"],"build_version":"2019-01-23","purchased_purges":0,"victory":false,"max_hp_per_floor":[75,75,75,75,75,75,75,75,75,75,75,75,68,68],"card_choices":[{"not_picked":["Havoc","Second Wind"],"picked":"Sentinel","floor":1},{"not_picked":["Shrug It Off","Evolve"],"picked":"Carnage","floor":2},{"not_picked":["Dagger Spray","Chaos"],"picked":"Go for the Eyes","floor":5},{"not_picked":["Endless Agony","Blade Dance"],"picked":"True Grit","floor":7},{"not_picked":["Spot Weakness+1","Heatsinks"],"picked":"Dodge and Roll+1","floor":10},{"not_picked":["Iron Wave","Shrug It Off+1"],"picked":"Deadly Poison+1","floor":11},{"not_picked":["Tactician+1","Corruption"],"picked":"Bouncing Flask+1","floor":12}],"player_experience":1098386,"relics_obtained":[{"floor":9,"key":"Toxic Egg 2"},{"floor":11,"key":"Whetstone"}],"event_choices":[{"cards_removed":["Doubt"],"damage_healed":0,"gold_gain":0,"player_choice":"Removed Curses","damage_taken":0,"max_hp_gain":0,"max_hp_loss":0,"event_name":"Fountain of Cleansing","floor":3,"gold_loss":0},{"damage_healed":0,"gold_gain":0,"player_choice":"1 cards matched","damage_taken":0,"max_hp_gain":0,"max_hp_loss":0,"event_name":"Match and Keep!","floor":8,"gold_loss":0,"cards_obtained":["Juggernaut"]},{"damage_healed":0,"gold_gain":0,"player_choice":"Lose Max HP","damage_taken":0,"relics_obtained":["Golden Idol"],"max_hp_gain":0,"max_hp_loss":7,"event_name":"Golden Idol","floor":13,"gold_loss":0}],"is_beta":false,"boss_relics":[],"items_purged_floors":[],"is_endless":false,"potions_floor_spawned":[1,7,10,11],"killed_by":"Gremlin Nob","ascension_level":19}