{"gold_per_floor":[111,125,149,149,99,99,125,125,176,205,235,235,251,105,105,200,200,218,218,318,335,345,345,365,394,394,11,26,42,42,58,58,158,158,168,186,186,201,215,315,315],"floor_reached":41,"playtime":2395,"items_purged":["Strike_B","Normality"],"score":495,"play_id":"9cf4f546-2de7-4e38-bd8d-e22aafff293c","local_time":"20190201200842","is_ascension_mode":true,"campfire_choices":[{"data":"Zap","floor":6,"key":"SMITH"},{"data":"Lockon","floor":8,"key":"SMITH"},{"data":"Capacitor","floor":12,"key":"SMITH"},{"data":"Static Discharge","floor":15,"key":"SMITH"},{"floor":23,"key":"REST"},{"floor":30,"key":"REST"},{"floor":32,"key":"REST"}],"neow_cost":"NONE","seed_source_timestamp":125747872047254,"circlet_count":0,"master_deck":["Strike_B","Strike_B","Strike_B","Defend_B","Defend_B","Defend_B","Defend_B","Zap+1","Dualcast","Lockon+1","Ball Lightning","Redo","Capacitor+1","Sweeping Beam","Static Discharge+1","Thunder Strike","Doubt","Decay","Self Repair+1","RitualDagger","Skim+1","Beam Cell","Double Energy+1","Tempest","Cold Snap","Ball Lightning","Conserve Battery","Barrage","Reinforced Body","Electrodynamics","Capacitor","Tempest+1","Double Energy","Auto Shields+1","Leap"],"relics":["Cracked Core","NeowsBlessing","PreservedInsect","Bronze Scales","Mercury Hourglass","Lantern","Potion Belt","Calling Bell","Ginger","Ornamental Fan","Centennial Puzzle","Mummified Hand","The Courier","Blood Vial","Anchor","Velvet Choker","Thread and Needle"],"potions_floor_usage":[28,28,33,33,33,33,33,40,41,41],"damage_taken":[{"damage":0,"enemies":"Cultist","floor":1,"turns":1},{"damage":0,"enemies":"Small Slimes","floor":2,"turns":1},{"damage":0,"enemies":"3 Sentries","floor":7,"turns":1},{"damage":8,"enemies":"Gremlin Nob","floor":10,"turns":3},{"damage":2,"enemies":"2 Louse","floor":13,"turns":1},{"damage":14,"enemies":"Slime Boss","floor":16,"turns":6},{"damage":8,"enemies":"3 Byrds","floor":18,"turns":2},{"damage":7,"enemies":"Chosen","floor":21,"turns":4},{"damage":38,"enemies":"Sentry and Sphere","floor":22,"turns":4},{"damage":37,"enemies":"Snecko","floor":24,"turns":5},{"damage":20,"enemies":"Book of Stabbing","floor":25,"turns":3},{"damage":7,"enemies":"3 Cultists","floor":28,"turns":4},{"damage":10,"enemies":"Centurion and Healer","floor":29,"turns":6},{"damage":6,"enemies":"Snecko","floor":31,"turns":4},{"damage":58,"enemies":"Automaton","floor":33,"turns":9},{"damage":8,"enemies":"Orb Walker","floor":35,"turns":3},{"damage":12,"enemies":"3 Darklings","floor":36,"turns":2},{"damage":14,"enemies":"Jaw Worm Horde","floor":38,"turns":2},{"damage":51,"enemies":"Maw","floor":39,"turns":6},{"damage":5,"enemies":"Mind Bloom Boss Battle","floor":40,"turns":7},{"damage":48,"enemies":"Spire Growth","floor":41,"turns":4}],"seed_played":"1913750468636657295","potions_obtained":[{"floor":1,"key":"FearPotion"},{"floor":2,"key":"Weak Potion"},{"floor":13,"key":"PowerPotion"},{"floor":22,"key":"Swift Potion"},{"floor":24,"key":"SpeedPotion"},{"floor":29,"key":"Swift Potion"},{"floor":31,"key":"Block Potion"},{"floor":33,"key":"Ancient Potion"},{"floor":38,"key":"Swift Potion"},{"floor":40,"key":"Fire Potion"}],"is_trial":false,"path_per_floor":["M","M","T","?","?","R","E","R","T","E","?","R","M","$","R","B",null,"M","?","?","M","M","R","M","E","T","$","M","M","R","M","R","B",null,"M","M","?","M","M","?","M"],"character_chosen":"DEFECT","items_purchased":["Static Discharge","Cold Snap","Ball Lightning","Blood Vial","Anchor"],"campfire_rested":3,"item_purchase_floors":[14,27,27,27,27],"current_hp_per_floor":[75,75,75,75,75,75,75,75,75,67,67,67,65,65,65,51,75,67,61,61,64,36,58,31,11,11,11,16,18,40,46,68,22,75,75,63,63,61,22,29,0],"gold":315,"neow_bonus":"THREE_ENEMY_KILL","is_prod":false,"is_daily":false,"chose_seed":false,"campfire_upgraded":4,"win_rate":0,"timestamp":1549069722,"path_taken":["M","M","?","?","?","R","E","R","T","E","?","R","M","$","R","BOSS","M","?","?","?","M","R","M","E","T","$","M","M","R","M","R","BOSS","M","M","?","M","M","?","M"],"build_version":"2019-01-23","purchased_purges":2,"victory":false,"max_hp_per_floor":[75,75,75,75,75,75,75,75,75,75,75,75,75,75,75,75,75,75,75,75,75,75,75,75,75,75,75,75,75,75,75,75,75,75,75,75,75,75,75,75,75],"card_choices":[{"not_picked":["Heatsinks","Blizzard"],"picked":"Lockon","floor":1},{"not_picked":["Rebound","Auto Shields"],"picked":"Ball Lightning","floor":2},{"not_picked":["Undo","Rip and Tear"],"picked":"Redo","floor":7},{"not_picked":["Coolheaded","Buffer"],"picked":"Capacitor","floor":10},{"not_picked":["Turbo","Barrage"],"picked":"Sweeping Beam","floor":13},{"not_picked":["Creative AI","Buffer"],"picked":"Thunder Strike","floor":16},{"not_picked":["Force Field","Loop"],"picked":"Self Repair+1","floor":18},{"not_picked":["Ball Lightning","Go for the Eyes"],"picked":"Skim+1","floor":21},{"not_picked":["Force Field+1","Turbo"],"picked":"Beam Cell","floor":22},{"not_picked":["Loop","Barrage"],"picked":"Double Energy+1","floor":24},{"not_picked":["Skim","Rebound"],"picked":"Tempest","floor":25},{"not_picked":["Hologram","Reprogram"],"picked":"Conserve Battery","floor":28},{"not_picked":["Beam Cell","Melter"],"picked":"Barrage","floor":29},{"not_picked":["Genetic Algorithm","Rebound"],"picked":"Reinforced Body","floor":31},{"not_picked":["Amplify","Reboot"],"picked":"Electrodynamics","floor":33},{"not_picked":["Auto Shields","Rebound"],"picked":"Capacitor","floor":35},{"not_picked":["Cold Snap","Hologram"],"picked":"Tempest+1","floor":36},{"not_picked":["All For One","FTL"],"picked":"Double Energy","floor":38},{"not_picked":["White Noise","Melter"],"picked":"Auto Shields+1","floor":39},{"not_picked":["Ball Lightning+1","Gash"],"picked":"Leap","floor":40}],"player_experience":108462,"relics_obtained":[{"floor":3,"key":"PreservedInsect"},{"floor":7,"key":"Mercury Hourglass"},{"floor":9,"key":"Lantern"},{"floor":10,"key":"Potion Belt"},{"floor":17,"key":"Ginger"},{"floor":17,"key":"Ornamental Fan"},{"floor":17,"key":"Centennial Puzzle"},{"floor":25,"key":"Mummified Hand"},{"floor":26,"key":"The Courier"},{"floor":40,"key":"Thread and Needle"}],"event_choices":[{"damage_healed":0,"gold_gain":0,"player_choice":"Box","damage_taken":0,"relics_obtained":["Bronze Scales"],"max_hp_gain":0,"max_hp_loss":0,"event_name":"Big Fish","floor":4,"gold_loss":0,"cards_obtained":["Regret"]},{"cards_removed":["Regret"],"damage_healed":0,"gold_gain":0,"player_choice":"Card Removal","damage_taken":0,"max_hp_gain":0,"max_hp_loss":0,"event_name":"The Cleric","floor":5,"gold_loss":50},{"damage_healed":0,"gold_gain":30,"player_choice":"Searched \u00271\u0027 times","damage_taken":0,"max_hp_gain":0,"max_hp_loss":0,"event_name":"Dead Adventurer","floor":11,"gold_loss":0},{"damage_healed":0,"gold_gain":0,"player_choice":"Joined the Cult","damage_taken":6,"max_hp_gain":0,"max_hp_loss":0,"event_name":"Nest","floor":19,"gold_loss":0,"cards_obtained":["RitualDagger"]},{"damage_healed":0,"gold_gain":100,"player_choice":"Pray","damage_taken":0,"max_hp_gain":0,"max_hp_loss":0,"event_name":"Golden Shrine","floor":20,"gold_loss":0},{"damage_healed":0,"gold_gain":0,"player_choice":"Ignored","damage_taken":0,"max_hp_gain":0,"max_hp_loss":0,"event_name":"Mysterious Sphere","floor":37,"gold_loss":0},{"damage_healed":0,"gold_gain":0,"player_choice":"Fight","damage_taken":0,"max_hp_gain":0,"max_hp_loss":0,"event_name":"MindBloom","floor":40,"gold_loss":0}],"is_beta":false,"boss_relics":[{"not_picked":["Lizard Tail","Runic Dome"],"picked":"Calling Bell"},{"not_picked":["Astrolabe","White Beast Statue"],"picked":"Velvet Choker"}],"items_purged_floors":[14,27],"is_endless":false,"potions_floor_spawned":[1,2,13,22,24,29,31,33,38,40],"killed_by":"Spire Growth","ascension_level":1}