{"gold_per_floor":[116,128,139,139,139,173,173,236,236,283,283,319,335,360,360,488,488,511,178,93,218,241,285,285,318,318,318,351,382,394,419,431,443],"floor_reached":33,"playtime":1365,"items_purged":["Strike_R"],"score":336,"play_id":"b75be8b3-d970-45a9-83f5-ba72022ff408","local_time":"20190508111510","is_ascension_mode":false,"campfire_choices":[{"data":"Bash","floor":7,"key":"SMITH"},{"data":"Brutality","floor":11,"key":"SMITH"},{"data":"Metallicize","floor":15,"key":"SMITH"},{"floor":24,"key":"REST"},{"data":"Hemokinesis","floor":27,"key":"SMITH"},{"data":"Shrug It Off","floor":30,"key":"SMITH"},{"floor":32,"key":"REST"}],"neow_cost":"NONE","seed_source_timestamp":141787798123238,"circlet_count":0,"master_deck":["Strike_R","Strike_R","Strike_R","Strike_R","Defend_R","Defend_R+1","Defend_R","Defend_R+1","Bash+1","Brutality+1","Hemokinesis+1","Whirlwind","Immolate+1","Carnage+1","Metallicize+1","Clothesline+1","Fiend Fire+1","Immolate+1","Shrug It Off+1"],"relics":["Burning Blood","Golden Idol","Darkstone Periapt","Molten Egg 2","Potion Belt","Pear","PreservedInsect","Bottled Tornado","Runic Cube","Gremlin Horn","War Paint","Unceasing Top","Matryoshka","Bronze Scales","Art of War","Happy Flower","Dodecahedron","Kunai","Anchor","MawBank"],"potions_floor_usage":[16,16,21,33,33,33,33],"damage_taken":[{"damage":15,"enemies":"Small Slimes","floor":1,"turns":4},{"damage":11,"enemies":"Jaw Worm","floor":2,"turns":4},{"damage":4,"enemies":"2 Louse","floor":3,"turns":2},{"damage":37,"enemies":"Gremlin Nob","floor":6,"turns":4},{"damage":9,"enemies":"3 Sentries","floor":8,"turns":3},{"damage":0,"enemies":"3 Sentries","floor":12,"turns":1},{"damage":0,"enemies":"Lots of Slimes","floor":13,"turns":1},{"damage":6,"enemies":"Looter","floor":14,"turns":2},{"damage":17,"enemies":"Hexaghost","floor":16,"turns":8},{"damage":12,"enemies":"3 Byrds","floor":18,"turns":4},{"damage":19,"enemies":"Colosseum Slavers","floor":21,"turns":3},{"damage":19,"enemies":"Colosseum Nobs","floor":21,"turns":3},{"damage":29,"enemies":"Gremlin Leader","floor":23,"turns":5},{"damage":7,"enemies":"Book of Stabbing","floor":25,"turns":4},{"damage":10,"enemies":"Gremlin Leader","floor":28,"turns":3},{"damage":6,"enemies":"Shell Parasite","floor":29,"turns":3},{"damage":18,"enemies":"Centurion and Healer","floor":31,"turns":3},{"damage":85,"enemies":"Champ","floor":33,"turns":13}],"seed_played":"5538226562315344876","potions_obtained":[{"floor":2,"key":"BloodPotion"},{"floor":6,"key":"BloodPotion"},{"floor":13,"key":"SpeedPotion"},{"floor":14,"key":"Ancient Potion"},{"floor":16,"key":"AttackPotion"},{"floor":23,"key":"Ancient Potion"},{"floor":25,"key":"Ancient Potion"}],"is_trial":false,"path_per_floor":["M","M","M","?","?","E","R","?","T","T","R","E","M","M","R","B",null,"M","$","?","?","T","E","R","E","T","R","E","M","R","M","R","B"],"character_chosen":"IRONCLAD","items_purchased":["Gremlin Horn"],"campfire_rested":2,"item_purchase_floors":[19],"current_hp_per_floor":[71,66,68,68,65,34,34,31,41,41,41,47,53,53,53,42,84,78,78,78,52,52,29,54,53,53,53,49,49,49,37,62,0],"gold":443,"neow_bonus":"ONE_RANDOM_RARE_CARD","is_prod":false,"is_daily":false,"chose_seed":false,"campfire_upgraded":5,"win_rate":0,"timestamp":1557328510,"path_taken":["M","M","M","?","?","E","R","?","T","?","R","E","?","M","R","BOSS","M","$","?","?","?","E","R","E","T","R","E","M","R","M","R","BOSS"],"build_version":"2019-01-23","purchased_purges":1,"victory":false,"max_hp_per_floor":[80,80,80,74,74,74,74,74,84,84,84,84,84,84,84,84,84,84,84,84,84,84,84,84,84,84,84,84,84,84,84,84,84],"card_choices":[{"not_picked":["Clash","Perfected Strike","Clothesline"],"picked":"SKIP","floor":1},{"not_picked":["Clash","Perfected Strike","Clothesline"],"picked":"SKIP","floor":1},{"not_picked":["Uppercut","Seeing Red"],"picked":"Hemokinesis","floor":2},{"not_picked":["Flex","Clothesline"],"picked":"Whirlwind","floor":3},{"not_picked":["Warcry","Pommel Strike"],"picked":"Immolate","floor":6},{"not_picked":["Headbutt+1","Pommel Strike+1"],"picked":"Carnage+1","floor":8},{"not_picked":["Sever Soul+1","Intimidate"],"picked":"Metallicize","floor":12},{"not_picked":["Perfected Strike+1","Twin Strike+1","Seeing Red"],"picked":"SKIP","floor":13},{"not_picked":["Battle Trance","Intimidate"],"picked":"Clothesline+1","floor":14},{"not_picked":["Brutality","Dark Embrace"],"picked":"Fiend Fire+1","floor":16},{"not_picked":["Ghostly Armor","Rage+1","Clash+1"],"picked":"SKIP","floor":18},{"not_picked":["Clash+1","Blood for Blood+1"],"picked":"Immolate+1","floor":23},{"not_picked":["Body Slam+1","Anger+1","Clothesline+1"],"picked":"SKIP","floor":25},{"not_picked":["Dropkick+1","Headbutt+1"],"picked":"Shrug It Off","floor":28},{"not_picked":["Heavy Blade+1","Thunderclap+1","Cleave+1"],"picked":"SKIP","floor":29},{"not_picked":["Cleave+1","Headbutt+1","Perfected Strike+1"],"picked":"SKIP","floor":31}],"player_experience":671869,"relics_obtained":[{"floor":6,"key":"Molten Egg 2"},{"floor":8,"key":"Potion Belt"},{"floor":9,"key":"Pear"},{"floor":10,"key":"PreservedInsect"},{"floor":12,"key":"Bottled Tornado"},{"floor":21,"key":"Unceasing Top"},{"floor":21,"key":"Matryoshka"},{"floor":22,"key":"Bronze Scales"},{"floor":22,"key":"Art of War"},{"floor":23,"key":"Happy Flower"},{"floor":25,"key":"Dodecahedron"},{"floor":26,"key":"Kunai"},{"floor":26,"key":"Anchor"},{"floor":28,"key":"MawBank"}],"event_choices":[{"damage_healed":0,"gold_gain":0,"player_choice":"Lose Max HP","damage_taken":0,"relics_obtained":["Golden Idol"],"max_hp_gain":0,"max_hp_loss":6,"event_name":"Golden Idol","floor":4,"gold_loss":0},{"damage_healed":0,"gold_gain":0,"player_choice":"Success","damage_taken":3,"relics_obtained":["Darkstone Periapt"],"max_hp_gain":0,"max_hp_loss":0,"event_name":"Scrap Ooze","floor":5,"gold_loss":0},{"damage_healed":0,"gold_gain":30,"player_choice":"Searched \u00272\u0027 times","damage_taken":0,"max_hp_gain":0,"max_hp_loss":0,"event_name":"Dead Adventurer","floor":8,"gold_loss":0},{"damage_healed":0,"gold_gain":0,"player_choice":"Obtained Relic","damage_taken":0,"relics_obtained":["War Paint"],"max_hp_gain":0,"max_hp_loss":0,"event_name":"Addict","floor":20,"gold_loss":85},{"damage_healed":0,"gold_gain":0,"player_choice":"Fight","damage_taken":0,"max_hp_gain":0,"max_hp_loss":0,"event_name":"Colosseum","floor":21,"gold_loss":0},{"damage_healed":0,"gold_gain":0,"player_choice":"Fought Nobs","damage_taken":0,"max_hp_gain":0,"max_hp_loss":0,"event_name":"Colosseum","floor":21,"gold_loss":0}],"is_beta":false,"boss_relics":[{"not_picked":["Runic Dome","Orrery"],"picked":"Runic Cube"}],"items_purged_floors":[19],"is_endless":false,"potions_floor_spawned":[2,6,13,14,16,21,23,25],"killed_by":"Champ","ascension_level":0}