{"gold_per_floor":[213,138,148,148,148,176,141,141,211,211,229,229,255,30,30,30],"floor_reached":16,"playtime":460,"items_purged":["Strike_G"],"score":182,"play_id":"65c46b2d-0f40-4bd7-8349-16b2cebd70d4","local_time":"20190523224308","is_ascension_mode":true,"campfire_choices":[{"data":"Skewer","floor":8,"key":"SMITH"},{"data":"Dagger Spray","floor":10,"key":"SMITH"},{"data":"Dash","floor":12,"key":"SMITH"},{"data":"Adrenaline","floor":15,"key":"SMITH"}],"neow_cost":"NONE","seed_source_timestamp":538310218522106,"circlet_count":0,"master_deck":["AscendersBane","Defend_G","Defend_G","Defend_G","Defend_G+1","Defend_G","Strike_G","Strike_G","Strike_G","Strike_G","Survivor+1","Neutralize","Skewer+1","Dagger Spray+1","Adrenaline+1","Dash+1","Riddle With Holes","Cloak And Dagger"],"relics":["Ring of the Snake","Juzu Bracelet","Mummified Hand","Odd Mushroom","War Paint"],"potions_floor_usage":[6,16],"damage_taken":[{"damage":0,"enemies":"2 Louse","floor":1,"turns":5},{"damage":1,"enemies":"Jaw Worm","floor":3,"turns":4},{"damage":43,"enemies":"Lagavulin","floor":6,"turns":7},{"damage":1,"enemies":"Cultist","floor":11,"turns":3},{"damage":0,"enemies":"The Mushroom Lair","floor":13,"turns":3},{"damage":42,"enemies":"Slime Boss","floor":16,"turns":7}],"seed_played":"9038651924379741764","potions_obtained":[{"floor":1,"key":"SkillPotion"},{"floor":3,"key":"Dexterity Potion"}],"is_trial":false,"path_per_floor":["M","$","M","?","?","E","?","R","T","R","M","R","?","$","R","B"],"character_chosen":"THE_SILENT","items_purchased":["Cloak And Dagger","War Paint"],"campfire_rested":0,"item_purchase_floors":[14,14],"current_hp_per_floor":[59,59,58,58,58,15,31,31,31,31,30,30,30,30,30,0],"gold":30,"neow_bonus":"HUNDRED_GOLD","is_prod":false,"is_daily":false,"chose_seed":false,"campfire_upgraded":4,"win_rate":0,"timestamp":1558665788,"path_taken":["M","$","M","?","?","E","?","R","T","R","M","R","?","$","R","BOSS"],"build_version":"2019-01-23","purchased_purges":1,"victory":false,"max_hp_per_floor":[66,66,66,66,66,66,66,66,66,66,66,66,66,66,66,66],"card_choices":[{"not_picked":["Dagger Throw","Bane"],"picked":"Skewer","floor":1},{"not_picked":["Poisoned Stab","Deadly Poison"],"picked":"Dagger Spray","floor":3},{"not_picked":["Caltrops","Quick Slash"],"picked":"Adrenaline","floor":6},{"not_picked":["Catalyst","Infinite Blades"],"picked":"Dash","floor":11},{"not_picked":["Dagger Throw","PiercingWail"],"picked":"Riddle With Holes","floor":13}],"player_experience":754999,"relics_obtained":[{"floor":6,"key":"Juzu Bracelet"},{"floor":9,"key":"Mummified Hand"},{"floor":13,"key":"Odd Mushroom"}],"event_choices":[{"damage_healed":0,"gold_gain":0,"player_choice":"Ignored","damage_taken":0,"max_hp_gain":0,"max_hp_loss":0,"event_name":"Liars Game","floor":4,"gold_loss":0},{"damage_healed":0,"gold_gain":0,"player_choice":"Ignored","damage_taken":0,"max_hp_gain":0,"max_hp_loss":0,"event_name":"Shining Light","floor":5,"gold_loss":0},{"damage_healed":16,"gold_gain":0,"player_choice":"Healed","damage_taken":0,"max_hp_gain":0,"max_hp_loss":0,"event_name":"The Cleric","floor":7,"gold_loss":35},{"damage_healed":0,"gold_gain":0,"player_choice":"Fought Mushrooms","damage_taken":0,"max_hp_gain":0,"max_hp_loss":0,"event_name":"Mushrooms","floor":13,"gold_loss":0}],"is_beta":false,"boss_relics":[],"items_purged_floors":[2],"is_endless":false,"potions_floor_spawned":[1,3],"killed_by":"Slime Boss","ascension_level":18}