{"gold_per_floor":[114,87,97,272,272,298,298,333,333,348,361,361,361,396,396,487,487,500,500],"floor_reached":19,"playtime":530,"items_purged":[],"score":347,"play_id":"be11b868-bd57-41e9-abe2-0a2f32942ca7","local_time":"20190322183033","is_ascension_mode":true,"campfire_choices":[{"floor":7,"key":"REST"},{"floor":15,"key":"REST"}],"neow_cost":"NONE","seed_source_timestamp":175905720144452,"circlet_count":0,"master_deck":["AscendersBane","Strike_B","Strike_B","Strike_B","Strike_B","Defend_B","Defend_B","Defend_B","Defend_B","Zap","Dualcast","Genetic Algorithm","Ball Lightning","Consume","Zap","Machine Learning","Gash","Gash","Beam Cell","Ball Lightning","Injury","Electrodynamics","Seek"],"relics":["Cracked Core","PreservedInsect","Du-Vu Doll","Pen Nib","Pear","Golden Idol","Dead Branch","Velvet Choker"],"potions_floor_usage":[19],"damage_taken":[{"damage":10,"enemies":"Small Slimes","floor":1,"turns":3},{"damage":1,"enemies":"Cultist","floor":3,"turns":3},{"damage":33,"enemies":"Gremlin Nob","floor":6,"turns":4},{"damage":25,"enemies":"Lagavulin","floor":8,"turns":5},{"damage":0,"enemies":"2 Louse","floor":10,"turns":1},{"damage":6,"enemies":"Exordium Thugs","floor":11,"turns":4},{"damage":0,"enemies":"Gremlin Nob","floor":14,"turns":2},{"damage":25,"enemies":"Slime Boss","floor":16,"turns":7},{"damage":30,"enemies":"Shell Parasite","floor":18,"turns":5},{"damage":38,"enemies":"Chosen","floor":19,"turns":4}],"seed_played":"2614678801642276979","potions_obtained":[{"floor":1,"key":"LiquidBronze"},{"floor":11,"key":"Swift Potion"}],"is_trial":false,"path_per_floor":["M","$","M","?","?","E","R","E","T","M","M","?","?","E","R","B",null,"M","M"],"character_chosen":"DEFECT","items_purchased":["Ball Lightning"],"campfire_rested":2,"item_purchase_floors":[2],"current_hp_per_floor":[58,58,57,57,57,24,46,21,31,31,25,18,18,18,43,18,68,38,0],"gold":500,"neow_bonus":"RANDOM_COMMON_RELIC","is_prod":false,"is_daily":false,"chose_seed":false,"campfire_upgraded":0,"win_rate":0,"timestamp":1553293833,"path_taken":["M","$","M","?","?","E","R","E","T","M","?","?","?","E","R","BOSS","M","M"],"build_version":"2019-01-23","purchased_purges":0,"victory":false,"max_hp_per_floor":[75,75,75,75,75,75,75,75,85,85,85,85,85,85,85,85,85,85,85],"card_choices":[{"not_picked":["Hello World","Compile Driver"],"picked":"Genetic Algorithm","floor":1},{"not_picked":["Coolheaded","Sweeping Beam"],"picked":"Consume","floor":3},{"not_picked":["Streamline","Redo"],"picked":"Gash","floor":6},{"not_picked":["Barrage","Machine Learning"],"picked":"Gash","floor":8},{"not_picked":["Barrage","Undo"],"picked":"Beam Cell","floor":10},{"not_picked":["Chaos","Hologram"],"picked":"Ball Lightning","floor":11},{"not_picked":["Self Repair","Reprogram"],"picked":"Electrodynamics","floor":14},{"not_picked":["Reboot","All For One"],"picked":"Seek","floor":16},{"not_picked":["Barrage","Compile Driver","Tempest"],"picked":"SKIP","floor":18}],"player_experience":443005,"relics_obtained":[{"floor":6,"key":"Du-Vu Doll"},{"floor":8,"key":"Pen Nib"},{"floor":9,"key":"Pear"},{"floor":14,"key":"Dead Branch"}],"event_choices":[{"damage_healed":0,"gold_gain":175,"player_choice":"AGREE","damage_taken":0,"max_hp_gain":0,"max_hp_loss":0,"event_name":"Liars Game","floor":4,"gold_loss":0,"cards_obtained":["Doubt"]},{"damage_healed":0,"gold_gain":0,"player_choice":"2 cards matched","damage_taken":0,"max_hp_gain":0,"max_hp_loss":0,"event_name":"Match and Keep!","floor":5,"gold_loss":0,"cards_obtained":["Zap","Machine Learning"]},{"cards_removed":["Doubt"],"damage_healed":0,"gold_gain":0,"player_choice":"Card Removal","damage_taken":7,"max_hp_gain":0,"max_hp_loss":0,"event_name":"Golden Wing","floor":12,"gold_loss":0},{"damage_healed":0,"gold_gain":0,"player_choice":"Take Wound","damage_taken":0,"relics_obtained":["Golden Idol"],"max_hp_gain":0,"max_hp_loss":0,"event_name":"Golden Idol","floor":13,"gold_loss":0,"cards_obtained":["Injury"]}],"is_beta":false,"boss_relics":[{"not_picked":["Astrolabe","Ectoplasm"],"picked":"Velvet Choker"}],"items_purged_floors":[],"is_endless":false,"potions_floor_spawned":[1,11,18],"killed_by":"Chosen","ascension_level":13}