{"gold_per_floor":[110,110,120,120,195,224,243,243,243,256,256,270,285,100,100,177,177,188,202,202,86,97,97,0,0],"floor_reached":25,"playtime":1018,"items_purged":["Decay"],"score":433,"play_id":"4655c5b7-5ffc-423b-8a35-fd8ba2a5e203","local_time":"20190615184232","is_ascension_mode":true,"campfire_choices":[{"data":"Sword Boomerang","floor":8,"key":"SMITH"},{"data":"Apotheosis","floor":15,"key":"SMITH"},{"data":"Limit Break","floor":23,"key":"SMITH"}],"neow_cost":"NONE","seed_source_timestamp":243666934036200,"circlet_count":0,"master_deck":["AscendersBane","Strike_R","Strike_R","Strike_R","Strike_R","Defend_R","Defend_R","Defend_R","Defend_R","Bash","Thunderclap","Disarm","Pommel Strike","Sword Boomerang+1","Shrug It Off","Shrug It Off","Apotheosis+1","Feed","Wild Strike","Battle Trance","Limit Break+1"],"relics":["Burning Blood","NeowsBlessing","Magic Flower","Bottled Lightning","Incense Burner","Lizard Tail"],"potions_floor_usage":[12,16,16,19],"damage_taken":[{"damage":0,"enemies":"Jaw Worm","floor":1,"turns":1},{"damage":0,"enemies":"Small Slimes","floor":3,"turns":1},{"damage":0,"enemies":"Lagavulin","floor":6,"turns":1},{"damage":5,"enemies":"2 Louse","floor":7,"turns":4},{"damage":7,"enemies":"Lots of Slimes","floor":10,"turns":4},{"damage":4,"enemies":"Red Slaver","floor":12,"turns":3},{"damage":18,"enemies":"Large Slime","floor":13,"turns":6},{"damage":41,"enemies":"The Guardian","floor":16,"turns":14},{"damage":58,"enemies":"3 Byrds","floor":18,"turns":9},{"damage":7,"enemies":"Shell Parasite","floor":19,"turns":15},{"damage":53,"enemies":"Cultist and Chosen","floor":22,"turns":7},{"damage":81,"enemies":"Book of Stabbing","floor":25,"turns":9}],"seed_played":"2017375192288424547","potions_obtained":[{"floor":6,"key":"Poison Potion"},{"floor":7,"key":"Energy Potion"},{"floor":16,"key":"Fruit Juice"},{"floor":18,"key":"Energy Potion"}],"is_trial":false,"path_per_floor":["M","$","M","?","?","E","M","R","T","M","?","M","M","$","R","B",null,"M","M","?","$","M","R","?","E"],"character_chosen":"IRONCLAD","items_purchased":["Apotheosis","Battle Trance"],"campfire_rested":0,"item_purchase_floors":[14,21],"current_hp_per_floor":[74,74,75,64,53,62,66,66,66,68,68,73,64,64,64,37,69,20,28,28,28,72,72,72,0],"gold":0,"neow_bonus":"THREE_ENEMY_KILL","is_prod":false,"is_daily":false,"chose_seed":false,"campfire_upgraded":3,"win_rate":0,"timestamp":1560649352,"path_taken":["M","$","M","?","?","E","M","R","T","M","?","M","?","?","R","BOSS","M","M","?","$","M","R","?","E"],"build_version":"2019-01-23","purchased_purges":1,"victory":false,"max_hp_per_floor":[75,75,75,75,75,75,75,75,75,75,75,75,75,75,75,80,80,80,84,84,84,84,84,84,84],"card_choices":[{"not_picked":["Heavy Blade","Sentinel"],"picked":"Thunderclap","floor":1},{"not_picked":["Pommel Strike","Shrug It Off"],"picked":"Disarm","floor":3},{"not_picked":["Burning Pact","Perfected Strike"],"picked":"Pommel Strike","floor":6},{"not_picked":["Armaments","Dual Wield"],"picked":"Sword Boomerang","floor":7},{"not_picked":["Thunderclap","Anger","Twin Strike"],"picked":"SKIP","floor":10},{"not_picked":["Infernal Blade","Pommel Strike"],"picked":"Shrug It Off","floor":12},{"not_picked":["Dropkick","Pommel Strike"],"picked":"Shrug It Off","floor":13},{"not_picked":["Dark Embrace","Offering"],"picked":"Feed","floor":16},{"not_picked":["Reckless Charge","Warcry"],"picked":"Wild Strike","floor":18},{"not_picked":["Bloodletting","Clash","Thunderclap"],"picked":"SKIP","floor":19},{"not_picked":["Heavy Blade+1","Anger"],"picked":"Limit Break","floor":22}],"player_experience":1016714,"relics_obtained":[{"floor":6,"key":"Bottled Lightning"},{"floor":9,"key":"Incense Burner"}],"event_choices":[{"damage_healed":0,"gold_gain":0,"player_choice":"Success","damage_taken":11,"relics_obtained":["Magic Flower"],"max_hp_gain":0,"max_hp_loss":0,"event_name":"Scrap Ooze","floor":4,"gold_loss":0},{"damage_healed":0,"gold_gain":75,"player_choice":"Gather Gold","damage_taken":11,"max_hp_gain":0,"max_hp_loss":0,"event_name":"World of Goop","floor":5,"gold_loss":0},{"cards_removed":["Strike_R"],"damage_healed":0,"gold_gain":0,"player_choice":"Purged","damage_taken":0,"max_hp_gain":0,"max_hp_loss":0,"event_name":"Purifier","floor":11,"gold_loss":0},{"damage_healed":0,"gold_gain":0,"player_choice":"Smashed Altar","damage_taken":0,"max_hp_gain":0,"max_hp_loss":0,"event_name":"Forgotten Altar","floor":20,"gold_loss":0,"cards_obtained":["Decay"]},{"damage_healed":0,"gold_gain":0,"player_choice":"Paid Fearfully","damage_taken":0,"max_hp_gain":0,"max_hp_loss":0,"event_name":"Masked Bandits","floor":24,"gold_loss":97}],"is_beta":false,"boss_relics":[{"not_picked":["Runic Dome","Runic Pyramid"],"picked":"Lizard Tail"}],"items_purged_floors":[21],"is_endless":false,"potions_floor_spawned":[6,7,16,18],"killed_by":"Book of Stabbing","ascension_level":18}