{"gold_per_floor":[111,123,9,19,78,78,95,95,120,120,146,158,185,216,228,343,355,377,399,411,435,447,459,503,531,570,596,608,631,643,675,687,699],"floor_reached":33,"playtime":1854,"items_purged":[],"score":434,"play_id":"aa40d555-755a-46f7-9281-f46f9400f1a9","local_time":"20180828202337","is_ascension_mode":true,"campfire_choices":[{"data":"Footwork","floor":6,"key":"SMITH"},{"data":"Backflip","floor":8,"key":"SMITH"},{"data":"Blur","floor":15,"key":"SMITH"},{"data":"Adrenaline","floor":23,"key":"SMITH"},{"data":"A Thousand Cuts","floor":30,"key":"SMITH"},{"floor":32,"key":"REST"}],"neow_cost":"NONE","seed_source_timestamp":1049116450979555,"circlet_count":0,"master_deck":["Defend_G+1","Defend_G+1","Defend_G+1","Defend_G+1","Strike_G+1","Strike_G+1","Survivor","Neutralize+1","AscendersBane","Footwork+1","Backflip+1","Dash","Blur+1","Dagger Spray","Corpse Explosion","Sucker Punch","Bouncing Flask","Adrenaline+1","After Image+1","Dagger Spray+1","Endless Agony+1","Calculated Gamble","Prepared","Escape Plan","A Thousand Cuts+1","Footwork","PiercingWail"],"relics":["Ring of the Snake","Happy Flower","MawBank","Astrolabe","Regal Pillow","Bag of Preparation","Ice Cream"],"potions_floor_usage":[16,19,21,24,24,33],"damage_taken":[{"damage":0,"enemies":"Small Slimes","floor":1,"turns":3},{"damage":0,"enemies":"Jaw Worm","floor":2,"turns":7},{"damage":0,"enemies":"Cultist","floor":4,"turns":5},{"damage":5,"enemies":"Large Slime","floor":7,"turns":9},{"damage":4,"enemies":"3 Sentries","floor":11,"turns":4},{"damage":13,"enemies":"Exordium Thugs","floor":13,"turns":7},{"damage":0,"enemies":"Looter","floor":14,"turns":4},{"damage":3,"enemies":"The Guardian","floor":16,"turns":15},{"damage":0,"enemies":"3 Byrds","floor":18,"turns":4},{"damage":0,"enemies":"Shell Parasite","floor":19,"turns":7},{"damage":0,"enemies":"Snecko","floor":21,"turns":6},{"damage":6,"enemies":"Gremlin Leader","floor":24,"turns":9},{"damage":4,"enemies":"Snake Plant","floor":25,"turns":6},{"damage":0,"enemies":"Cultist and Chosen","floor":27,"turns":5},{"damage":8,"enemies":"Chosen and Byrds","floor":29,"turns":9},{"damage":0,"enemies":"Centurion and Healer","floor":31,"turns":8},{"damage":73,"enemies":"Champ","floor":33,"turns":16}],"seed_played":"-7568025615173358928","potions_obtained":[{"floor":4,"key":"GhostInAJar"},{"floor":7,"key":"FearPotion"},{"floor":11,"key":"Swift Potion"},{"floor":16,"key":"EssenceOfSteel"},{"floor":19,"key":"Poison Potion"},{"floor":21,"key":"Poison Potion"},{"floor":24,"key":"Fire Potion"}],"is_trial":false,"path_per_floor":["M","M","$","M","?","R","M","R","T","?","E","$","M","M","R","B",null,"M","M","?","M","?","R","E","M","T","M","T","M","R","M","R"],"character_chosen":"THE_SILENT","items_purchased":["Dash","Blur"],"campfire_rested":1,"item_purchase_floors":[3,3],"current_hp_per_floor":[63,63,63,63,63,63,58,58,58,58,54,54,41,41,41,38,62,62,62,70,70,70,70,64,60,60,60,60,52,52,52,70,0],"gold":699,"neow_bonus":"UPGRADE_CARD","is_prod":false,"is_daily":false,"chose_seed":false,"campfire_upgraded":5,"win_rate":0,"timestamp":1535513017,"path_taken":["M","M","$","M","?","R","M","R","T","?","E","$","?","M","R","BOSS","M","M","?","?","?","R","E","M","T","M","?","M","R","M","R","BOSS"],"build_version":"2018-08-23v2","purchased_purges":0,"victory":false,"max_hp_per_floor":[70,70,70,70,70,70,70,70,70,70,70,70,70,70,70,70,70,70,70,70,70,70,70,70,70,70,70,70,70,70,70,70,70],"card_choices":[{"not_picked":["Slice","Crippling Poison"],"picked":"Footwork","floor":1},{"not_picked":["Poisoned Stab","Underhanded Strike"],"picked":"Backflip","floor":2},{"not_picked":["Flying Knee","Dagger Throw"],"picked":"Dagger Spray","floor":4},{"not_picked":["Reflex","Masterful Stab"],"picked":"Corpse Explosion","floor":7},{"not_picked":["Expertise","Flechettes"],"picked":"Sucker Punch","floor":11},{"not_picked":["Bane","Blade Dance"],"picked":"Bouncing Flask","floor":13},{"not_picked":["Predator","Deflect","Dodge and Roll"],"picked":"SKIP","floor":14},{"not_picked":["Storm of Steel","Die Die Die"],"picked":"Adrenaline","floor":16},{"not_picked":["Acrobatics","Underhanded Strike","Dagger Throw"],"picked":"SKIP","floor":18},{"not_picked":["Tactician+1","Bane"],"picked":"Calculated Gamble","floor":19},{"not_picked":["Finisher","Concentrate+1"],"picked":"Prepared","floor":21},{"not_picked":["Reflex","Prepared"],"picked":"Escape Plan","floor":24},{"not_picked":["Flechettes","Backflip"],"picked":"A Thousand Cuts","floor":25},{"not_picked":["Sucker Punch","Dagger Throw"],"picked":"Footwork","floor":27},{"not_picked":["Slice","Acrobatics"],"picked":"PiercingWail","floor":29},{"not_picked":["Poisoned Stab","Dagger Spray","Dagger Throw+1"],"picked":"SKIP","floor":31}],"player_experience":722763,"relics_obtained":[{"floor":9,"key":"Happy Flower"},{"floor":11,"key":"MawBank"},{"floor":24,"key":"Regal Pillow"},{"floor":26,"key":"Bag of Preparation"},{"floor":28,"key":"Ice Cream"}],"event_choices":[{"event_name":"Golden Wing","player_choice":"Gained Gold","floor":5,"damage_taken":0},{"event_name":"Wheel of Change","player_choice":"Card Removal","floor":10,"damage_taken":0},{"event_name":"Wheel of Change","player_choice":"Full Heal","floor":20,"damage_taken":0},{"event_name":"Back to Basics","player_choice":"Simplicity","floor":22,"damage_taken":0}],"is_beta":false,"boss_relics":[{"not_picked":["Empty Cage","HoveringKite"],"picked":"Astrolabe"}],"items_purged_floors":[],"is_endless":false,"potions_floor_spawned":[4,7,11,16,19,21,24],"killed_by":"Champ","ascension_level":12}