{"gold_per_floor":[15,27,47,59,6,6,35,35,62,99,124,170,182,205,217,300,312,339,67,67,67,79,79,105,123,123,123,123,136,165,165,165,239,239,258,56,72,72,0,0,28,28,28,28,39,39],"floor_reached":46,"playtime":1265,"items_purged":["Strike_R","Strike_R"],"score":945,"play_id":"83c2e2dd-78af-45a5-be58-98d61756608b","local_time":"20181120185815","is_ascension_mode":true,"campfire_choices":[{"data":"Whirlwind","floor":6,"key":"SMITH"},{"data":"Whirlwind","floor":8,"key":"SMITH"},{"floor":15,"key":"REST"},{"data":"Flame Barrier","floor":23,"key":"SMITH"},{"floor":27,"key":"REST"},{"data":"Whirlwind","floor":32,"key":"SMITH"},{"floor":40,"key":"REST"},{"data":"Double Tap","floor":42,"key":"SMITH"},{"floor":44,"key":"REST"}],"neow_cost":"NO_GOLD","seed_source_timestamp":3806790787702,"circlet_count":0,"master_deck":["AscendersBane","Strike_R","Strike_R","Defend_R","Defend_R","Defend_R","Defend_R","Bash+1","Immolate","Whirlwind+1","Flame Barrier+1","Armaments","Whirlwind+1","Flex","Shrug It Off+1","Headbutt","Offering","Double Tap+1","Thunderclap","True Grit","Whirlwind+1","Flex","Impervious","Pommel Strike+1","Battle Trance"],"relics":["Burning Blood","Bag of Preparation","MawBank","Bronze Scales","Omamori","Philosopher\u0027s Stone","Chemical X","Turnip","Pocketwatch","Pantograph","The Courier","Velvet Choker","Juzu Bracelet","Red Mask","Champion Belt","Shuriken"],"potions_floor_usage":[7,10,16,24,25,25,33,37,46,46],"damage_taken":[{"damage":2,"enemies":"Jaw Worm","floor":1,"turns":3},{"damage":0,"enemies":"Small Slimes","floor":2,"turns":2},{"damage":0,"enemies":"Cultist","floor":3,"turns":3},{"damage":9,"enemies":"3 Louse","floor":4,"turns":3},{"damage":8,"enemies":"Gremlin Nob","floor":7,"turns":3},{"damage":0,"enemies":"3 Sentries","floor":10,"turns":2},{"damage":0,"enemies":"2 Fungi Beasts","floor":11,"turns":1},{"damage":32,"enemies":"Lagavulin","floor":12,"turns":5},{"damage":0,"enemies":"Large Slime","floor":14,"turns":4},{"damage":46,"enemies":"Hexaghost","floor":16,"turns":8},{"damage":0,"enemies":"3 Byrds","floor":18,"turns":3},{"damage":18,"enemies":"2 Thieves","floor":22,"turns":2},{"damage":11,"enemies":"Gremlin Leader","floor":24,"turns":3},{"damage":0,"enemies":"Snake Plant","floor":25,"turns":1},{"damage":6,"enemies":"Sentry and Sphere","floor":29,"turns":2},{"damage":0,"enemies":"Slavers","floor":30,"turns":1},{"damage":29,"enemies":"Automaton","floor":33,"turns":6},{"damage":49,"enemies":"3 Shapes","floor":35,"turns":2},{"damage":0,"enemies":"3 Darklings","floor":37,"turns":1},{"damage":34,"enemies":"Giant Head","floor":41,"turns":5},{"damage":48,"enemies":"Sphere and 2 Shapes","floor":45,"turns":1},{"damage":35,"enemies":"Writhing Mass","floor":46,"turns":3}],"seed_played":"-5831667826197319793","potions_obtained":[{"floor":1,"key":"SkillPotion"},{"floor":4,"key":"Explosive Potion"},{"floor":12,"key":"Strength Potion"},{"floor":16,"key":"Energy Potion"},{"floor":22,"key":"SkillPotion"},{"floor":24,"key":"Fire Potion"},{"floor":30,"key":"AttackPotion"},{"floor":35,"key":"Weak Potion"},{"floor":37,"key":"Fruit Juice"},{"floor":45,"key":"Regen Potion"}],"is_trial":false,"path_per_floor":["M","M","M","M","$","R","E","R","T","E","M","E","?","M","R","B",null,"M","$","?","T","M","R","E","M","T","R","?","M","E","?","R","B",null,"M","$","M","?","?","R","E","R","T","R","M","M"],"character_chosen":"IRONCLAD","items_purchased":["Flex","Chemical X","Juzu Bracelet"],"campfire_rested":4,"item_purchase_floors":[5,19,36],"current_hp_per_floor":[72,75,75,72,72,72,70,70,70,75,75,49,34,40,62,22,62,68,68,54,54,42,42,37,43,43,67,67,67,73,73,73,57,74,31,31,42,42,42,67,39,39,39,64,22,0],"gold":39,"neow_bonus":"THREE_RARE_CARDS","is_prod":false,"is_daily":false,"chose_seed":false,"campfire_upgraded":5,"win_rate":0,"timestamp":1542769095,"path_taken":["M","M","M","M","$","R","E","R","T","E","M","E","?","M","R","BOSS","M","$","?","?","M","R","E","M","T","R","?","?","E","?","R","BOSS","M","$","M","?","?","R","E","R","T","R","M","M"],"build_version":"2018-11-15","purchased_purges":2,"victory":false,"max_hp_per_floor":[75,75,75,75,75,75,75,75,75,75,75,75,75,75,75,75,75,75,75,80,80,80,80,80,80,80,80,80,80,80,80,80,80,80,80,80,85,85,85,85,85,85,85,85,85,85],"card_choices":[{"not_picked":["Berserk","Demon Form"],"picked":"Immolate","floor":0},{"not_picked":["Searing Blow","Anger"],"picked":"Whirlwind","floor":1},{"not_picked":["Havoc","Headbutt"],"picked":"Flame Barrier","floor":2},{"not_picked":["Clash","Heavy Blade"],"picked":"Armaments","floor":3},{"not_picked":["Shockwave","Clash"],"picked":"Whirlwind","floor":4},{"not_picked":["True Grit","Perfected Strike"],"picked":"Shrug It Off","floor":7},{"not_picked":["Clash","Iron Wave"],"picked":"Headbutt","floor":10},{"not_picked":["Heavy Blade","Second Wind","Whirlwind"],"picked":"SKIP","floor":11},{"not_picked":["Second Wind","Shockwave"],"picked":"Offering","floor":12},{"not_picked":["Heavy Blade","Clothesline","Havoc"],"picked":"SKIP","floor":14},{"not_picked":["Impervious","Juggernaut"],"picked":"Double Tap","floor":16},{"not_picked":["Intimidate","Havoc"],"picked":"Thunderclap","floor":18},{"not_picked":["Berserk","Sword Boomerang"],"picked":"True Grit","floor":22},{"not_picked":["Thunderclap","Clothesline","Heavy Blade"],"picked":"SKIP","floor":24},{"not_picked":["Body Slam","Uppercut"],"picked":"Metallicize","floor":25},{"not_picked":["Twin Strike","Sword Boomerang","Warcry"],"picked":"SKIP","floor":29},{"not_picked":["Armaments","True Grit"],"picked":"Flex","floor":30},{"not_picked":["Bludgeon","Brutality"],"picked":"Impervious","floor":33},{"not_picked":["Sword Boomerang","Body Slam","Combust"],"picked":"SKIP","floor":35},{"not_picked":["Blood for Blood+1","Wild Strike","Bloodletting"],"picked":"SKIP","floor":37},{"not_picked":["Anger","Perfected Strike"],"picked":"Pommel Strike+1","floor":41},{"not_picked":["Shrug It Off","Berserk"],"picked":"Battle Trance","floor":45}],"player_experience":805023,"relics_obtained":[{"floor":7,"key":"Bag of Preparation"},{"floor":9,"key":"MawBank"},{"floor":10,"key":"Bronze Scales"},{"floor":12,"key":"Omamori"},{"floor":21,"key":"Turnip"},{"floor":24,"key":"Pocketwatch"},{"floor":26,"key":"Pantograph"},{"floor":30,"key":"The Courier"},{"floor":41,"key":"Champion Belt"},{"floor":43,"key":"Shuriken"}],"event_choices":[{"damage_healed":0,"gold_gain":0,"player_choice":"Entered Light","damage_taken":15,"max_hp_gain":0,"max_hp_loss":0,"event_name":"Shining Light","floor":13,"gold_loss":0,"cards_upgraded":["Bash","Shrug It Off"]},{"damage_healed":0,"gold_gain":0,"player_choice":"Shed Blood","damage_taken":19,"max_hp_gain":5,"max_hp_loss":0,"event_name":"Forgotten Altar","floor":20,"gold_loss":0},{"damage_healed":0,"gold_gain":0,"cards_transformed":["Strike_R"],"player_choice":"Transformed","damage_taken":0,"max_hp_gain":0,"max_hp_loss":0,"event_name":"Transmorgrifier","floor":28,"gold_loss":0,"cards_obtained":["Whirlwind"]},{"damage_healed":0,"gold_gain":0,"player_choice":"Ignored","damage_taken":0,"max_hp_gain":0,"max_hp_loss":0,"event_name":"The Mausoleum","floor":31,"gold_loss":0},{"cards_removed":["Metallicize"],"damage_healed":0,"gold_gain":0,"player_choice":"Removed Power","damage_taken":0,"max_hp_gain":0,"max_hp_loss":0,"event_name":"Falling","floor":38,"gold_loss":0},{"damage_healed":0,"gold_gain":0,"player_choice":"Paid","damage_taken":0,"relics_obtained":["Red Mask"],"max_hp_gain":0,"max_hp_loss":0,"event_name":"Tomb of Lord Red Mask","floor":39,"gold_loss":72}],"is_beta":false,"boss_relics":[{"not_picked":["Astrolabe","Runic Dome"],"picked":"Philosopher\u0027s Stone"},{"not_picked":["Fusion Hammer","Tiny House"],"picked":"Velvet Choker"}],"items_purged_floors":[19,36],"is_endless":false,"potions_floor_spawned":[1,4,12,16,22,24,30,35,37,45],"killed_by":"Writhing Mass","ascension_level":14}