{"gold_per_floor":[118,134,152,152,74,105,105,125,152,165,175,185,185,235,235,312,312,322,322,135,50,50,50,78,97,97,116,116,116,127,137,137,137],"floor_reached":33,"playtime":1538,"items_purged":[],"score":550,"play_id":"e61391fc-95ac-4d7d-aaa8-dffb62546b46","local_time":"20190701230659","is_ascension_mode":true,"campfire_choices":[{"floor":7,"key":"REST"},{"floor":15,"key":"REST"},{"data":"Panache","floor":23,"key":"SMITH"},{"floor":28,"key":"REST"},{"data":"Footwork","floor":32,"key":"SMITH"}],"neow_cost":"NONE","seed_source_timestamp":1641404595764467,"circlet_count":0,"master_deck":["AscendersBane","Defend_G+1","Defend_G+1","Defend_G+1","Defend_G+1","Defend_G+1","Survivor","Neutralize","Prepared","Dash","Dagger Throw","Noxious Fumes","Noxious Fumes+1","Skewer","Leg Sweep","Catalyst","PiercingWail","Adrenaline","Panache+1","Bite","Bite","Bite","Bite","Bite","PiercingWail","Prepared","Acrobatics","Expertise+1","Footwork+1"],"relics":["Ring of the Snake","NeowsBlessing","Anchor","Oddly Smooth Stone","Smiling Mask","Sozu","Sundial","Ancient Tea Set","Shuriken"],"potions_floor_usage":[6,8,10,16],"damage_taken":[{"damage":0,"enemies":"Cultist","floor":1,"turns":1},{"damage":0,"enemies":"2 Louse","floor":2,"turns":1},{"damage":0,"enemies":"Small Slimes","floor":3,"turns":1},{"damage":42,"enemies":"Gremlin Nob","floor":6,"turns":5},{"damage":12,"enemies":"Exordium Thugs","floor":8,"turns":5},{"damage":0,"enemies":"Exordium Wildlife","floor":10,"turns":7},{"damage":0,"enemies":"3 Louse","floor":11,"turns":4},{"damage":14,"enemies":"2 Fungi Beasts","floor":12,"turns":4},{"damage":21,"enemies":"The Guardian","floor":16,"turns":9},{"damage":19,"enemies":"Spheric Guardian","floor":18,"turns":6},{"damage":14,"enemies":"Book of Stabbing","floor":24,"turns":6},{"damage":0,"enemies":"3 Byrds","floor":25,"turns":2},{"damage":16,"enemies":"3 Cultists","floor":27,"turns":5},{"damage":27,"enemies":"Colosseum Slavers","floor":29,"turns":6},{"damage":3,"enemies":"Centurion and Healer","floor":30,"turns":8},{"damage":4,"enemies":"Sentry and Sphere","floor":31,"turns":6},{"damage":68,"enemies":"Collector","floor":33,"turns":9}],"seed_played":"5932920254669381996","potions_obtained":[{"floor":1,"key":"Explosive Potion"},{"floor":6,"key":"Dexterity Potion"},{"floor":8,"key":"Fruit Juice"},{"floor":12,"key":"Weak Potion"}],"is_trial":false,"path_per_floor":["M","M","M","?","$","E","R","M","T","M","M","M","?","?","R","B",null,"M","?","$","?","?","R","E","M","T","M","R","?","M","M","R","B"],"character_chosen":"THE_SILENT","items_purchased":["Noxious Fumes","Panache"],"campfire_rested":3,"item_purchase_floors":[5,20],"current_hp_per_floor":[59,59,59,48,48,6,25,18,18,18,18,4,4,4,25,4,54,35,35,35,35,35,35,35,39,39,29,43,28,39,49,49,0],"gold":137,"neow_bonus":"THREE_ENEMY_KILL","is_prod":false,"is_daily":false,"chose_seed":false,"campfire_upgraded":2,"win_rate":0,"timestamp":1562047619,"path_taken":["M","M","M","?","$","E","R","M","T","M","M","M","?","?","R","BOSS","M","?","$","?","?","R","E","?","T","M","R","?","M","M","R","BOSS"],"build_version":"2019-07-01","purchased_purges":0,"victory":false,"max_hp_per_floor":[66,66,66,66,66,66,66,71,71,71,71,71,71,71,71,71,71,71,71,71,71,49,49,49,49,49,49,49,49,49,49,49,49],"card_choices":[{"not_picked":["Accuracy","Dodge and Roll"],"picked":"Prepared","floor":1},{"not_picked":["Finisher","Outmaneuver"],"picked":"Dash","floor":2},{"not_picked":["Reflex","Well Laid Plans"],"picked":"Dagger Throw","floor":3},{"not_picked":["Calculated Gamble","Dagger Spray"],"picked":"Noxious Fumes","floor":6},{"not_picked":["Tactician","Terror"],"picked":"Skewer","floor":8},{"not_picked":["Flying Knee","Outmaneuver"],"picked":"Leg Sweep","floor":10},{"not_picked":["Flying Knee","Blade Dance"],"picked":"Catalyst","floor":11},{"not_picked":["Dagger Spray","Envenom"],"picked":"PiercingWail","floor":12},{"not_picked":["Burst","Envenom"],"picked":"Adrenaline","floor":16},{"not_picked":["Choke","Slice","Eviscerate"],"picked":"SKIP","floor":18},{"not_picked":["Choke","Accuracy"],"picked":"PiercingWail","floor":24},{"not_picked":["Blade Dance","Deadly Poison"],"picked":"Prepared","floor":25},{"not_picked":["Dagger Throw+1","Quick Slash"],"picked":"Acrobatics","floor":27},{"not_picked":["Grand Finale","Flying Knee+1"],"picked":"Expertise+1","floor":30},{"not_picked":["Skewer","Dodge and Roll+1"],"picked":"Footwork","floor":31}],"player_experience":1114985,"relics_obtained":[{"floor":6,"key":"Oddly Smooth Stone"},{"floor":9,"key":"Smiling Mask"},{"floor":24,"key":"Ancient Tea Set"},{"floor":26,"key":"Shuriken"}],"event_choices":[{"damage_healed":0,"gold_gain":0,"player_choice":"Success","damage_taken":11,"relics_obtained":["Anchor"],"max_hp_gain":0,"max_hp_loss":0,"event_name":"Scrap Ooze","floor":4,"gold_loss":0},{"damage_healed":0,"gold_gain":0,"player_choice":"Grow","damage_taken":0,"max_hp_gain":0,"max_hp_loss":0,"event_name":"Living Wall","floor":13,"gold_loss":0,"cards_upgraded":["Noxious Fumes"]},{"damage_healed":0,"gold_gain":50,"player_choice":"Pray","damage_taken":0,"max_hp_gain":0,"max_hp_loss":0,"event_name":"Golden Shrine","floor":14,"gold_loss":0},{"damage_healed":0,"gold_gain":0,"player_choice":"Simplicity","damage_taken":0,"max_hp_gain":0,"max_hp_loss":0,"event_name":"Back to Basics","floor":19,"gold_loss":0,"cards_upgraded":["Strike_G","Strike_G","Strike_G","Strike_G","Strike_G","Defend_G","Defend_G","Defend_G","Defend_G","Defend_G"]},{"damage_healed":0,"gold_gain":0,"player_choice":"Obtained Relic","damage_taken":0,"relics_obtained":["Sundial"],"max_hp_gain":0,"max_hp_loss":0,"event_name":"Addict","floor":21,"gold_loss":85},{"damage_healed":0,"gold_gain":0,"player_choice":"Became a vampire","damage_taken":0,"max_hp_gain":0,"max_hp_loss":22,"event_name":"Vampires","floor":22,"gold_loss":0,"cards_obtained":["Bite","Bite","Bite","Bite","Bite"]},{"damage_healed":0,"gold_gain":0,"player_choice":"Fight","damage_taken":0,"max_hp_gain":0,"max_hp_loss":0,"event_name":"Colosseum","floor":29,"gold_loss":0},{"damage_healed":0,"gold_gain":0,"player_choice":"Fled From Nobs","damage_taken":0,"max_hp_gain":0,"max_hp_loss":0,"event_name":"Colosseum","floor":29,"gold_loss":0}],"is_beta":false,"boss_relics":[{"not_picked":["Calling Bell","HoveringKite"],"picked":"Sozu"}],"items_purged_floors":[],"is_endless":false,"potions_floor_spawned":[1,6,8,12,24,29,31],"killed_by":"Collector","ascension_level":19}