{"gold_per_floor":[118,15,25,37,37,67,77,111,111,72,72,82,45,117,117,117],"floor_reached":16,"playtime":460,"items_purged":[],"score":220,"play_id":"bd2e9b5b-2427-4c25-8739-5c1acb463306","local_time":"20190606081846","is_ascension_mode":true,"campfire_choices":[{"data":"FTL","floor":11,"key":"SMITH"},{"data":"Buffer","floor":15,"key":"SMITH"}],"neow_cost":"NONE","seed_source_timestamp":202458141690432,"circlet_count":0,"master_deck":["AscendersBane","Strike_B","Strike_B","Strike_B","Strike_B","Defend_B","Defend_B","Defend_B","Defend_B","Zap","Dualcast","Ball Lightning","Panacea","Coolheaded","Doom and Gloom","Buffer+1","Streamline","Electrodynamics","FTL+1","Conserve Battery","Self Repair"],"relics":["Cracked Core","NeowsBlessing","Ice Cream","Pen Nib","Kunai","Letter Opener"],"potions_floor_usage":[8,16,16],"damage_taken":[{"damage":0,"enemies":"Cultist","floor":1,"turns":1},{"damage":0,"enemies":"Jaw Worm","floor":3,"turns":1},{"damage":0,"enemies":"Small Slimes","floor":4,"turns":1},{"damage":33,"enemies":"Lagavulin","floor":6,"turns":5},{"damage":12,"enemies":"3 Louse","floor":7,"turns":3},{"damage":11,"enemies":"Gremlin Nob","floor":8,"turns":4},{"damage":4,"enemies":"Blue Slaver","floor":12,"turns":4},{"damage":24,"enemies":"Hexaghost","floor":16,"turns":9}],"seed_played":"-7867068464209586540","potions_obtained":[{"floor":4,"key":"SpeedPotion"},{"floor":7,"key":"Regen Potion"},{"floor":8,"key":"Weak Potion"}],"is_trial":false,"path_per_floor":["M","$","M","M","?","E","M","E","T","$","R","M","$","T","R","B"],"character_chosen":"DEFECT","items_purchased":["Panacea","FTL","Self Repair"],"campfire_rested":0,"item_purchase_floors":[2,10,13],"current_hp_per_floor":[64,64,64,64,71,38,26,27,27,27,27,23,23,23,23,0],"gold":117,"neow_bonus":"THREE_ENEMY_KILL","is_prod":false,"is_daily":false,"chose_seed":false,"campfire_upgraded":2,"win_rate":0,"timestamp":1559823526,"path_taken":["M","$","M","?","?","E","M","E","T","$","R","M","?","?","R","BOSS"],"build_version":"2019-01-23","purchased_purges":0,"victory":false,"max_hp_per_floor":[71,71,71,71,71,71,71,71,71,71,71,71,71,71,71,71],"card_choices":[{"not_picked":["Coolheaded","Genetic Algorithm"],"picked":"Ball Lightning","floor":1},{"not_picked":["BootSequence","Rebound"],"picked":"Coolheaded","floor":3},{"not_picked":["Undo","Hologram"],"picked":"Doom and Gloom","floor":4},{"not_picked":["Rebound","Sweeping Beam"],"picked":"Buffer","floor":6},{"not_picked":["White Noise","Leap"],"picked":"Streamline","floor":7},{"not_picked":["Hologram","Consume"],"picked":"Electrodynamics","floor":8},{"not_picked":["Rip and Tear","Rebound"],"picked":"Conserve Battery","floor":12}],"player_experience":843619,"relics_obtained":[{"floor":6,"key":"Ice Cream"},{"floor":8,"key":"Pen Nib"},{"floor":9,"key":"Kunai"},{"floor":14,"key":"Letter Opener"}],"event_choices":[{"damage_healed":7,"gold_gain":0,"player_choice":"Full Heal","damage_taken":0,"max_hp_gain":0,"max_hp_loss":0,"event_name":"Wheel of Change","floor":5,"gold_loss":0}],"is_beta":false,"boss_relics":[],"items_purged_floors":[],"is_endless":false,"potions_floor_spawned":[4,7,8],"killed_by":"Hexaghost","ascension_level":20}