{"gold_per_floor":[19,34,34,50,50,50,86,86,86,109,109,109,153,99,99,99],"floor_reached":16,"playtime":493,"items_purged":[],"score":216,"play_id":"1ae298cb-a806-4715-870e-36edcbb5c31e","local_time":"20190531184241","is_ascension_mode":true,"campfire_choices":[{"data":"Immolate","floor":6,"key":"SMITH"},{"data":"Bash","floor":11,"key":"SMITH"},{"data":"Armaments","floor":15,"key":"SMITH"}],"neow_cost":"NO_GOLD","seed_source_timestamp":1215089478167472,"circlet_count":0,"master_deck":["AscendersBane","Strike_R","Strike_R","Strike_R","Strike_R","Defend_R","Defend_R","Defend_R","Defend_R","Bash+1","Immolate+1","Shrug It Off","Ghostly Armor","Inflame+1","Thunderclap","Clothesline","Armaments+1"],"relics":["Burning Blood","Golden Idol","Anchor","Kunai","Pen Nib","Regal Pillow"],"potions_floor_usage":[10,13,16],"damage_taken":[{"damage":11,"enemies":"Jaw Worm","floor":1,"turns":4},{"damage":6,"enemies":"2 Louse","floor":2,"turns":3},{"damage":0,"enemies":"Cultist","floor":4,"turns":3},{"damage":31,"enemies":"Gremlin Nob","floor":7,"turns":4},{"damage":1,"enemies":"Looter","floor":10,"turns":4},{"damage":4,"enemies":"3 Sentries","floor":13,"turns":4},{"damage":34,"enemies":"Hexaghost","floor":16,"turns":9}],"seed_played":"-8292819164830350147","potions_obtained":[{"floor":2,"key":"Regen Potion"},{"floor":7,"key":"Explosive Potion"},{"floor":10,"key":"SkillPotion"},{"floor":13,"key":"LiquidBronze"}],"is_trial":false,"path_per_floor":["M","M","?","M","?","R","E","T","T","M","R","?","E","$","R","B"],"character_chosen":"IRONCLAD","items_purchased":["Armaments"],"campfire_rested":0,"item_purchase_floors":[14],"current_hp_per_floor":[63,63,37,43,36,36,11,11,11,28,28,28,30,30,30,0],"gold":99,"neow_bonus":"THREE_RARE_CARDS","is_prod":false,"is_daily":false,"chose_seed":false,"campfire_upgraded":3,"win_rate":0,"timestamp":1559342561,"path_taken":["M","M","?","M","?","R","E","?","T","M","R","?","E","$","R","BOSS"],"build_version":"2019-01-23","purchased_purges":0,"victory":false,"max_hp_per_floor":[75,75,75,75,75,75,75,75,75,75,75,75,75,75,75,75],"card_choices":[{"not_picked":["Exhume","Barricade"],"picked":"Immolate","floor":0},{"not_picked":["Perfected Strike","Wild Strike"],"picked":"Shrug It Off","floor":1},{"not_picked":["Searing Blow","Anger"],"picked":"Ghostly Armor","floor":2},{"not_picked":["Cleave","Clash"],"picked":"Inflame","floor":4},{"not_picked":["Clothesline","Havoc"],"picked":"Thunderclap","floor":7},{"not_picked":["Thunderclap","Brutality","Flex"],"picked":"SKIP","floor":10},{"not_picked":["Anger","Shockwave"],"picked":"Clothesline","floor":13}],"player_experience":800626,"relics_obtained":[{"floor":7,"key":"Anchor"},{"floor":8,"key":"Kunai"},{"floor":9,"key":"Pen Nib"},{"floor":13,"key":"Regal Pillow"}],"event_choices":[{"damage_healed":0,"gold_gain":0,"player_choice":"Take Damage","damage_taken":26,"relics_obtained":["Golden Idol"],"max_hp_gain":0,"max_hp_loss":0,"event_name":"Golden Idol","floor":3,"gold_loss":0},{"cards_removed":["Strike_R"],"damage_healed":0,"gold_gain":0,"player_choice":"Card Removal","damage_taken":7,"max_hp_gain":0,"max_hp_loss":0,"event_name":"Golden Wing","floor":5,"gold_loss":0},{"damage_healed":0,"gold_gain":0,"player_choice":"Upgraded","damage_taken":0,"max_hp_gain":0,"max_hp_loss":0,"event_name":"Upgrade Shrine","floor":12,"gold_loss":0,"cards_upgraded":["Inflame"]}],"is_beta":false,"boss_relics":[],"items_purged_floors":[],"is_endless":false,"potions_floor_spawned":[2,7,10,13],"killed_by":"Hexaghost","ascension_level":20}