{"gold_per_floor":[117,133,98,98,98,98,132,132,157,191,191,212,251,271,271,370,370,395,416,435,7,7,43,43,57,104,116,149,161,173,200,212,224],"floor_reached":33,"playtime":1135,"items_purged":[],"score":520,"play_id":"35aea721-a0b0-4ecf-9da2-c0ef4b1a8c3d","local_time":"20190321000059","is_ascension_mode":true,"campfire_choices":[{"data":"Static Discharge","floor":8,"key":"SMITH"},{"floor":11,"key":"REST"},{"data":"Glacier","floor":15,"key":"SMITH"},{"floor":24,"key":"REST"},{"floor":32,"key":"REST"}],"neow_cost":"PERCENT_DAMAGE","seed_source_timestamp":22326099385372,"circlet_count":0,"master_deck":["AscendersBane","Strike_B+1","Strike_B+1","Strike_B","Defend_B","Defend_B","Defend_B","Defend_B","Zap","Dualcast","Beam Cell","Beam Cell","Static Discharge+1","Gash","Go for the Eyes","Self Repair","Glacier+1","Gash","Ball Lightning","Beam Cell","Leap","Thunder Strike","Beam Cell","Ball Lightning","Blizzard","Go for the Eyes","Hello World","Gash","Sweeping Beam","Stack","Static Discharge","Glacier","Lockon","Conserve Battery","Necronomicurse","Lockon","Leap","Steam","Darkness"],"relics":["Cracked Core","Prayer Wheel","Golden Idol","Centennial Puzzle","Bronze Scales","Whetstone","Oddly Smooth Stone","Orrery","ClockworkSouvenir","Lantern","Necronomicon","Art of War","MawBank"],"potions_floor_usage":[12,16,20,23,25,33],"damage_taken":[{"damage":2,"enemies":"Jaw Worm","floor":1,"turns":3},{"damage":1,"enemies":"2 Louse","floor":2,"turns":2},{"damage":30,"enemies":"Lagavulin","floor":7,"turns":7},{"damage":28,"enemies":"Gremlin Nob","floor":10,"turns":3},{"damage":5,"enemies":"Small Slimes","floor":12,"turns":3},{"damage":19,"enemies":"Lagavulin","floor":13,"turns":6},{"damage":0,"enemies":"Exordium Thugs","floor":14,"turns":3},{"damage":6,"enemies":"Hexaghost","floor":16,"turns":8},{"damage":14,"enemies":"2 Thieves","floor":18,"turns":4},{"damage":5,"enemies":"3 Byrds","floor":19,"turns":2},{"damage":11,"enemies":"Cultist and Chosen","floor":20,"turns":4},{"damage":17,"enemies":"Book of Stabbing","floor":23,"turns":5},{"damage":17,"enemies":"3 Cultists","floor":25,"turns":5},{"damage":8,"enemies":"Shelled Parasite and Fungi","floor":28,"turns":5},{"damage":0,"enemies":"Chosen and Byrds","floor":31,"turns":6},{"damage":66,"enemies":"Collector","floor":33,"turns":11}],"seed_played":"1800781718732949309","potions_obtained":[{"floor":1,"key":"LiquidBronze"},{"floor":10,"key":"Regen Potion"},{"floor":16,"key":"Weak Potion"},{"floor":18,"key":"PowerPotion"},{"floor":20,"key":"Fire Potion"},{"floor":28,"key":"FocusPotion"}],"is_trial":false,"path_per_floor":["M","M","?","$","?","?","E","R","T","E","R","M","E","M","R","B",null,"M","M","M","$","?","E","R","M","T","?","M","?","$","M","R","B"],"character_chosen":"DEFECT","items_purchased":["ClockworkSouvenir","Lantern","Lockon","Conserve Battery"],"campfire_rested":3,"item_purchase_floors":[21,21,21,21],"current_hp_per_floor":[48,47,65,65,65,65,35,35,35,7,27,38,26,26,26,27,59,52,47,43,43,27,10,30,20,20,43,35,35,35,42,62,0],"gold":224,"neow_bonus":"ONE_RARE_RELIC","is_prod":false,"is_daily":false,"chose_seed":false,"campfire_upgraded":2,"win_rate":0,"timestamp":1553140859,"path_taken":["M","M","?","$","?","?","E","R","T","E","R","M","E","?","R","BOSS","M","M","M","$","?","E","R","M","T","?","M","?","?","?","R","BOSS"],"build_version":"2019-01-23","purchased_purges":0,"victory":false,"max_hp_per_floor":[75,75,75,75,69,69,69,69,69,69,69,69,69,69,69,69,69,69,69,69,69,69,69,69,69,69,69,69,69,69,69,69,69],"card_choices":[{"not_picked":["FTL","Redo"],"picked":"Beam Cell","floor":1},{"not_picked":["Stack","FTL"],"picked":"Beam Cell","floor":1},{"not_picked":["Reprogram","Turbo"],"picked":"Static Discharge","floor":2},{"not_picked":["Creative AI","Leap"],"picked":"Gash","floor":2},{"not_picked":["Reprogram","Multi-Cast"],"picked":"Go for the Eyes","floor":7},{"not_picked":["Streamline","Conserve Battery"],"picked":"Self Repair","floor":10},{"not_picked":["Go for the Eyes","Fusion"],"picked":"Glacier","floor":12},{"not_picked":["Capacitor","Rebound"],"picked":"Gash","floor":12},{"not_picked":["Stack","Multi-Cast"],"picked":"Ball Lightning","floor":13},{"not_picked":["Capacitor","Rebound"],"picked":"Beam Cell","floor":14},{"not_picked":["Loop","Sunder"],"picked":"Leap","floor":14},{"not_picked":["Machine Learning","Buffer"],"picked":"Thunder Strike","floor":16},{"not_picked":["Turbo","Fusion"],"picked":"Beam Cell","floor":17},{"not_picked":["Streamline","Steam Power"],"picked":"Ball Lightning","floor":17},{"not_picked":["Coolheaded","Cold Snap"],"picked":"Blizzard","floor":17},{"not_picked":["Defragment","Reboot"],"picked":"Go for the Eyes","floor":17},{"not_picked":["Rip and Tear","Barrage"],"picked":"Hello World","floor":17},{"not_picked":["Steam","Go for the Eyes"],"picked":"Gash","floor":18},{"not_picked":["Turbo","Redo"],"picked":"Sweeping Beam","floor":18},{"not_picked":["Barrage","Rebound"],"picked":"Stack","floor":19},{"not_picked":["Aggregate","Barrage+1","Ball Lightning"],"picked":"SKIP","floor":19},{"not_picked":["Turbo","Hyperbeam"],"picked":"Static Discharge","floor":20},{"not_picked":["Coolheaded","Barrage"],"picked":"Glacier","floor":20},{"not_picked":["Recycle","Turbo","Reinforced Body"],"picked":"SKIP","floor":23},{"not_picked":["Barrage+1","Hologram"],"picked":"Lockon","floor":25},{"not_picked":["Melter","Reinforced Body"],"picked":"Leap","floor":25},{"not_picked":["Tempest","Hologram","Fusion"],"picked":"SKIP","floor":28},{"not_picked":["Turbo","Sweeping Beam","Conserve Battery"],"picked":"SKIP","floor":28},{"not_picked":["Conserve Battery","Force Field"],"picked":"Steam","floor":31},{"not_picked":["Auto Shields","Turbo"],"picked":"Darkness","floor":31}],"player_experience":434974,"relics_obtained":[{"floor":7,"key":"Centennial Puzzle"},{"floor":9,"key":"Bronze Scales"},{"floor":10,"key":"Whetstone"},{"floor":13,"key":"Oddly Smooth Stone"},{"floor":22,"key":"Necronomicon"},{"floor":23,"key":"Art of War"},{"floor":26,"key":"MawBank"}],"event_choices":[{"damage_healed":18,"gold_gain":0,"player_choice":"Healed","damage_taken":0,"max_hp_gain":0,"max_hp_loss":0,"event_name":"The Cleric","floor":3,"gold_loss":35},{"damage_healed":0,"gold_gain":0,"player_choice":"Lose Max HP","damage_taken":0,"relics_obtained":["Golden Idol"],"max_hp_gain":0,"max_hp_loss":6,"event_name":"Golden Idol","floor":5,"gold_loss":0},{"cards_removed":["Strike_B"],"damage_healed":0,"gold_gain":0,"player_choice":"Purged","damage_taken":0,"max_hp_gain":0,"max_hp_loss":0,"event_name":"Purifier","floor":6,"gold_loss":0},{"damage_healed":0,"gold_gain":0,"player_choice":"Obtained Book","damage_taken":16,"max_hp_gain":0,"max_hp_loss":0,"event_name":"Cursed Tome","floor":22,"gold_loss":0},{"damage_healed":23,"gold_gain":0,"player_choice":"Heal","damage_taken":0,"max_hp_gain":0,"max_hp_loss":0,"event_name":"The Library","floor":27,"gold_loss":0},{"damage_healed":0,"gold_gain":0,"player_choice":"Ignored","damage_taken":0,"max_hp_gain":0,"max_hp_loss":0,"event_name":"Ghosts","floor":29,"gold_loss":0}],"is_beta":false,"boss_relics":[{"not_picked":["Eternal Feather","Snecko Eye"],"picked":"Orrery"}],"items_purged_floors":[],"is_endless":false,"potions_floor_spawned":[1,10,16,18,19,20,28],"killed_by":"Collector","ascension_level":13}