{"gold_per_floor":[110,110,120,120,136,170,170,186,186,206,206,220,251,269,269,269],"floor_reached":16,"playtime":542,"items_purged":[],"score":228,"play_id":"aa8f242c-e5a8-4bbc-aba2-0ae1cc2e6c63","local_time":"20190626203124","is_ascension_mode":true,"campfire_choices":[{"floor":11,"key":"REST"},{"data":"Footwork","floor":15,"key":"SMITH"}],"neow_cost":"NONE","seed_source_timestamp":436077653252080,"circlet_count":0,"master_deck":["AscendersBane","Defend_G","Defend_G","Defend_G","Defend_G","Defend_G","Strike_G","Strike_G","Strike_G","Strike_G","Strike_G","Survivor","Neutralize","Dagger Throw","Skewer","Deadly Poison","Deflect","Die Die Die","Footwork+1","Riddle With Holes","Dodge and Roll"],"relics":["Ring of the Snake","Anchor","Potion Belt","Incense Burner","Golden Idol","Question Card","Pantograph"],"potions_floor_usage":[6,10,16,16],"damage_taken":[{"damage":2,"enemies":"Small Slimes","floor":1,"turns":4},{"damage":0,"enemies":"2 Louse","floor":3,"turns":2},{"damage":0,"enemies":"Jaw Worm","floor":5,"turns":4},{"damage":32,"enemies":"Gremlin Nob","floor":6,"turns":4},{"damage":17,"enemies":"Exordium Wildlife","floor":8,"turns":6},{"damage":0,"enemies":"3 Louse","floor":10,"turns":6},{"damage":0,"enemies":"2 Fungi Beasts","floor":12,"turns":3},{"damage":27,"enemies":"3 Sentries","floor":13,"turns":12},{"damage":0,"enemies":"Blue Slaver","floor":14,"turns":2},{"damage":37,"enemies":"Slime Boss","floor":16,"turns":9}],"seed_played":"8892246015488191672","potions_obtained":[{"floor":5,"key":"Fire Potion"},{"floor":8,"key":"Regen Potion"},{"floor":10,"key":"Block Potion"},{"floor":13,"key":"LiquidBronze"}],"is_trial":false,"path_per_floor":["M","?","M","?","M","E","?","M","T","M","R","M","E","M","R","B"],"character_chosen":"THE_SILENT","items_purchased":[],"campfire_rested":1,"item_purchase_floors":[],"current_hp_per_floor":[57,46,46,51,51,19,19,2,2,17,36,36,9,9,9,0],"gold":269,"neow_bonus":"RANDOM_COMMON_RELIC","is_prod":false,"is_daily":false,"chose_seed":false,"campfire_upgraded":1,"win_rate":0,"timestamp":1561595484,"path_taken":["M","?","M","?","M","E","?","M","T","M","R","M","E","?","R","BOSS"],"build_version":"2019-01-23","purchased_purges":0,"victory":false,"max_hp_per_floor":[66,66,66,71,71,71,64,64,64,64,64,64,64,64,64,64],"card_choices":[{"not_picked":["Prepared","Underhanded Strike"],"picked":"Dagger Throw","floor":1},{"not_picked":["PiercingWail","Acrobatics","Calculated Gamble"],"picked":"SKIP","floor":3},{"not_picked":["Envenom","Poisoned Stab"],"picked":"Skewer","floor":5},{"not_picked":["Blade Dance","Dagger Throw"],"picked":"Deadly Poison","floor":6},{"not_picked":["Heel Hook","Underhanded Strike"],"picked":"Deflect","floor":8},{"not_picked":["Dagger Spray","Bane","Cloak And Dagger"],"picked":"Die Die Die","floor":10},{"not_picked":["Slice","Outmaneuver","Dagger Throw"],"picked":"Footwork","floor":12},{"not_picked":["Prepared","Escape Plan","Reflex"],"picked":"Riddle With Holes","floor":13},{"not_picked":["Prepared","Escape Plan","Slice"],"picked":"Dodge and Roll","floor":14}],"player_experience":977462,"relics_obtained":[{"floor":6,"key":"Incense Burner"},{"floor":9,"key":"Question Card"},{"floor":13,"key":"Pantograph"}],"event_choices":[{"damage_healed":0,"gold_gain":0,"player_choice":"Success","damage_taken":11,"relics_obtained":["Potion Belt"],"max_hp_gain":0,"max_hp_loss":0,"event_name":"Scrap Ooze","floor":2,"gold_loss":0},{"damage_healed":0,"gold_gain":0,"player_choice":"Donut","damage_taken":0,"max_hp_gain":5,"max_hp_loss":0,"event_name":"Big Fish","floor":4,"gold_loss":0},{"damage_healed":0,"gold_gain":0,"player_choice":"Lose Max HP","damage_taken":0,"relics_obtained":["Golden Idol"],"max_hp_gain":0,"max_hp_loss":7,"event_name":"Golden Idol","floor":7,"gold_loss":0}],"is_beta":false,"boss_relics":[],"items_purged_floors":[],"is_endless":false,"potions_floor_spawned":[5,8,10,13],"killed_by":"Slime Boss","ascension_level":20}