{"gold_per_floor":[114,64,79,8,8,8,39,39,107,117,117],"floor_reached":11,"playtime":873,"items_purged":[],"score":121,"play_id":"f0772974-9ff6-4edb-aa54-cb5eab552db7","local_time":"20181121222917","is_ascension_mode":true,"campfire_choices":[{"data":"Evolve","floor":6,"key":"SMITH"},{"floor":8,"key":"REST"}],"neow_cost":"NONE","seed_source_timestamp":29137310281236,"circlet_count":0,"master_deck":["AscendersBane","Strike_R","Strike_R","Strike_R","Defend_R","Defend_R","Defend_R","Defend_R","Bash","Blood for Blood","Evolve+1","Power Through","Battle Trance","Flame Barrier","Ghostly Armor"],"relics":["Burning Blood","Art of War","Sundial"],"potions_floor_usage":[],"damage_taken":[{"damage":11,"enemies":"2 Louse","floor":1,"turns":3},{"damage":26,"enemies":"Jaw Worm","floor":3,"turns":5},{"damage":35,"enemies":"3 Sentries","floor":7,"turns":9},{"damage":0,"enemies":"Cultist","floor":10,"turns":5},{"damage":0,"enemies":"Exordium Wildlife","floor":11,"turns":3}],"seed_played":"912601479947607687","potions_obtained":[{"floor":1,"key":"BloodPotion"},{"floor":7,"key":"Strength Potion"}],"is_trial":false,"path_per_floor":["M","?","M","$","?","R","E","R","T","M","M"],"character_chosen":"IRONCLAD","items_purchased":["Battle Trance"],"campfire_rested":1,"item_purchase_floors":[4],"current_hp_per_floor":[63,63,43,43,43,43,14,36,36,42,42],"gold":117,"neow_bonus":"THREE_CARDS","is_prod":false,"is_daily":false,"chose_seed":false,"campfire_upgraded":1,"win_rate":0,"timestamp":1542868157,"path_taken":["M","?","M","$","?","R","E","R","T","?","M"],"build_version":"2018-11-15","purchased_purges":0,"victory":false,"max_hp_per_floor":[75,75,75,75,75,75,75,75,75,75,75],"card_choices":[{"not_picked":["Perfected Strike","Pummel"],"picked":"Blood for Blood","floor":0},{"not_picked":["Power Through","Reckless Charge"],"picked":"Evolve","floor":1},{"not_picked":["Warcry","Body Slam"],"picked":"Power Through","floor":3},{"not_picked":["Heavy Blade","Corruption"],"picked":"Flame Barrier","floor":7},{"not_picked":["Rampage","Wild Strike"],"picked":"Ghostly Armor","floor":10}],"player_experience":814343,"relics_obtained":[{"floor":7,"key":"Art of War"},{"floor":9,"key":"Sundial"}],"event_choices":[{"cards_removed":["Strike_R"],"damage_healed":0,"gold_gain":0,"player_choice":"Card Removal","damage_taken":0,"max_hp_gain":0,"max_hp_loss":0,"event_name":"The Cleric","floor":2,"gold_loss":50},{"cards_removed":["Strike_R"],"damage_healed":0,"gold_gain":0,"player_choice":"Offered Basic","damage_taken":0,"max_hp_gain":0,"max_hp_loss":0,"event_name":"Bonfire Elementals","floor":5,"gold_loss":0}],"is_beta":false,"boss_relics":[],"items_purged_floors":[],"is_endless":false,"potions_floor_spawned":[1,7],"killed_by":"Exordium Wildlife","ascension_level":14}