{"gold_per_floor":[117,131,144,164,164,199,199,225,251,265,265,365,375,375,375,446,446,465,479,479,50,63,63,74,74,74,103,103,203,203,217,217,292,292,305,111,130,130,130,130,148,148,199,199,199,199,215,215,215,215],"floor_reached":50,"playtime":1960,"items_purged":[],"score":910,"play_id":"d75189ce-4f4f-46e6-b0ad-e74ee50ffa7e","local_time":"20190502230521","is_ascension_mode":true,"campfire_choices":[{"data":"Metallicize","floor":7,"key":"SMITH"},{"data":"Shrug It Off","floor":11,"key":"SMITH"},{"floor":15,"key":"REST"},{"floor":23,"key":"REST"},{"data":"Flame Barrier","floor":25,"key":"SMITH"},{"floor":30,"key":"REST"},{"floor":32,"key":"REST"},{"floor":40,"key":"REST"},{"data":"Limit Break","floor":42,"key":"SMITH"},{"floor":46,"key":"REST"},{"floor":49,"key":"REST"}],"neow_cost":"NONE","seed_source_timestamp":527585377167608,"circlet_count":0,"master_deck":["AscendersBane","Strike_R","Strike_R","Strike_R","Strike_R","Defend_R","Defend_R+1","Defend_R","Defend_R+1","Bash","Cleave","Hemokinesis","True Grit","Metallicize+1","Iron Wave+1","Shrug It Off+1","Inflame+1","Impervious","Hemokinesis+1","Sword Boomerang+1","Flame Barrier+1","Cleave+1","Exhume","Limit Break+1","Pummel+1","Wild Strike+1","Mind Blast+1","Shrug It Off","Entrench+1"],"relics":["Burning Blood","Red Skull","Molten Egg 2","Smiling Mask","War Paint","Pen Nib","Mark of Pain","FaceOfCleric","Bag of Preparation","Chemical X","Orichalcum","Blood Vial","Unceasing Top","Gremlin Horn","Velvet Choker","Juzu Bracelet","PreservedInsect","Question Card"],"potions_floor_usage":[6,16,16,22,27,27,29,37],"damage_taken":[{"damage":7,"enemies":"2 Louse","floor":1,"turns":2},{"damage":0,"enemies":"Small Slimes","floor":2,"turns":2},{"damage":4,"enemies":"Cultist","floor":3,"turns":3},{"damage":15,"enemies":"Exordium Wildlife","floor":4,"turns":4},{"damage":22,"enemies":"Gremlin Nob","floor":6,"turns":4},{"damage":16,"enemies":"3 Sentries","floor":8,"turns":9},{"damage":17,"enemies":"Looter","floor":10,"turns":4},{"damage":4,"enemies":"Exordium Thugs","floor":13,"turns":4},{"damage":9,"enemies":"Hexaghost","floor":16,"turns":13},{"damage":48,"enemies":"3 Byrds","floor":18,"turns":6},{"damage":9,"enemies":"Chosen","floor":19,"turns":4},{"damage":3,"enemies":"Snecko","floor":22,"turns":4},{"damage":10,"enemies":"Shelled Parasite and Fungi","floor":24,"turns":7},{"damage":24,"enemies":"Slavers","floor":27,"turns":6},{"damage":8,"enemies":"Colosseum Slavers","floor":29,"turns":4},{"damage":3,"enemies":"Colosseum Nobs","floor":29,"turns":3},{"damage":36,"enemies":"Snake Plant","floor":31,"turns":6},{"damage":39,"enemies":"Automaton","floor":33,"turns":12},{"damage":38,"enemies":"3 Darklings","floor":35,"turns":5},{"damage":18,"enemies":"3 Shapes","floor":37,"turns":2},{"damage":16,"enemies":"Jaw Worm Horde","floor":41,"turns":4},{"damage":48,"enemies":"Maw","floor":47,"turns":9},{"damage":67,"enemies":"Time Eater","floor":50,"turns":5}],"seed_played":"8723588096889162225","potions_obtained":[{"floor":1,"key":"Ancient Potion"},{"floor":2,"key":"Dexterity Potion"},{"floor":8,"key":"PowerPotion"},{"floor":18,"key":"PowerPotion"},{"floor":22,"key":"Dexterity Potion"},{"floor":24,"key":"AttackPotion"},{"floor":27,"key":"Swift Potion"},{"floor":33,"key":"Energy Potion"},{"floor":35,"key":"SteroidPotion"}],"is_trial":false,"path_per_floor":["M","M","M","M","?","E","R","E","T","M","R","?","M","?","R","B",null,"M","M","?","$","M","R","M","R","T","E","$","?","R","M","R","B",null,"M","$","M","?","?","R","M","R","T","?","T","R","M","?","R","B"],"character_chosen":"IRONCLAD","items_purchased":["Flame Barrier","Bag of Preparation","Chemical X","Explosive Potion","Juzu Bracelet","AttackPotion"],"campfire_rested":7,"item_purchase_floors":[21,21,21,21,36,36],"current_hp_per_floor":[67,73,75,66,66,50,50,40,40,29,29,29,31,20,42,39,66,24,21,21,21,25,47,44,44,44,27,27,34,58,31,55,25,68,39,39,30,30,30,55,48,48,48,48,48,73,34,34,59,0],"gold":215,"neow_bonus":"RANDOM_COMMON_RELIC","is_prod":false,"is_daily":false,"chose_seed":false,"campfire_upgraded":4,"win_rate":0,"timestamp":1556863521,"path_taken":["M","M","M","M","?","E","R","E","T","M","R","?","?","?","R","BOSS","M","M","?","$","M","R","M","R","T","E","?","?","R","M","R","BOSS","M","$","M","?","?","R","M","R","T","?","?","R","M","?","R","BOSS"],"build_version":"2019-01-23","purchased_purges":0,"victory":false,"max_hp_per_floor":[75,75,75,75,75,75,75,75,75,75,75,75,75,75,75,75,75,75,75,75,75,76,76,77,77,77,78,78,80,80,81,81,82,82,83,83,84,84,84,84,85,85,85,85,85,85,86,86,86,86],"card_choices":[{"not_picked":["Feel No Pain","Clash"],"picked":"Cleave","floor":1},{"not_picked":["Pummel","Clash"],"picked":"Hemokinesis","floor":2},{"not_picked":["Feel No Pain","Anger"],"picked":"True Grit","floor":3},{"not_picked":["Armaments","Heavy Blade","Body Slam"],"picked":"SKIP","floor":4},{"not_picked":["Rage","Infernal Blade"],"picked":"Metallicize","floor":6},{"not_picked":["Body Slam+1","True Grit"],"picked":"Iron Wave+1","floor":8},{"not_picked":["Uppercut+1","Flex"],"picked":"Shrug It Off","floor":10},{"not_picked":["Burning Pact","Juggernaut"],"picked":"Inflame","floor":13},{"not_picked":["Offering","Brutality"],"picked":"Impervious","floor":16},{"not_picked":["Flex","Feel No Pain"],"picked":"Hemokinesis+1","floor":18},{"not_picked":["Feel No Pain","Clash+1"],"picked":"Sword Boomerang+1","floor":19},{"not_picked":["Anger+1","Sword Boomerang+1"],"picked":"Shrug It Off","floor":22},{"not_picked":["Havoc+1","Perfected Strike+1"],"picked":"Cleave+1","floor":24},{"not_picked":["Twin Strike+1","Sentinel"],"picked":"Exhume","floor":27},{"not_picked":["Reckless Charge+1","Cleave+1","Hemokinesis+1"],"picked":"SKIP","floor":31},{"not_picked":["Offering","Demon Form"],"picked":"Limit Break","floor":33},{"not_picked":["Wild Strike+1","Rampage+1"],"picked":"Pummel+1","floor":35},{"not_picked":["Reckless Charge+1","Sever Soul+1"],"picked":"Wild Strike+1","floor":37},{"not_picked":["Enlightenment","Transmutation"],"picked":"Mind Blast+1","floor":38},{"not_picked":["Perfected Strike+1","True Grit"],"picked":"Shrug It Off","floor":41},{"not_picked":["Armaments","Intimidate+1","Wild Strike+1"],"picked":"Entrench+1","floor":47}],"player_experience":862910,"relics_obtained":[{"floor":6,"key":"Molten Egg 2"},{"floor":8,"key":"Smiling Mask"},{"floor":9,"key":"War Paint"},{"floor":26,"key":"Orichalcum"},{"floor":27,"key":"Blood Vial"},{"floor":29,"key":"Unceasing Top"},{"floor":29,"key":"Gremlin Horn"},{"floor":43,"key":"PreservedInsect"},{"floor":45,"key":"Question Card"}],"event_choices":[{"cards_removed":["Strike_R"],"damage_healed":0,"gold_gain":0,"player_choice":"Forget","damage_taken":0,"max_hp_gain":0,"max_hp_loss":0,"event_name":"Living Wall","floor":5,"gold_loss":0},{"damage_healed":0,"gold_gain":100,"player_choice":"Gold","damage_taken":0,"max_hp_gain":0,"max_hp_loss":0,"event_name":"Wheel of Change","floor":12,"gold_loss":0},{"damage_healed":0,"gold_gain":0,"player_choice":"Success","damage_taken":11,"relics_obtained":["Pen Nib"],"max_hp_gain":0,"max_hp_loss":0,"event_name":"Scrap Ooze","floor":14,"gold_loss":0},{"damage_healed":0,"gold_gain":0,"player_choice":"Trade","damage_taken":0,"relics_obtained":["FaceOfCleric"],"max_hp_gain":0,"max_hp_loss":0,"event_name":"FaceTrader","floor":20,"gold_loss":0},{"damage_healed":0,"gold_gain":0,"player_choice":"Fight","damage_taken":0,"max_hp_gain":0,"max_hp_loss":0,"event_name":"Colosseum","floor":29,"gold_loss":0},{"damage_healed":0,"gold_gain":0,"player_choice":"Fought Nobs","damage_taken":0,"max_hp_gain":0,"max_hp_loss":0,"event_name":"Colosseum","floor":29,"gold_loss":0},{"damage_healed":0,"gold_gain":0,"player_choice":"Memory 1","damage_taken":0,"max_hp_gain":0,"max_hp_loss":0,"event_name":"SensoryStone","floor":38,"gold_loss":0},{"cards_removed":["Shrug It Off"],"damage_healed":0,"gold_gain":0,"player_choice":"Removed Skill","damage_taken":0,"max_hp_gain":0,"max_hp_loss":0,"event_name":"Falling","floor":39,"gold_loss":0},{"damage_healed":0,"gold_gain":0,"player_choice":"Ignored","damage_taken":0,"max_hp_gain":0,"max_hp_loss":0,"event_name":"Mysterious Sphere","floor":44,"gold_loss":0},{"damage_healed":0,"gold_gain":0,"player_choice":"Upgraded","damage_taken":0,"max_hp_gain":0,"max_hp_loss":0,"event_name":"Upgrade Shrine","floor":48,"gold_loss":0,"cards_upgraded":["Inflame"]}],"is_beta":false,"boss_relics":[{"not_picked":["Pandora\u0027s Box","Lizard Tail"],"picked":"Mark of Pain"},{"not_picked":["Eternal Feather","Sozu"],"picked":"Velvet Choker"}],"items_purged_floors":[],"is_endless":false,"potions_floor_spawned":[1,2,8,13,18,22,24,27,33,35],"killed_by":"Time Eater","ascension_level":15}