{"gold_per_floor":[116,131,143,143,157,157,157,192,260,260,95,127,41,51,51,122,122,122,62,19,19,19,19,19,19,19,19,19,19,19,19,19,19],"floor_reached":33,"playtime":1292,"items_purged":[],"score":483,"play_id":"75de7fe3-2320-4068-b3e4-ee97cd1771a0","local_time":"20190403224756","is_ascension_mode":true,"campfire_choices":[{"floor":6,"key":"REST"},{"floor":15,"key":"REST"},{"floor":23,"key":"REST"},{"data":"Self Repair","floor":29,"key":"SMITH"},{"data":"Echo Form","floor":32,"key":"SMITH"}],"neow_cost":"NONE","seed_source_timestamp":1227403784985783,"circlet_count":0,"master_deck":["AscendersBane","Strike_B","Strike_B","Strike_B","Defend_B","Defend_B","Defend_B","Defend_B","Zap","Dualcast","Beam Cell","Consume","Ball Lightning","Electrodynamics","Echo Form+1","Static Discharge","Melter","Core Surge","Doom and Gloom+1","Self Repair+1","Self Repair","Coolheaded","Conserve Battery","Echo Form+1"],"relics":["Cracked Core","NeowsBlessing","Dead Branch","Potion Belt","Mummified Hand","Regal Pillow","Ectoplasm","Frozen Egg 2"],"potions_floor_usage":[5,12,14,28,33,33],"damage_taken":[{"damage":0,"enemies":"Cultist","floor":1,"turns":1},{"damage":0,"enemies":"2 Louse","floor":2,"turns":1},{"damage":0,"enemies":"Small Slimes","floor":3,"turns":1},{"damage":1,"enemies":"Looter","floor":5,"turns":3},{"damage":25,"enemies":"Lagavulin","floor":8,"turns":5},{"damage":21,"enemies":"Gremlin Nob","floor":12,"turns":4},{"damage":17,"enemies":"Gremlin Gang","floor":14,"turns":3},{"damage":12,"enemies":"The Guardian","floor":16,"turns":8},{"damage":22,"enemies":"Shell Parasite","floor":18,"turns":3},{"damage":23,"enemies":"2 Thieves","floor":19,"turns":3},{"damage":0,"enemies":"Sentry and Sphere","floor":22,"turns":3},{"damage":14,"enemies":"Centurion and Healer","floor":24,"turns":5},{"damage":40,"enemies":"Snecko","floor":25,"turns":5},{"damage":23,"enemies":"Snake Plant","floor":28,"turns":4},{"damage":22,"enemies":"Sentry and Sphere","floor":30,"turns":5},{"damage":13,"enemies":"Centurion and Healer","floor":31,"turns":5},{"damage":91,"enemies":"Automaton","floor":33,"turns":6}],"seed_played":"3313022640403217657","potions_obtained":[{"floor":1,"key":"Block Potion"},{"floor":2,"key":"SneckoOil"},{"floor":8,"key":"Dexterity Potion"},{"floor":22,"key":"FearPotion"},{"floor":24,"key":"Weak Potion"},{"floor":31,"key":"Regen Potion"}],"is_trial":false,"path_per_floor":["M","M","M","?","M","R","?","E","T","?","$","E","$","M","R","B",null,"M","M","$","?","M","R","M","M","T","$","M","R","M","M","R","B"],"character_chosen":"DEFECT","items_purchased":["Echo Form","Static Discharge","Self Repair"],"campfire_rested":3,"item_purchase_floors":[11,13,20],"current_hp_per_floor":[64,64,64,38,37,58,51,26,26,49,49,28,28,11,47,35,62,40,17,17,17,24,60,67,55,55,55,60,60,71,71,71,0],"gold":19,"neow_bonus":"THREE_ENEMY_KILL","is_prod":false,"is_daily":false,"chose_seed":false,"campfire_upgraded":2,"win_rate":0,"timestamp":1554346076,"path_taken":["M","?","M","?","M","R","?","E","T","?","$","E","?","?","R","BOSS","M","M","$","?","M","R","?","M","T","$","M","R","M","M","R","BOSS"],"build_version":"2019-01-23","purchased_purges":0,"victory":false,"max_hp_per_floor":[71,71,71,71,71,71,71,71,71,71,71,71,71,71,71,71,71,71,71,71,71,71,71,71,71,71,71,71,71,71,71,71,71],"card_choices":[{"not_picked":["Heatsinks","Rebound","Blizzard"],"picked":"SKIP","floor":1},{"not_picked":["Streamline","Storm"],"picked":"Beam Cell","floor":2},{"not_picked":["Redo","Hologram"],"picked":"Consume","floor":3},{"not_picked":["Leap","Steam"],"picked":"Ball Lightning","floor":5},{"not_picked":["Chaos","Coolheaded"],"picked":"Electrodynamics","floor":8},{"not_picked":["Compile Driver","Steam","Stack"],"picked":"SKIP","floor":12},{"not_picked":["Streamline","Turbo"],"picked":"Melter","floor":14},{"not_picked":["Electrodynamics","Biased Cognition"],"picked":"Core Surge","floor":16},{"not_picked":["Loop","Static Discharge","Streamline"],"picked":"SKIP","floor":18},{"not_picked":["Sunder","Rebound"],"picked":"Doom and Gloom+1","floor":19},{"not_picked":["Recycle","Steam"],"picked":"Coolheaded","floor":22},{"not_picked":["Consume","Ball Lightning"],"picked":"Conserve Battery","floor":24},{"not_picked":["Blizzard","Stack+1","Skim"],"picked":"SKIP","floor":25},{"not_picked":["Chaos","Gash"],"picked":"Echo Form+1","floor":28},{"not_picked":["Darkness","Reprogram","Tempest"],"picked":"SKIP","floor":30},{"not_picked":["Ball Lightning","Compile Driver","Rebound"],"picked":"SKIP","floor":31}],"player_experience":507229,"relics_obtained":[{"floor":8,"key":"Potion Belt"},{"floor":9,"key":"Mummified Hand"},{"floor":12,"key":"Regal Pillow"},{"floor":26,"key":"Frozen Egg 2"}],"event_choices":[{"damage_healed":0,"gold_gain":0,"player_choice":"Success","damage_taken":26,"relics_obtained":["Dead Branch"],"max_hp_gain":0,"max_hp_loss":0,"event_name":"Scrap Ooze","floor":4,"gold_loss":0},{"cards_removed":["Strike_B"],"damage_healed":0,"gold_gain":0,"player_choice":"Card Removal","damage_taken":7,"max_hp_gain":0,"max_hp_loss":0,"event_name":"Golden Wing","floor":7,"gold_loss":0},{"damage_healed":23,"gold_gain":0,"player_choice":"Banana","damage_taken":0,"max_hp_gain":0,"max_hp_loss":0,"event_name":"Big Fish","floor":10,"gold_loss":0},{"damage_healed":0,"gold_gain":0,"player_choice":"Copied","damage_taken":0,"max_hp_gain":0,"max_hp_loss":0,"event_name":"Duplicator","floor":21,"gold_loss":0,"cards_obtained":["Self Repair"]}],"is_beta":false,"boss_relics":[{"not_picked":["Calling Bell","Snecko Eye"],"picked":"Ectoplasm"}],"items_purged_floors":[],"is_endless":false,"potions_floor_spawned":[1,2,8,22,24,31],"killed_by":"Automaton","ascension_level":17}