{"gold_per_floor":[111,126,144,144,159,159,169,169,195,210,220,254,179,179],"floor_reached":14,"playtime":574,"items_purged":["Defend_G"],"score":108,"play_id":"3d8d012d-5525-41b4-8efd-9547fd6a8035","local_time":"20190606000857","is_ascension_mode":true,"campfire_choices":[{"floor":6,"key":"REST"},{"data":"Terror","floor":8,"key":"SMITH"}],"neow_cost":"NONE","seed_source_timestamp":93421394506534,"circlet_count":0,"master_deck":["Defend_G","Defend_G","Defend_G","Defend_G","Strike_G","Strike_G","Strike_G","Strike_G","Strike_G","Survivor","Neutralize","Terror+1","Blade Dance","Infinite Blades","Slice","Cloak And Dagger","Cloak And Dagger"],"relics":["Ring of the Snake","Centennial Puzzle","Omamori","Regal Pillow"],"potions_floor_usage":[3,5,12],"damage_taken":[{"damage":1,"enemies":"Jaw Worm","floor":1,"turns":4},{"damage":0,"enemies":"Cultist","floor":2,"turns":3},{"damage":0,"enemies":"2 Louse","floor":3,"turns":2},{"damage":28,"enemies":"Lots of Slimes","floor":5,"turns":4},{"damage":11,"enemies":"2 Fungi Beasts","floor":7,"turns":3},{"damage":0,"enemies":"Looter","floor":10,"turns":4},{"damage":0,"enemies":"Large Slime","floor":11,"turns":3},{"damage":19,"enemies":"3 Sentries","floor":12,"turns":7},{"damage":35,"enemies":"Gremlin Gang","floor":14,"turns":3}],"seed_played":"-7017776012231962020","potions_obtained":[{"floor":1,"key":"Energy Potion"},{"floor":3,"key":"FearPotion"},{"floor":11,"key":"AttackPotion"}],"is_trial":false,"path_per_floor":["M","M","M","?","M","R","M","R","T","M","M","E","$","M"],"character_chosen":"THE_SILENT","items_purchased":[],"campfire_rested":1,"item_purchase_floors":[],"current_hp_per_floor":[69,69,69,69,41,62,51,51,51,51,51,32,32,0],"gold":179,"neow_bonus":"RANDOM_COMMON_RELIC","is_prod":false,"is_daily":false,"chose_seed":false,"campfire_upgraded":1,"win_rate":0,"timestamp":1559804937,"path_taken":["M","M","M","?","M","R","M","R","T","M","M","E","$","M"],"build_version":"2019-01-23","purchased_purges":1,"victory":false,"max_hp_per_floor":[70,70,70,70,70,70,70,70,70,70,70,70,70,70],"card_choices":[{"not_picked":["Choke","Tactician"],"picked":"Terror","floor":1},{"not_picked":["Heel Hook","Deadly Poison"],"picked":"Blade Dance","floor":2},{"not_picked":["Acrobatics","Quick Slash"],"picked":"Infinite Blades","floor":3},{"not_picked":["Dagger Throw","Outmaneuver","Bouncing Flask"],"picked":"SKIP","floor":5},{"not_picked":["Deadly Poison","Outmaneuver","Backstab"],"picked":"SKIP","floor":7},{"not_picked":["Acrobatics","Distraction"],"picked":"Slice","floor":10},{"not_picked":["Infinite Blades","Riddle With Holes"],"picked":"Cloak And Dagger","floor":11},{"not_picked":["Calculated Gamble","Acrobatics"],"picked":"Cloak And Dagger","floor":12}],"player_experience":324688,"relics_obtained":[{"floor":9,"key":"Omamori"},{"floor":12,"key":"Regal Pillow"}],"event_choices":[{"damage_healed":0,"gold_gain":0,"player_choice":"Ignored","damage_taken":0,"max_hp_gain":0,"max_hp_loss":0,"event_name":"Liars Game","floor":4,"gold_loss":0}],"is_beta":false,"boss_relics":[],"items_purged_floors":[13],"is_endless":false,"potions_floor_spawned":[1,3,11],"killed_by":"Gremlin Gang","ascension_level":3}