{"gold_per_floor":[111,111,36,36,49,49,85,101,127,152,178,214,176,203,215,227],"floor_reached":16,"playtime":763,"items_purged":["Injury"],"score":172,"play_id":"73810117-36bd-4254-8cf5-3eab5eb94793","local_time":"20190315213717","is_ascension_mode":true,"campfire_choices":[{"data":"Flame Barrier","floor":6,"key":"SMITH"},{"floor":15,"key":"REST"}],"neow_cost":"NONE","seed_source_timestamp":2423991606635063,"circlet_count":0,"master_deck":["AscendersBane","Strike_R","Strike_R","Strike_R","Strike_R","Strike_R","Defend_R","Defend_R","Defend_R","Defend_R","Bash+1","Flame Barrier+1","Iron Wave","Disarm","True Grit","Armaments","Ghostly Armor"],"relics":["Burning Blood","Golden Idol","Centennial Puzzle","Oddly Smooth Stone","MawBank"],"potions_floor_usage":[10,16],"damage_taken":[{"damage":3,"enemies":"Jaw Worm","floor":1,"turns":4},{"damage":5,"enemies":"Small Slimes","floor":5,"turns":5},{"damage":46,"enemies":"3 Sentries","floor":7,"turns":10},{"damage":5,"enemies":"2 Louse","floor":8,"turns":4},{"damage":9,"enemies":"Large Slime","floor":10,"turns":8},{"damage":17,"enemies":"Looter","floor":11,"turns":4},{"damage":13,"enemies":"Exordium Wildlife","floor":12,"turns":5},{"damage":0,"enemies":"Large Slime","floor":14,"turns":7},{"damage":48,"enemies":"Hexaghost","floor":16,"turns":13}],"seed_played":"-474912045910630814","potions_obtained":[{"floor":8,"key":"Block Potion"},{"floor":11,"key":"SkillPotion"},{"floor":14,"key":"SpeedPotion"}],"is_trial":false,"path_per_floor":["M","?","$","?","M","R","E","M","T","M","M","M","?","M","R","B"],"character_chosen":"IRONCLAD","items_purchased":[],"campfire_rested":1,"item_purchase_floors":[],"current_hp_per_floor":[75,75,75,75,76,76,36,37,37,34,23,16,16,22,46,0],"gold":227,"neow_bonus":"UPGRADE_CARD","is_prod":false,"is_daily":false,"chose_seed":false,"campfire_upgraded":1,"win_rate":0,"timestamp":1552700237,"path_taken":["M","?","$","?","M","R","E","M","T","?","M","M","?","M","R","BOSS"],"build_version":"2019-01-23","purchased_purges":1,"victory":false,"max_hp_per_floor":[80,80,80,80,80,80,80,80,80,80,80,80,80,80,80,80],"card_choices":[{"not_picked":["Headbutt","Metallicize"],"picked":"Flame Barrier","floor":1},{"not_picked":["Havoc","Battle Trance","Feel No Pain"],"picked":"SKIP","floor":5},{"not_picked":["Havoc","Battle Trance","Feel No Pain"],"picked":"SKIP","floor":5},{"not_picked":["Heavy Blade","Shrug It Off"],"picked":"Iron Wave","floor":7},{"not_picked":["Warcry","Twin Strike"],"picked":"Disarm","floor":8},{"not_picked":["Warcry","Flex","Dual Wield"],"picked":"SKIP","floor":10},{"not_picked":["Offering","Feel No Pain"],"picked":"True Grit","floor":11},{"not_picked":["Clothesline","True Grit"],"picked":"Armaments","floor":12},{"not_picked":["Second Wind","Havoc"],"picked":"Ghostly Armor","floor":14}],"player_experience":396980,"relics_obtained":[{"floor":7,"key":"Oddly Smooth Stone"},{"floor":9,"key":"MawBank"}],"event_choices":[{"damage_healed":0,"gold_gain":0,"player_choice":"Take Wound","damage_taken":0,"relics_obtained":["Golden Idol"],"max_hp_gain":0,"max_hp_loss":0,"event_name":"Golden Idol","floor":2,"gold_loss":0,"cards_obtained":["Injury"]},{"damage_healed":0,"gold_gain":0,"player_choice":"Box","damage_taken":0,"relics_obtained":["Centennial Puzzle"],"max_hp_gain":0,"max_hp_loss":0,"event_name":"Big Fish","floor":4,"gold_loss":0,"cards_obtained":["Regret"]},{"cards_removed":["Regret"],"damage_healed":0,"gold_gain":0,"player_choice":"Card Removal","damage_taken":0,"max_hp_gain":0,"max_hp_loss":0,"event_name":"The Cleric","floor":13,"gold_loss":50}],"is_beta":false,"boss_relics":[],"items_purged_floors":[3],"is_endless":false,"potions_floor_spawned":[8,11,14],"killed_by":"Hexaghost","ascension_level":13}