{"gold_per_floor":[115,131,106,117,192,192,202,236,236,236,236,271,271,271],"floor_reached":14,"playtime":566,"items_purged":[],"score":167,"play_id":"34443186-30b4-4332-9705-910a0dca61c4","local_time":"20181120182940","is_ascension_mode":true,"campfire_choices":[{"data":"Entrench","floor":6,"key":"SMITH"},{"data":"Armaments","floor":11,"key":"SMITH"},{"floor":13,"key":"REST"}],"neow_cost":"NONE","seed_source_timestamp":2793015625500,"circlet_count":0,"master_deck":["AscendersBane","Strike_R","Strike_R","Strike_R","Strike_R","Strike_R","Defend_R","Defend_R","Defend_R","Defend_R","Bash","Shrug It Off","Shrug It Off","True Grit","Entrench+1","Cleave","Armaments+1","Carnage"],"relics":["Burning Blood","NeowsBlessing","Smiling Mask","Oddly Smooth Stone","Golden Idol","Toxic Egg 2"],"potions_floor_usage":[12,12],"damage_taken":[{"damage":0,"enemies":"Cultist","floor":1,"turns":1},{"damage":0,"enemies":"Jaw Worm","floor":2,"turns":1},{"damage":0,"enemies":"2 Louse","floor":4,"turns":2},{"damage":2,"enemies":"2 Fungi Beasts","floor":7,"turns":7},{"damage":31,"enemies":"3 Sentries","floor":8,"turns":12},{"damage":32,"enemies":"Gremlin Nob","floor":12,"turns":4},{"damage":38,"enemies":"3 Sentries","floor":14,"turns":12}],"seed_played":"4803644244586003044","potions_obtained":[{"floor":2,"key":"Fire Potion"},{"floor":7,"key":"Fire Potion"}],"is_trial":false,"path_per_floor":["M","M","$","M","?","R","M","E","T","?","R","E","R","E"],"character_chosen":"IRONCLAD","items_purchased":["True Grit"],"campfire_rested":1,"item_purchase_floors":[3],"current_hp_per_floor":[74,75,75,75,64,64,68,43,43,43,43,17,37,0],"gold":271,"neow_bonus":"THREE_ENEMY_KILL","is_prod":false,"is_daily":false,"chose_seed":false,"campfire_upgraded":2,"win_rate":0,"timestamp":1542767380,"path_taken":["M","M","?","M","?","R","M","E","T","?","R","E","R","E"],"build_version":"2018-11-15","purchased_purges":0,"victory":false,"max_hp_per_floor":[75,75,75,75,75,75,75,75,75,69,69,69,69,69],"card_choices":[{"not_picked":["Clash","Dropkick"],"picked":"Shrug It Off","floor":1},{"not_picked":["Uppercut","Anger"],"picked":"Shrug It Off","floor":2},{"not_picked":["Cleave","Seeing Red"],"picked":"Entrench","floor":4},{"not_picked":["Feel No Pain","Anger"],"picked":"Cleave","floor":7},{"not_picked":["Sever Soul","Rage"],"picked":"Armaments","floor":8},{"not_picked":["Clash","Thunderclap"],"picked":"Carnage","floor":12}],"player_experience":804039,"relics_obtained":[{"floor":8,"key":"Smiling Mask"},{"floor":9,"key":"Oddly Smooth Stone"},{"floor":12,"key":"Toxic Egg 2"}],"event_choices":[{"damage_healed":0,"gold_gain":75,"player_choice":"Gather Gold","damage_taken":11,"max_hp_gain":0,"max_hp_loss":0,"event_name":"World of Goop","floor":5,"gold_loss":0},{"damage_healed":0,"gold_gain":0,"player_choice":"Lose Max HP","damage_taken":0,"relics_obtained":["Golden Idol"],"max_hp_gain":0,"max_hp_loss":6,"event_name":"Golden Idol","floor":10,"gold_loss":0}],"is_beta":false,"boss_relics":[],"items_purged_floors":[],"is_endless":false,"potions_floor_spawned":[2,7,8],"killed_by":"3 Sentries","ascension_level":14}