{"gold_per_floor":[114,131,151,151,151,151,213,246,271,89,89,89,106,25,25,25],"floor_reached":16,"playtime":476,"items_purged":["Strike_G"],"score":181,"play_id":"1018bc79-4cb7-476b-8a08-e3b41123ae8c","local_time":"20190612220558","is_ascension_mode":true,"campfire_choices":[{"data":"Neutralize","floor":6,"key":"SMITH"},{"floor":12,"key":"REST"},{"data":"Deadly Poison","floor":15,"key":"SMITH"}],"neow_cost":"NONE","seed_source_timestamp":974732350520750,"circlet_count":0,"master_deck":["AscendersBane","Defend_G","Defend_G","Defend_G","Defend_G","Strike_G","Strike_G","Strike_G","Strike_G","Survivor","Neutralize+1","Dash","Dagger Spray","Blur+1","Leg Sweep","Footwork","Deadly Poison+1","Dagger Spray","Burst"],"relics":["Ring of the Snake","NeowsBlessing","Happy Flower","Ancient Tea Set"],"potions_floor_usage":[16],"damage_taken":[{"damage":0,"enemies":"2 Louse","floor":1,"turns":1},{"damage":0,"enemies":"Small Slimes","floor":2,"turns":1},{"damage":0,"enemies":"Cultist","floor":3,"turns":1},{"damage":44,"enemies":"Lagavulin","floor":8,"turns":11},{"damage":0,"enemies":"Blue Slaver","floor":13,"turns":4},{"damage":42,"enemies":"Slime Boss","floor":16,"turns":14}],"seed_played":"6401596851148858729","potions_obtained":[{"floor":8,"key":"SkillPotion"}],"is_trial":false,"path_per_floor":["M","M","M","?","?","R","?","E","T","$","?","R","M","$","R","B"],"character_chosen":"THE_SILENT","items_purchased":["Footwork","Deadly Poison","Burst"],"campfire_rested":1,"item_purchase_floors":[10,10,14],"current_hp_per_floor":[59,59,59,59,66,66,66,22,22,22,22,41,41,41,41,0],"gold":25,"neow_bonus":"THREE_ENEMY_KILL","is_prod":false,"is_daily":false,"chose_seed":false,"campfire_upgraded":2,"win_rate":0,"timestamp":1560402358,"path_taken":["M","M","M","?","?","R","?","E","T","$","?","R","?","$","R","BOSS"],"build_version":"2019-01-23","purchased_purges":1,"victory":false,"max_hp_per_floor":[66,66,66,66,66,66,66,66,66,66,66,66,66,66,66,66],"card_choices":[{"not_picked":["Quick Slash","Slice"],"picked":"Dash","floor":1},{"not_picked":["Flechettes","Prepared"],"picked":"Dagger Spray","floor":2},{"not_picked":["Acrobatics","Infinite Blades"],"picked":"Blur","floor":3},{"not_picked":["Bane","Prepared"],"picked":"Leg Sweep","floor":8},{"not_picked":["Acrobatics","Flying Knee"],"picked":"Dagger Spray","floor":13}],"player_experience":994209,"relics_obtained":[{"floor":8,"key":"Happy Flower"},{"floor":9,"key":"Ancient Tea Set"}],"event_choices":[{"damage_healed":0,"gold_gain":0,"player_choice":"Grow","damage_taken":0,"max_hp_gain":0,"max_hp_loss":0,"event_name":"Living Wall","floor":4,"gold_loss":0,"cards_upgraded":["Blur"]},{"damage_healed":22,"gold_gain":0,"player_choice":"Banana","damage_taken":0,"max_hp_gain":0,"max_hp_loss":0,"event_name":"Big Fish","floor":5,"gold_loss":0},{"damage_healed":0,"gold_gain":62,"player_choice":"Gained Gold","damage_taken":0,"max_hp_gain":0,"max_hp_loss":0,"event_name":"Golden Wing","floor":7,"gold_loss":0},{"cards_removed":["Defend_G"],"damage_healed":0,"gold_gain":0,"player_choice":"Offered Basic","damage_taken":0,"max_hp_gain":0,"max_hp_loss":0,"event_name":"Bonfire Elementals","floor":11,"gold_loss":0}],"is_beta":false,"boss_relics":[],"items_purged_floors":[10],"is_endless":false,"potions_floor_spawned":[8],"killed_by":"Slime Boss","ascension_level":17}