{"gold_per_floor":[109,259,11,21,34,34,34,34,34,34,48,48,48,83,83,157,157,172,172,184,184,201,201,201,201],"floor_reached":25,"playtime":887,"items_purged":["Doubt"],"score":348,"play_id":"4db50987-e091-4c43-9a29-68309fbc5605","local_time":"20190503145700","is_ascension_mode":true,"campfire_choices":[{"data":"Mayhem","floor":6,"key":"SMITH"},{"data":"Defragment","floor":8,"key":"SMITH"},{"data":"FTL","floor":10,"key":"SMITH"},{"data":"Coolheaded","floor":12,"key":"SMITH"},{"data":"Leap","floor":15,"key":"SMITH"},{"floor":24,"key":"REST"}],"neow_cost":"NONE","seed_source_timestamp":585760053468924,"circlet_count":0,"master_deck":["AscendersBane","Strike_B","Strike_B","Strike_B","Strike_B","Defend_B","Defend_B","Defend_B","Zap","Dualcast","Leap+1","Coolheaded+1","Mayhem+1","Defragment+1","FTL+1","Steam","Streamline","Echo Form","Leap","Decay","Gash","Parasite"],"relics":["Cracked Core","Sundial","Lantern","Cursed Key","Turnip"],"potions_floor_usage":[5,14,16,25],"damage_taken":[{"damage":4,"enemies":"Small Slimes","floor":1,"turns":3},{"damage":6,"enemies":"2 Louse","floor":4,"turns":3},{"damage":0,"enemies":"Cultist","floor":5,"turns":4},{"damage":10,"enemies":"3 Louse","floor":11,"turns":4},{"damage":12,"enemies":"3 Sentries","floor":14,"turns":9},{"damage":14,"enemies":"Hexaghost","floor":16,"turns":10},{"damage":4,"enemies":"Spheric Guardian","floor":18,"turns":4},{"damage":12,"enemies":"2 Thieves","floor":20,"turns":5},{"damage":21,"enemies":"Centurion and Healer","floor":22,"turns":9},{"damage":47,"enemies":"Slavers","floor":25,"turns":3}],"seed_played":"9075962235376631001","potions_obtained":[{"floor":1,"key":"Fire Potion"},{"floor":11,"key":"GamblersBrew"},{"floor":14,"key":"Swift Potion"},{"floor":22,"key":"Poison Potion"}],"is_trial":false,"path_per_floor":["M","?","$","M","M","R","?","R","T","R","M","R","$","E","R","B",null,"M","?","M","?","M","T","R","E"],"character_chosen":"DEFECT","items_purchased":["Mayhem"],"campfire_rested":1,"item_purchase_floors":[3],"current_hp_per_floor":[60,60,60,54,54,54,71,71,71,71,61,61,61,49,49,35,62,58,58,46,46,25,25,46,0],"gold":201,"neow_bonus":"THREE_CARDS","is_prod":false,"is_daily":false,"chose_seed":false,"campfire_upgraded":5,"win_rate":0,"timestamp":1556920620,"path_taken":["M","?","$","M","M","R","?","R","T","R","?","R","$","E","R","BOSS","M","?","?","?","M","?","R","E"],"build_version":"2019-01-23","purchased_purges":1,"victory":false,"max_hp_per_floor":[71,71,71,71,71,71,71,71,71,71,71,71,71,71,71,71,71,71,71,71,71,71,71,71,71],"card_choices":[{"not_picked":["Turbo","Compile Driver"],"picked":"Leap","floor":0},{"not_picked":["Lockon","Storm"],"picked":"Coolheaded","floor":1},{"not_picked":["Hologram","Stack"],"picked":"Defragment","floor":4},{"not_picked":["Stack","Go for the Eyes"],"picked":"FTL","floor":5},{"not_picked":["Stack","Aggregate"],"picked":"Steam","floor":11},{"not_picked":["FTL","Stack"],"picked":"Streamline","floor":14},{"not_picked":["Hyperbeam","Reboot"],"picked":"Echo Form","floor":16},{"not_picked":["Turbo","Stack"],"picked":"Leap","floor":18},{"not_picked":["Go for the Eyes","Beam Cell","Recycle"],"picked":"SKIP","floor":20},{"not_picked":["Ball Lightning","Streamline"],"picked":"Gash","floor":22}],"player_experience":886073,"relics_obtained":[{"floor":9,"key":"Sundial"},{"floor":14,"key":"Lantern"},{"floor":23,"key":"Turnip"}],"event_choices":[{"damage_healed":0,"gold_gain":150,"player_choice":"AGREE","damage_taken":0,"max_hp_gain":0,"max_hp_loss":0,"event_name":"Liars Game","floor":2,"gold_loss":0,"cards_obtained":["Doubt"]},{"damage_healed":17,"gold_gain":0,"player_choice":"Full Heal","damage_taken":0,"max_hp_gain":0,"max_hp_loss":0,"event_name":"Wheel of Change","floor":7,"gold_loss":0},{"cards_removed":["Defend_B"],"damage_healed":0,"gold_gain":0,"player_choice":"Purged","damage_taken":0,"max_hp_gain":0,"max_hp_loss":0,"event_name":"Purifier","floor":19,"gold_loss":0},{"damage_healed":0,"gold_gain":0,"player_choice":"Smashed Altar","damage_taken":0,"max_hp_gain":0,"max_hp_loss":0,"event_name":"Forgotten Altar","floor":21,"gold_loss":0,"cards_obtained":["Decay"]}],"is_beta":false,"boss_relics":[{"not_picked":["Black Star","Coffee Dripper"],"picked":"Cursed Key"}],"items_purged_floors":[3],"is_endless":false,"potions_floor_spawned":[1,11,14,22],"killed_by":"Slavers","ascension_level":15}