{"gold_per_floor":[115,40,54,7,7,7,7,7,7,7,23,352,352,384,384,459,459,477,377,353,353,369,369,379,379,379,391,407,29,62,62,62,139,139,157,167,167,180,180,212,212,228,254,284,33,33,33,68,68,68],"floor_reached":50,"playtime":2505,"items_purged":["Normality","Strike_G"],"score":1112,"play_id":"66985cca-245c-416d-87e1-46f9a3413faf","local_time":"20190614193133","is_ascension_mode":true,"campfire_choices":[{"data":"1","floor":6,"key":"LIFT"},{"data":"2","floor":8,"key":"LIFT"},{"data":"3","floor":13,"key":"LIFT"},{"data":"Infinite Blades","floor":15,"key":"SMITH"},{"floor":23,"key":"REST"},{"floor":25,"key":"REST"},{"floor":32,"key":"REST"},{"floor":41,"key":"REST"},{"data":"Envenom","floor":46,"key":"SMITH"},{"floor":49,"key":"REST"}],"neow_cost":"CURSE","seed_source_timestamp":68079706596442,"circlet_count":0,"master_deck":["AscendersBane","Defend_G","Defend_G","Defend_G","Defend_G","Strike_G","Strike_G","Strike_G","Strike_G","Survivor","Neutralize","Sucker Punch","Infinite Blades+1","Leg Sweep","Blur","After Image","Crippling Poison","Dagger Throw+1","Backflip","Noxious Fumes","Bane","Calculated Gamble+1","Accuracy","Bane","Cloak And Dagger","A Thousand Cuts","Accuracy","Writhe","Dagger Spray+1","Parasite","Catalyst+1","Envenom+1","Catalyst","Riddle With Holes"],"relics":["Ring of the Snake","Girya","PreservedInsect","Pocketwatch","Old Coin","Sundial","Sozu","Turnip","Paper Crane","Mummified Hand","Eternal Feather","Vajra","Centennial Puzzle","StoneCalendar","Oddly Smooth Stone","Mercury Hourglass"],"potions_floor_usage":[16,16,50],"damage_taken":[{"damage":2,"enemies":"Small Slimes","floor":1,"turns":5},{"damage":9,"enemies":"Jaw Worm","floor":3,"turns":6},{"damage":0,"enemies":"2 Louse","floor":11,"turns":3},{"damage":7,"enemies":"3 Sentries","floor":12,"turns":7},{"damage":2,"enemies":"Lagavulin","floor":14,"turns":7},{"damage":20,"enemies":"Hexaghost","floor":16,"turns":7},{"damage":5,"enemies":"Chosen","floor":18,"turns":6},{"damage":13,"enemies":"2 Thieves","floor":20,"turns":4},{"damage":9,"enemies":"Colosseum Slavers","floor":21,"turns":6},{"damage":10,"enemies":"Cultist and Chosen","floor":22,"turns":7},{"damage":10,"enemies":"3 Cultists","floor":24,"turns":6},{"damage":13,"enemies":"Snake Plant","floor":27,"turns":6},{"damage":12,"enemies":"Shelled Parasite and Fungi","floor":28,"turns":7},{"damage":2,"enemies":"Book of Stabbing","floor":30,"turns":7},{"damage":33,"enemies":"Automaton","floor":33,"turns":14},{"damage":0,"enemies":"3 Shapes","floor":35,"turns":6},{"damage":18,"enemies":"3 Darklings","floor":36,"turns":6},{"damage":14,"enemies":"Sphere and 2 Shapes","floor":38,"turns":6},{"damage":30,"enemies":"Nemesis","floor":40,"turns":7},{"damage":3,"enemies":"Writhing Mass","floor":42,"turns":7},{"damage":20,"enemies":"Reptomancer","floor":44,"turns":5},{"damage":31,"enemies":"Giant Head","floor":48,"turns":7},{"damage":51,"enemies":"Donu and Deca","floor":50,"turns":5}],"seed_played":"3795850119934404886","potions_obtained":[{"floor":11,"key":"Regen Potion"},{"floor":12,"key":"AttackPotion"},{"floor":16,"key":"Dexterity Potion"}],"is_trial":false,"path_per_floor":["M","$","M","?","?","R","?","R","T","?","M","E","R","E","R","B",null,"M","$","M","?","M","R","M","R","T","M","M","$","E","$","R","B",null,"M","M","?","M","?","E","R","M","T","E","$","R","?","E","R","B"],"character_chosen":"THE_SILENT","items_purchased":["Paper Crane","Accuracy","Bane","Oddly Smooth Stone","Catalyst"],"campfire_rested":5,"item_purchase_floors":[29,29,29,45,45],"current_hp_per_floor":[57,57,48,48,53,53,42,42,42,42,42,35,35,33,33,22,59,54,54,41,32,22,43,33,54,54,41,29,29,27,27,48,15,57,57,39,39,25,39,9,48,45,45,25,25,43,43,12,51,0],"gold":68,"neow_bonus":"ONE_RARE_RELIC","is_prod":false,"is_daily":false,"chose_seed":false,"campfire_upgraded":2,"win_rate":0,"timestamp":1560555093,"path_taken":["M","$","M","?","?","R","?","R","T","?","?","E","R","E","R","BOSS","M","$","M","?","M","R","M","R","T","M","M","$","E","$","R","BOSS","M","M","?","M","?","E","R","?","T","E","$","R","?","E","R","BOSS"],"build_version":"2019-01-23","purchased_purges":2,"victory":false,"max_hp_per_floor":[66,66,66,66,71,71,71,71,71,71,71,71,71,71,71,71,71,71,71,71,71,71,71,71,71,71,71,71,71,71,71,71,71,71,71,71,71,71,71,71,71,71,71,71,71,71,71,71,71,71],"card_choices":[{"not_picked":["Escape Plan","Poisoned Stab"],"picked":"Sucker Punch","floor":1},{"not_picked":["Terror","Predator"],"picked":"Infinite Blades","floor":3},{"not_picked":["Cloak And Dagger","Sucker Punch"],"picked":"Leg Sweep","floor":11},{"not_picked":["Expertise","Dodge and Roll"],"picked":"Blur","floor":12},{"not_picked":["Sucker Punch","Prepared","Slice"],"picked":"SKIP","floor":14},{"not_picked":["Burst","Doppelganger"],"picked":"After Image","floor":16},{"not_picked":["Bouncing Flask","Poisoned Stab"],"picked":"Crippling Poison","floor":18},{"not_picked":["Dodge and Roll","Deadly Poison"],"picked":"Dagger Throw+1","floor":20},{"not_picked":["Tactician","Deflect"],"picked":"Backflip","floor":22},{"not_picked":["Prepared","Deadly Poison"],"picked":"Noxious Fumes","floor":24},{"not_picked":["Expertise","Prepared+1"],"picked":"Bane","floor":27},{"not_picked":["Prepared","Doppelganger"],"picked":"Calculated Gamble+1","floor":28},{"not_picked":["Acrobatics","Deflect"],"picked":"Cloak And Dagger","floor":30},{"not_picked":["Tools of the Trade","After Image"],"picked":"A Thousand Cuts","floor":33},{"not_picked":["Slice","Setup","Cloak And Dagger"],"picked":"SKIP","floor":35},{"not_picked":["Dagger Spray","Riddle With Holes"],"picked":"Accuracy","floor":36},{"not_picked":["Outmaneuver","Setup","Slice+1"],"picked":"SKIP","floor":38},{"not_picked":["Flying Knee","Backstab"],"picked":"Dagger Spray+1","floor":40},{"not_picked":["Sucker Punch","Poisoned Stab+1"],"picked":"Catalyst+1","floor":42},{"not_picked":["Deflect","Sucker Punch+1"],"picked":"Envenom","floor":44},{"not_picked":["Dodge and Roll","Quick Slash"],"picked":"Riddle With Holes","floor":48}],"player_experience":898363,"relics_obtained":[{"floor":9,"key":"Pocketwatch"},{"floor":12,"key":"Old Coin"},{"floor":14,"key":"Sundial"},{"floor":26,"key":"Turnip"},{"floor":30,"key":"Mummified Hand"},{"floor":40,"key":"Vajra"},{"floor":43,"key":"Centennial Puzzle"},{"floor":44,"key":"StoneCalendar"},{"floor":48,"key":"Mercury Hourglass"}],"event_choices":[{"damage_healed":0,"gold_gain":0,"player_choice":"Left Gold","damage_taken":0,"max_hp_gain":0,"max_hp_loss":0,"event_name":"World of Goop","floor":4,"gold_loss":47},{"damage_healed":0,"gold_gain":0,"player_choice":"Donut","damage_taken":0,"max_hp_gain":5,"max_hp_loss":0,"event_name":"Big Fish","floor":5,"gold_loss":0},{"damage_healed":0,"gold_gain":0,"player_choice":"Success","damage_taken":11,"relics_obtained":["PreservedInsect"],"max_hp_gain":0,"max_hp_loss":0,"event_name":"Scrap Ooze","floor":7,"gold_loss":0},{"damage_healed":0,"gold_gain":0,"player_choice":"Ignored","damage_taken":0,"max_hp_gain":0,"max_hp_loss":0,"event_name":"Liars Game","floor":10,"gold_loss":0},{"damage_healed":0,"gold_gain":0,"player_choice":"Fight","damage_taken":0,"max_hp_gain":0,"max_hp_loss":0,"event_name":"Colosseum","floor":21,"gold_loss":0},{"damage_healed":0,"gold_gain":0,"player_choice":"Fled From Nobs","damage_taken":0,"max_hp_gain":0,"max_hp_loss":0,"event_name":"Colosseum","floor":21,"gold_loss":0},{"damage_healed":0,"gold_gain":0,"player_choice":"Ignored","damage_taken":0,"max_hp_gain":0,"max_hp_loss":0,"event_name":"Mysterious Sphere","floor":37,"gold_loss":0},{"damage_healed":14,"gold_gain":0,"player_choice":"Writhe","damage_taken":0,"max_hp_gain":0,"max_hp_loss":0,"event_name":"Winding Halls","floor":39,"gold_loss":0,"cards_obtained":["Writhe"]},{"cards_removed":["Defend_G"],"damage_healed":0,"gold_gain":0,"player_choice":"Removed Skill","damage_taken":0,"max_hp_gain":0,"max_hp_loss":0,"event_name":"Falling","floor":47,"gold_loss":0}],"is_beta":false,"boss_relics":[{"not_picked":["Pandora\u0027s Box","Tiny House"],"picked":"Sozu"},{"not_picked":["Lizard Tail","Calling Bell"],"picked":"Eternal Feather"}],"items_purged_floors":[2,19],"is_endless":false,"potions_floor_spawned":[11,12,14,16,22,24,27,28,30,35,38,40,42],"killed_by":"Donu and Deca","ascension_level":20}