{"gold_per_floor":[118,118,133,58,58,58,92,92,92,112,137,111,149,169,169,260,260,273,273,80,98,98,131,131,147,171,171,195,215,228,228,228,321,321,346,679,181,281,295,295,308,308,335,335,335,335,352,372,372,372],"floor_reached":51,"playtime":2218,"items_purged":["Regret","Strike_R"],"score":1148,"play_id":"d5b8a626-bdaf-49ac-98c4-6854cd0ea89e","local_time":"20190316191545","is_ascension_mode":true,"campfire_choices":[{"data":"Body Slam","floor":6,"key":"SMITH"},{"floor":8,"key":"REST"},{"data":"Armaments","floor":15,"key":"SMITH"},{"data":"Demon Form","floor":24,"key":"SMITH"},{"data":"Sword Boomerang","floor":27,"key":"SMITH"},{"data":"Body Slam","floor":32,"key":"SMITH"},{"data":"Strike_R","floor":40,"key":"PURGE"},{"data":"Strike_R+1","floor":42,"key":"PURGE"},{"data":"Strike_R+1","floor":45,"key":"PURGE"},{"data":"Defend_R","floor":49,"key":"PURGE"}],"neow_cost":"NONE","seed_source_timestamp":2500439544999951,"circlet_count":0,"master_deck":["AscendersBane","Defend_R","Defend_R","Defend_R","Bash","Body Slam+1","Cleave","Double Tap+1","Armaments+1","Clothesline","Sword Boomerang+1","Demon Form+1","Limit Break+1","Shrug It Off","Body Slam+1","Shrug It Off","Impervious","Pommel Strike+1","Pummel","Ghostly Armor","Heavy Blade","Thinking Ahead","Trip","Body Slam+1"],"relics":["Burning Blood","Oddly Smooth Stone","Centennial Puzzle","Shuriken","Anchor","Whetstone","Velvet Choker","Brimstone","War Paint","Strawberry","Fusion Hammer","Pear","Peace Pipe","Orichalcum"],"potions_floor_usage":[16,23,33,50,50],"damage_taken":[{"damage":1,"enemies":"2 Louse","floor":1,"turns":4},{"damage":22,"enemies":"Jaw Worm","floor":3,"turns":4},{"damage":53,"enemies":"Lagavulin","floor":7,"turns":8},{"damage":0,"enemies":"Cultist","floor":10,"turns":3},{"damage":12,"enemies":"Gremlin Nob","floor":13,"turns":3},{"damage":3,"enemies":"Red Slaver","floor":14,"turns":4},{"damage":12,"enemies":"Hexaghost","floor":16,"turns":8},{"damage":15,"enemies":"3 Byrds","floor":18,"turns":4},{"damage":13,"enemies":"Spheric Guardian","floor":21,"turns":3},{"damage":7,"enemies":"Slavers","floor":23,"turns":4},{"damage":0,"enemies":"Cultist and Chosen","floor":25,"turns":3},{"damage":3,"enemies":"3 Cultists","floor":28,"turns":4},{"damage":20,"enemies":"Sentry and Sphere","floor":29,"turns":4},{"damage":6,"enemies":"Snecko","floor":30,"turns":3},{"damage":25,"enemies":"Automaton","floor":33,"turns":5},{"damage":0,"enemies":"3 Darklings","floor":35,"turns":3},{"damage":3,"enemies":"Mind Bloom Boss Battle","floor":38,"turns":5},{"damage":0,"enemies":"Orb Walker","floor":39,"turns":3},{"damage":6,"enemies":"Sphere and 2 Shapes","floor":41,"turns":4},{"damage":0,"enemies":"Transient","floor":47,"turns":5},{"damage":0,"enemies":"Spire Growth","floor":48,"turns":3},{"damage":79,"enemies":"Donu and Deca","floor":50,"turns":7}],"seed_played":"-2405668430961511035","potions_obtained":[{"floor":10,"key":"BloodPotion"},{"floor":13,"key":"Poison Potion"},{"floor":21,"key":"Fire Potion"},{"floor":23,"key":"LiquidBronze"},{"floor":35,"key":"GamblersBrew"}],"is_trial":false,"path_per_floor":["M","?","M","$","?","R","E","R","T","M","T","$","E","M","R","B",null,"M","?","$","M","$","E","R","M","T","R","M","M","M","?","R","B",null,"M","?","$","?","M","R","M","R","T","?","R","?","M","M","R","B",null],"character_chosen":"IRONCLAD","items_purchased":["Clothesline","Brimstone","Pear","Pummel","Ghostly Armor"],"campfire_rested":1,"item_purchase_floors":[12,20,37,37,37],"current_hp_per_floor":[77,77,61,61,61,61,14,36,36,42,42,42,36,39,39,33,64,55,48,48,41,41,40,40,46,53,53,56,42,42,69,69,50,73,79,79,89,91,91,91,91,91,91,86,86,86,91,91,91,27],"gold":372,"neow_bonus":"REMOVE_CARD","is_prod":false,"is_daily":false,"chose_seed":false,"campfire_upgraded":5,"win_rate":0,"timestamp":1552778145,"path_taken":["M","?","M","$","?","R","E","R","T","M","?","$","E","M","R","BOSS","M","?","?","M","$","E","R","M","T","R","M","M","?","?","R","BOSS","M","?","$","?","M","R","M","R","T","?","R","?","M","M","R","BOSS"],"build_version":"2019-01-23","purchased_purges":2,"victory":true,"max_hp_per_floor":[80,80,80,80,74,74,74,74,74,74,74,74,74,74,74,74,74,74,74,74,74,74,74,74,74,81,81,81,81,81,81,81,81,81,81,81,91,91,91,91,91,91,91,91,91,91,91,91,91,91],"card_choices":[{"not_picked":["Heavy Blade","Warcry"],"picked":"Body Slam","floor":1},{"not_picked":["Corruption","Shockwave"],"picked":"Cleave","floor":3},{"not_picked":["Bloodletting","Thunderclap"],"picked":"Double Tap","floor":7},{"not_picked":["Sever Soul","Flex"],"picked":"Armaments","floor":10},{"not_picked":["Twin Strike","Inflame"],"picked":"Sword Boomerang","floor":13},{"not_picked":["Fire Breathing","Ghostly Armor"],"picked":"Demon Form","floor":14},{"not_picked":["Immolate","Berserk"],"picked":"Limit Break","floor":16},{"not_picked":["Dual Wield","Clash","Fire Breathing"],"picked":"SKIP","floor":18},{"not_picked":["Bloodletting","Clash","Intimidate"],"picked":"SKIP","floor":21},{"not_picked":["Clothesline","Clash+1","Inflame"],"picked":"SKIP","floor":23},{"not_picked":["Heavy Blade","Body Slam"],"picked":"Shrug It Off","floor":25},{"not_picked":["Rupture","Dropkick"],"picked":"Body Slam","floor":28},{"not_picked":["Twin Strike","Flex"],"picked":"Shrug It Off","floor":29},{"not_picked":["Metallicize","Berserk","Fire Breathing"],"picked":"SKIP","floor":30},{"not_picked":["Juggernaut","Immolate"],"picked":"Impervious","floor":33},{"not_picked":["Hemokinesis","Rampage"],"picked":"Pommel Strike+1","floor":35},{"not_picked":["Sentinel+1","Warcry","Demon Form"],"picked":"SKIP","floor":39},{"not_picked":["Power Through+1","Seeing Red"],"picked":"Heavy Blade","floor":41},{"not_picked":["Bandage Up","Mind Blast"],"picked":"Thinking Ahead","floor":44},{"not_picked":["Blind","Magnetism"],"picked":"Trip","floor":44},{"not_picked":["Cleave","Warcry+1"],"picked":"Body Slam+1","floor":47},{"not_picked":["Bloodletting","Corruption+1","Rupture"],"picked":"SKIP","floor":48}],"player_experience":402953,"relics_obtained":[{"floor":7,"key":"Centennial Puzzle"},{"floor":9,"key":"Shuriken"},{"floor":11,"key":"Anchor"},{"floor":13,"key":"Whetstone"},{"floor":23,"key":"War Paint"},{"floor":26,"key":"Strawberry"},{"floor":38,"key":"Peace Pipe"},{"floor":43,"key":"Orichalcum"}],"event_choices":[{"damage_healed":0,"gold_gain":0,"player_choice":"Box","damage_taken":0,"relics_obtained":["Oddly Smooth Stone"],"max_hp_gain":0,"max_hp_loss":0,"event_name":"Big Fish","floor":2,"gold_loss":0,"cards_obtained":["Regret"]},{"damage_healed":0,"gold_gain":0,"player_choice":"Lose Max HP","damage_taken":0,"relics_obtained":["Golden Idol"],"max_hp_gain":0,"max_hp_loss":6,"event_name":"Golden Idol","floor":5,"gold_loss":0},{"damage_healed":0,"gold_gain":0,"player_choice":"","damage_taken":7,"max_hp_gain":0,"max_hp_loss":0,"event_name":"Knowing Skull","floor":19,"potions_obtained":[],"gold_loss":0,"cards_obtained":[]},{"damage_healed":27,"gold_gain":0,"player_choice":"Heal","damage_taken":0,"max_hp_gain":0,"max_hp_loss":0,"event_name":"The Library","floor":31,"gold_loss":0},{"damage_healed":0,"gold_gain":333,"player_choice":"Gave Idol","damage_taken":0,"max_hp_gain":0,"max_hp_loss":0,"event_name":"The Moai Head","floor":36,"relics_lost":["Golden Idol"],"gold_loss":0},{"damage_healed":0,"gold_gain":0,"player_choice":"Fight","damage_taken":0,"max_hp_gain":0,"max_hp_loss":0,"event_name":"MindBloom","floor":38,"gold_loss":0},{"damage_healed":0,"gold_gain":0,"player_choice":"Memory 2","damage_taken":5,"max_hp_gain":0,"max_hp_loss":0,"event_name":"SensoryStone","floor":44,"gold_loss":0},{"damage_healed":0,"gold_gain":0,"player_choice":"Ignored","damage_taken":0,"max_hp_gain":0,"max_hp_loss":0,"event_name":"Mysterious Sphere","floor":46,"gold_loss":0}],"is_beta":false,"boss_relics":[{"not_picked":["Runic Dome","Coffee Dripper"],"picked":"Velvet Choker"},{"not_picked":["Runic Pyramid","Runic Cube"],"picked":"Fusion Hammer"}],"items_purged_floors":[4,37],"is_endless":false,"potions_floor_spawned":[10,13,14,21,23,25,28,35,39,47,48],"ascension_level":13}