{"gold_per_floor":[109,119,133,146,165,165,9,0,0,0,10,30,30],"floor_reached":13,"playtime":825,"items_purged":[],"score":87,"play_id":"314afbbc-7e3d-4d8a-960c-7be9eee4dc71","local_time":"20190602014628","is_ascension_mode":true,"campfire_choices":[{"floor":6,"key":"REST"},{"data":"Distraction","floor":10,"key":"SMITH"}],"neow_cost":"NONE","seed_source_timestamp":538789756180334,"circlet_count":0,"master_deck":["Defend_G","Defend_G","Defend_G","Defend_G","Defend_G","Strike_G","Strike_G","Strike_G","Strike_G","Strike_G","Survivor+1","Neutralize","Burst","Distraction+1","Setup+1","Dodge and Roll","Accuracy","Flechettes","Flying Knee","Quick Slash"],"relics":["Ring of the Snake","War Paint","Peace Pipe"],"potions_floor_usage":[4,5,5,12],"damage_taken":[{"damage":11,"enemies":"Cultist","floor":1,"turns":5},{"damage":9,"enemies":"Jaw Worm","floor":2,"turns":7},{"damage":7,"enemies":"Small Slimes","floor":3,"turns":5},{"damage":0,"enemies":"Gremlin Gang","floor":4,"turns":3},{"damage":0,"enemies":"Large Slime","floor":5,"turns":6},{"damage":1,"enemies":"Looter","floor":8,"turns":5},{"damage":0,"enemies":"3 Louse","floor":11,"turns":3},{"damage":27,"enemies":"Large Slime","floor":12,"turns":8},{"damage":43,"enemies":"Lagavulin","floor":13,"turns":9}],"seed_played":"3373411719828749413","potions_obtained":[{"floor":1,"key":"Explosive Potion"},{"floor":2,"key":"FearPotion"},{"floor":4,"key":"PowerPotion"},{"floor":11,"key":"SkillPotion"}],"is_trial":false,"path_per_floor":["M","M","M","M","M","R","$","M","T","R","M","M","E"],"character_chosen":"THE_SILENT","items_purchased":["War Paint"],"campfire_rested":1,"item_purchase_floors":[7],"current_hp_per_floor":[59,50,43,43,43,64,64,63,63,63,63,36,0],"gold":30,"neow_bonus":"ONE_RANDOM_RARE_CARD","is_prod":false,"is_daily":false,"chose_seed":false,"campfire_upgraded":1,"win_rate":0,"timestamp":1559465188,"path_taken":["M","M","M","M","M","R","$","M","T","R","M","M","E"],"build_version":"2019-01-23","purchased_purges":0,"victory":false,"max_hp_per_floor":[70,70,70,70,70,70,70,70,70,70,70,70,70],"card_choices":[{"not_picked":["Skewer","Finisher"],"picked":"Distraction","floor":1},{"not_picked":["Cloak And Dagger","Dagger Throw"],"picked":"Setup","floor":2},{"not_picked":["Cloak And Dagger","Eviscerate","Deadly Poison"],"picked":"SKIP","floor":3},{"not_picked":["Bane","Blade Dance"],"picked":"Dodge and Roll","floor":4},{"not_picked":["Venomology","Slice"],"picked":"Accuracy","floor":5},{"not_picked":["Deadly Poison","Slice"],"picked":"Flechettes","floor":8},{"not_picked":["Bouncing Flask","Endless Agony"],"picked":"Flying Knee","floor":11},{"not_picked":["Flying Knee","Prepared"],"picked":"Quick Slash","floor":12}],"player_experience":264368,"relics_obtained":[{"floor":9,"key":"Peace Pipe"}],"event_choices":[],"is_beta":false,"boss_relics":[],"items_purged_floors":[],"is_endless":false,"potions_floor_spawned":[1,2,4,11],"killed_by":"Lagavulin","ascension_level":2}