{"gold_per_floor":[113,288,288,299,315,347,122,122,122,151,171,171,171,190,190,291,291,303,329,329,347,361,361,361],"floor_reached":24,"playtime":1567,"items_purged":["Doubt"],"score":247,"play_id":"0449bd23-9569-4fb8-9404-6aa3442d3739","local_time":"20190203233035","is_ascension_mode":true,"campfire_choices":[{"floor":8,"key":"REST"},{"floor":12,"key":"REST"},{"floor":15,"key":"REST"},{"floor":23,"key":"REST"}],"neow_cost":"NONE","seed_source_timestamp":311495625371413,"circlet_count":0,"master_deck":["Defend_G","Defend_G","Defend_G","Defend_G","Defend_G","Strike_G","Strike_G","Strike_G","Strike_G","Strike_G","Survivor","Neutralize","Adrenaline","Footwork","Poisoned Stab","Bane","Deflect","Well Laid Plans","Adrenaline","Dodge and Roll","Quick Slash","Sucker Punch","Die Die Die","Poisoned Stab+1","Backflip","Deflect+1"],"relics":["Ring of the Serpent","WingedGreaves","Oddly Smooth Stone","Happy Flower","Red Mask","Nloth\u0027s Gift"],"potions_floor_usage":[10,16,21,24],"damage_taken":[{"damage":2,"enemies":"Cultist","floor":1,"turns":4},{"damage":21,"enemies":"Jaw Worm","floor":4,"turns":5},{"damage":6,"enemies":"2 Louse","floor":5,"turns":2},{"damage":36,"enemies":"3 Sentries","floor":6,"turns":11},{"damage":14,"enemies":"Lagavulin","floor":10,"turns":8},{"damage":0,"enemies":"Blue Slaver","floor":11,"turns":3},{"damage":0,"enemies":"Looter","floor":14,"turns":3},{"damage":43,"enemies":"Hexaghost","floor":16,"turns":17},{"damage":0,"enemies":"Shell Parasite","floor":18,"turns":7},{"damage":56,"enemies":"Masked Bandits","floor":19,"turns":5},{"damage":9,"enemies":"Chosen","floor":21,"turns":5},{"damage":14,"enemies":"Snake Plant","floor":22,"turns":5},{"damage":27,"enemies":"Slavers","floor":24,"turns":4}],"seed_played":"3416014847529028846","potions_obtained":[{"floor":1,"key":"Ancient Potion"},{"floor":6,"key":"SkillPotion"},{"floor":11,"key":"Regen Potion"},{"floor":21,"key":"Energy Potion"}],"is_trial":false,"path_per_floor":["M","?","T","M","M","E","$","R","T","E","M","R","?","M","R","B",null,"M","?","?","M","M","R","E"],"character_chosen":"THE_SILENT","items_purchased":["Well Laid Plans","Adrenaline"],"campfire_rested":4,"item_purchase_floors":[7,7],"current_hp_per_floor":[68,68,68,47,41,5,5,26,26,12,12,33,33,33,54,11,70,70,14,14,17,3,24,0],"gold":361,"neow_bonus":"ONE_RANDOM_RARE_CARD","is_prod":false,"is_daily":false,"chose_seed":false,"campfire_upgraded":0,"win_rate":0,"timestamp":1549254635,"path_taken":["M","?","?","M","M","E","$","R","T","E","?","R","?","M","R","BOSS","M","?","?","M","M","R","E"],"build_version":"2019-01-23","purchased_purges":1,"victory":false,"max_hp_per_floor":[70,70,70,70,70,70,70,70,70,70,70,70,70,70,70,70,70,70,70,70,70,70,70,70],"card_choices":[{"not_picked":["Escape Plan","Dodge and Roll"],"picked":"Footwork","floor":1},{"not_picked":["Dagger Throw","Blade Dance"],"picked":"Poisoned Stab","floor":4},{"not_picked":["PiercingWail","Acrobatics"],"picked":"Bane","floor":5},{"not_picked":["Setup","Prepared"],"picked":"Deflect","floor":6},{"not_picked":["Endless Agony","Calculated Gamble"],"picked":"Dodge and Roll","floor":10},{"not_picked":["Slice","Escape Plan"],"picked":"Quick Slash","floor":11},{"not_picked":["Deflect","Flechettes"],"picked":"Sucker Punch","floor":14},{"not_picked":["After Image","Wraith Form v2"],"picked":"Die Die Die","floor":16},{"not_picked":["Quick Slash","Dagger Throw"],"picked":"Poisoned Stab+1","floor":18},{"not_picked":["Prepared+1","Blade Dance"],"picked":"Backflip","floor":21},{"not_picked":["Die Die Die","Quick Slash+1"],"picked":"Deflect+1","floor":22}],"player_experience":147375,"relics_obtained":[{"floor":3,"key":"WingedGreaves"},{"floor":6,"key":"Oddly Smooth Stone"},{"floor":9,"key":"Bag of Preparation"},{"floor":10,"key":"Happy Flower"},{"floor":19,"key":"Red Mask"}],"event_choices":[{"damage_healed":0,"gold_gain":175,"player_choice":"AGREE","damage_taken":0,"max_hp_gain":0,"max_hp_loss":0,"event_name":"Liars Game","floor":2,"gold_loss":0,"cards_obtained":["Doubt"]},{"damage_healed":0,"gold_gain":0,"player_choice":"Searched \u00271\u0027 times","damage_taken":0,"max_hp_gain":0,"max_hp_loss":0,"event_name":"Dead Adventurer","floor":13,"gold_loss":0},{"damage_healed":0,"gold_gain":0,"player_choice":"Fought Bandits","damage_taken":0,"max_hp_gain":0,"max_hp_loss":0,"event_name":"Masked Bandits","floor":19,"gold_loss":0},{"damage_healed":0,"gold_gain":0,"player_choice":"Traded Relic","damage_taken":0,"relics_obtained":["Nloth\u0027s Gift"],"max_hp_gain":0,"max_hp_loss":0,"event_name":"N\u0027loth","floor":20,"relics_lost":["Bag of Preparation"],"gold_loss":0}],"is_beta":false,"boss_relics":[{"not_picked":["Runic Pyramid","White Beast Statue"],"picked":"Ring of the Serpent"}],"items_purged_floors":[7],"is_endless":false,"potions_floor_spawned":[1,6,11,21],"killed_by":"Slavers","ascension_level":4}