{"gold_per_floor":[111,124,124,49,69,103,121,151,174,205,155,155,175,191,191,268,268,283,283,283,283,558,558],"floor_reached":23,"playtime":825,"items_purged":["Pain","Strike_B"],"score":418,"play_id":"89761100-767c-4761-bf89-dbbbe06e9865","local_time":"20190617094153","is_ascension_mode":true,"campfire_choices":[{"data":"White Noise","floor":12,"key":"SMITH"},{"data":"Rainbow","floor":15,"key":"SMITH"}],"neow_cost":"NONE","seed_source_timestamp":293594156315440,"circlet_count":0,"master_deck":["AscendersBane","Strike_B+1","Defend_B","Defend_B","Defend_B","Zap","Dualcast","Rainbow+1","Glacier","Doom and Gloom","Self Repair","Consume","Ball Lightning","White Noise+1","Core Surge","Coolheaded","Beam Cell+1","Fission+1","BootSequence","Capacitor","Ghostly","Ghostly","Ghostly","Regret"],"relics":["Cracked Core","WarpedTongs","Strawberry","Smiling Mask","Bag of Preparation","Whetstone","Astrolabe"],"potions_floor_usage":[6,6,16,23],"damage_taken":[{"damage":4,"enemies":"Cultist","floor":1,"turns":3},{"damage":2,"enemies":"2 Louse","floor":2,"turns":3},{"damage":0,"enemies":"Small Slimes","floor":5,"turns":2},{"damage":8,"enemies":"Gremlin Nob","floor":6,"turns":3},{"damage":3,"enemies":"3 Louse","floor":7,"turns":2},{"damage":27,"enemies":"Lagavulin","floor":8,"turns":5},{"damage":18,"enemies":"3 Sentries","floor":10,"turns":5},{"damage":13,"enemies":"Exordium Thugs","floor":13,"turns":4},{"damage":8,"enemies":"Blue Slaver","floor":14,"turns":3},{"damage":15,"enemies":"Slime Boss","floor":16,"turns":8},{"damage":29,"enemies":"2 Thieves","floor":18,"turns":4},{"damage":37,"enemies":"Book of Stabbing","floor":23,"turns":7}],"seed_played":"6819407420874662519","potions_obtained":[{"floor":1,"key":"FocusPotion"},{"floor":5,"key":"Poison Potion"},{"floor":7,"key":"Regen Potion"},{"floor":8,"key":"Explosive Potion"}],"is_trial":false,"path_per_floor":["M","M","?","$","M","E","M","E","T","E","$","R","M","M","R","B",null,"M","?","?","?","?","E"],"character_chosen":"DEFECT","items_purchased":[],"campfire_rested":0,"item_purchase_floors":[],"current_hp_per_floor":[60,58,58,58,58,67,64,44,44,33,33,33,27,26,26,26,65,36,36,36,36,36,0],"gold":558,"neow_bonus":"ONE_RANDOM_RARE_CARD","is_prod":false,"is_daily":false,"chose_seed":false,"campfire_upgraded":2,"win_rate":0,"timestamp":1560778913,"path_taken":["M","?","?","$","?","E","?","E","T","E","$","R","M","M","R","BOSS","M","?","?","?","?","E"],"build_version":"2019-01-23","purchased_purges":2,"victory":false,"max_hp_per_floor":[71,71,71,71,71,78,78,78,78,78,78,78,78,78,78,78,78,78,78,78,39,39,39],"card_choices":[{"not_picked":["Conserve Battery","Turbo"],"picked":"Glacier","floor":1},{"not_picked":["Ball Lightning","Melter"],"picked":"Doom and Gloom","floor":2},{"not_picked":["Go for the Eyes","Steam"],"picked":"Self Repair","floor":5},{"not_picked":["Stack","Tempest"],"picked":"Consume","floor":6},{"not_picked":["Streamline","Barrage"],"picked":"Ball Lightning","floor":7},{"not_picked":["Scrape","Beam Cell","Go for the Eyes"],"picked":"SKIP","floor":8},{"not_picked":["Barrage","Turbo"],"picked":"White Noise","floor":10},{"not_picked":["Stack","Steam"],"picked":"Core Surge","floor":13},{"not_picked":["Barrage","Hologram"],"picked":"Coolheaded","floor":14},{"not_picked":["Go for the Eyes","Streamline"],"picked":"BootSequence","floor":18}],"player_experience":918124,"relics_obtained":[{"floor":6,"key":"Strawberry"},{"floor":8,"key":"Smiling Mask"},{"floor":9,"key":"Bag of Preparation"},{"floor":10,"key":"Whetstone"}],"event_choices":[{"damage_healed":0,"gold_gain":0,"player_choice":"Rummage","damage_taken":0,"relics_obtained":["WarpedTongs"],"max_hp_gain":0,"max_hp_loss":0,"event_name":"Accursed Blacksmith","floor":3,"gold_loss":0,"cards_obtained":["Pain"]},{"cards_removed":["Hello World"],"damage_healed":0,"gold_gain":0,"player_choice":"Elegance","damage_taken":0,"max_hp_gain":0,"max_hp_loss":0,"event_name":"Back to Basics","floor":19,"gold_loss":0},{"damage_healed":0,"gold_gain":0,"player_choice":"Read","damage_taken":0,"max_hp_gain":0,"max_hp_loss":0,"event_name":"The Library","floor":20,"gold_loss":0,"cards_obtained":["Capacitor"]},{"damage_healed":0,"gold_gain":0,"player_choice":"Became a Ghost","damage_taken":0,"max_hp_gain":0,"max_hp_loss":39,"event_name":"Ghosts","floor":21,"gold_loss":0,"cards_obtained":["Ghostly","Ghostly","Ghostly"]},{"damage_healed":0,"gold_gain":275,"player_choice":"Desecrate","damage_taken":0,"max_hp_gain":0,"max_hp_loss":0,"event_name":"Golden Shrine","floor":22,"gold_loss":0,"cards_obtained":["Regret"]}],"is_beta":false,"boss_relics":[{"not_picked":["Eternal Feather","Calling Bell"],"picked":"Astrolabe"}],"items_purged_floors":[4,11],"is_endless":false,"potions_floor_spawned":[1,5,7,8],"killed_by":"Book of Stabbing","ascension_level":20}