{"gold_per_floor":[118,130,130,149,111,111,136,136,136,101,113,147,147,163,163,163],"floor_reached":16,"playtime":731,"items_purged":[],"score":127,"play_id":"64771fdb-1269-4e39-980d-ada4937473bd","local_time":"20190605230341","is_ascension_mode":true,"campfire_choices":[{"data":"Neutralize","floor":6,"key":"SMITH"},{"floor":8,"key":"REST"},{"floor":15,"key":"REST"}],"neow_cost":"NONE","seed_source_timestamp":89346110228534,"circlet_count":0,"master_deck":["Defend_G","Defend_G","Defend_G","Defend_G","Defend_G","Strike_G","Strike_G","Strike_G","Strike_G","Strike_G+1","Survivor+1","Neutralize+1","Prepared","Infinite Blades","Well Laid Plans","Underhanded Strike","Outmaneuver","Leg Sweep"],"relics":["Ring of the Snake","NeowsBlessing","Tough Bandages","Paper Crane","Gremlin Horn"],"potions_floor_usage":[7,16],"damage_taken":[{"damage":0,"enemies":"Jaw Worm","floor":1,"turns":1},{"damage":0,"enemies":"2 Louse","floor":2,"turns":1},{"damage":0,"enemies":"Small Slimes","floor":4,"turns":1},{"damage":20,"enemies":"Gremlin Nob","floor":7,"turns":5},{"damage":27,"enemies":"Gremlin Gang","floor":11,"turns":5},{"damage":24,"enemies":"Lagavulin","floor":12,"turns":7},{"damage":2,"enemies":"Exordium Wildlife","floor":14,"turns":6},{"damage":40,"enemies":"Slime Boss","floor":16,"turns":11}],"seed_played":"-3410152205518057414","potions_obtained":[{"floor":1,"key":"SpeedPotion"},{"floor":14,"key":"AttackPotion"}],"is_trial":false,"path_per_floor":["M","M","?","M","?","R","E","R","T","?","M","E","?","M","R","B"],"character_chosen":"THE_SILENT","items_purchased":[],"campfire_rested":2,"item_purchase_floors":[],"current_hp_per_floor":[70,70,56,56,56,56,36,57,57,70,43,19,19,17,38,0],"gold":163,"neow_bonus":"THREE_ENEMY_KILL","is_prod":false,"is_daily":false,"chose_seed":false,"campfire_upgraded":1,"win_rate":0,"timestamp":1559801021,"path_taken":["M","M","?","M","?","R","E","R","T","?","M","E","?","M","R","BOSS"],"build_version":"2019-01-23","purchased_purges":0,"victory":false,"max_hp_per_floor":[70,70,70,70,70,70,70,70,70,70,70,70,70,70,70,70],"card_choices":[{"not_picked":["Outmaneuver","Dodge and Roll"],"picked":"Prepared","floor":1},{"not_picked":["Prepared","Flying Knee"],"picked":"Infinite Blades","floor":2},{"not_picked":["Prepared","Sucker Punch","Poisoned Stab"],"picked":"SKIP","floor":4},{"not_picked":["Heel Hook","Phantasmal Killer"],"picked":"Well Laid Plans","floor":7},{"not_picked":["Slice","Dagger Throw"],"picked":"Underhanded Strike","floor":11},{"not_picked":["Bouncing Flask","Cloak And Dagger"],"picked":"Outmaneuver","floor":12},{"not_picked":["Dodge and Roll","Crippling Poison"],"picked":"Leg Sweep","floor":14}],"player_experience":320957,"relics_obtained":[{"floor":7,"key":"Tough Bandages"},{"floor":9,"key":"Paper Crane"},{"floor":12,"key":"Gremlin Horn"}],"event_choices":[{"damage_healed":0,"gold_gain":0,"player_choice":"Entered Light","damage_taken":14,"max_hp_gain":0,"max_hp_loss":0,"event_name":"Shining Light","floor":3,"gold_loss":0,"cards_upgraded":["Survivor","Strike_G"]},{"damage_healed":0,"gold_gain":0,"player_choice":"Left Gold","damage_taken":0,"max_hp_gain":0,"max_hp_loss":0,"event_name":"World of Goop","floor":5,"gold_loss":38},{"damage_healed":17,"gold_gain":0,"player_choice":"Healed","damage_taken":0,"max_hp_gain":0,"max_hp_loss":0,"event_name":"The Cleric","floor":10,"gold_loss":35},{"damage_healed":0,"gold_gain":0,"player_choice":"Ignored","damage_taken":0,"max_hp_gain":0,"max_hp_loss":0,"event_name":"Liars Game","floor":13,"gold_loss":0}],"is_beta":false,"boss_relics":[],"items_purged_floors":[],"is_endless":false,"potions_floor_spawned":[1,14],"killed_by":"Slime Boss","ascension_level":3}