{"gold_per_floor":[113,129,129,149,74,74,108,108,108,119,76,90,117,117,117,191,191,210,220,96,21,21,21,21],"floor_reached":24,"playtime":852,"items_purged":[],"score":377,"play_id":"29f3ace2-e04b-424b-9083-a05371da832d","local_time":"20190403151827","is_ascension_mode":true,"campfire_choices":[{"data":"Ball Lightning","floor":6,"key":"SMITH"},{"floor":8,"key":"REST"},{"data":"Go for the Eyes","floor":15,"key":"SMITH"},{"floor":23,"key":"REST"}],"neow_cost":"NONE","seed_source_timestamp":1200875379882627,"circlet_count":0,"master_deck":["AscendersBane","Strike_B","Strike_B","Strike_B","Defend_B","Defend_B","Defend_B","Zap+1","Dualcast","Ball Lightning+1","BootSequence","Leap","Self Repair","Go for the Eyes+1","Fission","Cold Snap","Coolheaded","Capacitor","Consume"],"relics":["Cracked Core","Vajra","Cables","Boot","Fusion Hammer"],"potions_floor_usage":[7,13,16,19],"damage_taken":[{"damage":3,"enemies":"2 Louse","floor":1,"turns":3},{"damage":7,"enemies":"Jaw Worm","floor":2,"turns":2},{"damage":0,"enemies":"Small Slimes","floor":4,"turns":2},{"damage":20,"enemies":"3 Sentries","floor":7,"turns":6},{"damage":1,"enemies":"Looter","floor":10,"turns":3},{"damage":11,"enemies":"Exordium Thugs","floor":12,"turns":5},{"damage":5,"enemies":"Lagavulin","floor":13,"turns":6},{"damage":39,"enemies":"Hexaghost","floor":16,"turns":10},{"damage":18,"enemies":"Shell Parasite","floor":18,"turns":6},{"damage":6,"enemies":"3 Byrds","floor":19,"turns":4},{"damage":81,"enemies":"Slavers","floor":24,"turns":4}],"seed_played":"-2598907057483498597","potions_obtained":[{"floor":2,"key":"Block Potion"},{"floor":7,"key":"PowerPotion"},{"floor":10,"key":"FearPotion"},{"floor":18,"key":"Fire Potion"}],"is_trial":false,"path_per_floor":["M","M","?","M","?","R","E","R","T","M","$","M","E","?","R","B",null,"M","M","$","?","?","R","E"],"character_chosen":"DEFECT","items_purchased":["Self Repair","Capacitor","Consume"],"campfire_rested":2,"item_purchase_floors":[11,20,20],"current_hp_per_floor":[61,54,54,54,54,54,34,55,55,54,54,43,52,57,57,25,63,52,53,53,53,53,75,0],"gold":21,"neow_bonus":"UPGRADE_CARD","is_prod":false,"is_daily":false,"chose_seed":false,"campfire_upgraded":2,"win_rate":0,"timestamp":1554319107,"path_taken":["M","M","?","M","?","R","E","R","T","M","$","M","E","?","R","BOSS","M","M","$","?","?","R","E"],"build_version":"2019-01-23","purchased_purges":0,"victory":false,"max_hp_per_floor":[71,71,71,71,71,71,71,71,71,71,71,71,71,76,76,76,76,76,76,76,76,76,76,76],"card_choices":[{"not_picked":["Coolheaded","Hologram"],"picked":"Ball Lightning","floor":1},{"not_picked":["Sunder","Barrage","Rebound"],"picked":"SKIP","floor":2},{"not_picked":["Aggregate","Steam Power","Double Energy"],"picked":"SKIP","floor":4},{"not_picked":["Hello World","Steam Power"],"picked":"BootSequence","floor":7},{"not_picked":["Hologram","Gash"],"picked":"Leap","floor":10},{"not_picked":["Consume","Heatsinks","Steam"],"picked":"SKIP","floor":12},{"not_picked":["Ball Lightning","Blizzard"],"picked":"Go for the Eyes","floor":13},{"not_picked":["Reboot","Multi-Cast"],"picked":"Fission","floor":16},{"not_picked":["Ball Lightning","Conserve Battery"],"picked":"Cold Snap","floor":18},{"not_picked":["Loop","Conserve Battery"],"picked":"Coolheaded","floor":19}],"player_experience":502784,"relics_obtained":[{"floor":7,"key":"Vajra"},{"floor":9,"key":"Cables"},{"floor":13,"key":"Boot"}],"event_choices":[{"damage_healed":0,"gold_gain":0,"player_choice":"Ignored","damage_taken":0,"max_hp_gain":0,"max_hp_loss":0,"event_name":"Liars Game","floor":3,"gold_loss":0},{"cards_removed":["Strike_B"],"damage_healed":0,"gold_gain":0,"player_choice":"Card Removal","damage_taken":0,"max_hp_gain":0,"max_hp_loss":0,"event_name":"The Cleric","floor":5,"gold_loss":75},{"damage_healed":0,"gold_gain":0,"player_choice":"Donut","damage_taken":0,"max_hp_gain":5,"max_hp_loss":0,"event_name":"Big Fish","floor":14,"gold_loss":0},{"cards_removed":["Defend_B"],"damage_healed":0,"gold_gain":0,"player_choice":"Gave Gold","damage_taken":0,"max_hp_gain":0,"max_hp_loss":0,"event_name":"Beggar","floor":21,"gold_loss":75}],"is_beta":false,"boss_relics":[{"not_picked":["Empty Cage","Runic Dome"],"picked":"Fusion Hammer"}],"items_purged_floors":[],"is_endless":false,"potions_floor_spawned":[2,7,10,12,18],"killed_by":"Slavers","ascension_level":17}