{"gold_per_floor":[115,135,60,84,84,114,127,145,145,145,171,171,47,60,60,139,139,149,60,60,60,60,60],"floor_reached":23,"playtime":845,"items_purged":["Strike_G"],"score":444,"play_id":"84e82a6c-f736-4754-a7f3-358bd1008289","local_time":"20190628155659","is_ascension_mode":true,"campfire_choices":[{"floor":12,"key":"REST"},{"data":"Cloak And Dagger","floor":15,"key":"SMITH"}],"neow_cost":"NONE","seed_source_timestamp":592120729904716,"circlet_count":0,"master_deck":["AscendersBane","Defend_G","Defend_G","Defend_G","Defend_G","Defend_G","Strike_G","Strike_G","Strike_G","Strike_G","Survivor","Neutralize","Dagger Spray","Cloak And Dagger+1","Leg Sweep","Poisoned Stab","Skewer","Crippling Poison","Finisher","Accuracy","Noxious Fumes","After Image","Blade Dance","Footwork"],"relics":["Ring of the Snake","NeowsBlessing","Oddly Smooth Stone","Kunai","Centennial Puzzle","Orichalcum","Black Star","Nloth\u0027s Gift"],"potions_floor_usage":[11,16,16,18],"damage_taken":[{"damage":0,"enemies":"Cultist","floor":1,"turns":1},{"damage":0,"enemies":"Small Slimes","floor":2,"turns":1},{"damage":0,"enemies":"Gremlin Nob","floor":6,"turns":1},{"damage":3,"enemies":"Jaw Worm","floor":7,"turns":6},{"damage":38,"enemies":"Exordium Wildlife","floor":8,"turns":9},{"damage":4,"enemies":"3 Sentries","floor":11,"turns":8},{"damage":9,"enemies":"Red Slaver","floor":14,"turns":6},{"damage":31,"enemies":"Slime Boss","floor":16,"turns":13},{"damage":2,"enemies":"3 Byrds","floor":18,"turns":5},{"damage":54,"enemies":"Book of Stabbing","floor":23,"turns":7}],"seed_played":"8560258093419675506","potions_obtained":[{"floor":8,"key":"FearPotion"},{"floor":11,"key":"Regen Potion"},{"floor":14,"key":"Swift Potion"},{"floor":16,"key":"Poison Potion"}],"is_trial":false,"path_per_floor":["M","M","$","T","?","E","M","M","T","?","E","R","$","M","R","B",null,"M","$","?","$","?","E"],"character_chosen":"THE_SILENT","items_purchased":["Finisher","Accuracy","Footwork"],"campfire_rested":1,"item_purchase_floors":[13,13,19],"current_hp_per_floor":[59,59,59,59,59,59,56,18,18,18,14,33,33,24,24,8,52,50,50,50,50,50,0],"gold":60,"neow_bonus":"THREE_ENEMY_KILL","is_prod":false,"is_daily":false,"chose_seed":false,"campfire_upgraded":1,"win_rate":0,"timestamp":1561751819,"path_taken":["M","?","?","?","?","E","?","M","T","?","E","R","$","M","R","BOSS","M","$","?","$","?","E"],"build_version":"2019-01-23","purchased_purges":1,"victory":false,"max_hp_per_floor":[66,66,66,66,66,66,66,66,66,66,66,66,66,66,66,66,66,66,66,66,66,66,66],"card_choices":[{"not_picked":["Blade Dance","Quick Slash"],"picked":"Dagger Spray","floor":1},{"not_picked":["Prepared","Dagger Spray"],"picked":"Cloak And Dagger","floor":2},{"not_picked":["Accuracy","Escape Plan"],"picked":"Leg Sweep","floor":6},{"not_picked":["Dodge and Roll","Bullet Time"],"picked":"Poisoned Stab","floor":7},{"not_picked":["Prepared","Bane"],"picked":"Skewer","floor":8},{"not_picked":["Distraction","Eviscerate"],"picked":"Crippling Poison","floor":11},{"not_picked":["Reflex","Choke"],"picked":"Noxious Fumes","floor":14},{"not_picked":["Bullet Time","Unload"],"picked":"After Image","floor":16},{"not_picked":["Noxious Fumes","Quick Slash"],"picked":"Blade Dance","floor":18}],"player_experience":989336,"relics_obtained":[{"floor":4,"key":"Oddly Smooth Stone"},{"floor":6,"key":"Kunai"},{"floor":9,"key":"Centennial Puzzle"},{"floor":11,"key":"Orichalcum"}],"event_choices":[{"damage_healed":0,"gold_gain":0,"player_choice":"Ignored","damage_taken":0,"max_hp_gain":0,"max_hp_loss":0,"event_name":"Liars Game","floor":5,"gold_loss":0},{"damage_healed":0,"gold_gain":0,"player_choice":"Trade","damage_taken":0,"relics_obtained":["NlothsMask"],"max_hp_gain":0,"max_hp_loss":0,"event_name":"FaceTrader","floor":10,"gold_loss":0},{"damage_healed":0,"gold_gain":0,"player_choice":"Ignored","damage_taken":0,"max_hp_gain":0,"max_hp_loss":0,"event_name":"Ghosts","floor":20,"gold_loss":0},{"damage_healed":0,"gold_gain":0,"player_choice":"Traded Relic","damage_taken":0,"relics_obtained":["Nloth\u0027s Gift"],"max_hp_gain":0,"max_hp_loss":0,"event_name":"N\u0027loth","floor":22,"relics_lost":["NlothsMask"],"gold_loss":0}],"is_beta":false,"boss_relics":[{"not_picked":["Eternal Feather","Coffee Dripper"],"picked":"Black Star"}],"items_purged_floors":[3],"is_endless":false,"potions_floor_spawned":[8,11,14,16],"killed_by":"Book of Stabbing","ascension_level":20}