{"gold_per_floor":[119,194,54,73,92,92,120,132,155,171,171,188,0,16,16,114,114,127,144,144,159,7,17,17,17,17,17,17,37,53,85,85,85],"floor_reached":33,"playtime":4241,"items_purged":[],"score":271,"play_id":"e04a7640-825b-4baf-a7a5-f834d0a5984a","local_time":"20190127001150","is_ascension_mode":false,"campfire_choices":[{"data":"Carnage","floor":6,"key":"SMITH"},{"data":"Fiend Fire","floor":15,"key":"SMITH"},{"floor":24,"key":"REST"},{"floor":27,"key":"REST"},{"floor":32,"key":"REST"}],"neow_cost":"","seed_source_timestamp":0,"circlet_count":0,"master_deck":["Strike_R","Strike_R","Strike_R","Strike_R","Strike_R","Defend_R","Defend_R","Defend_R","Defend_R","Bash","Clothesline","Carnage+1","Inflame","Shrug It Off","Pommel Strike","Seeing Red","Reckless Charge","The Bomb","Fiend Fire+1","Reaper","Dropkick","Inflame","Shockwave+1","Iron Wave","Cleave","Metallicize","Juggernaut","Clothesline+1","Shrug It Off","Infernal Blade+1","Shrug It Off","Clothesline"],"special_seed":0,"relics":["Burning Blood","Bag of Marbles","Bag of Preparation","Blood Vial","Orrery","Red Skull","Bottled Tornado","Lantern"],"potions_floor_usage":[21,33,33],"damage_taken":[{"damage":5.0,"enemies":"Cultist","floor":1.0,"turns":4.0},{"damage":2,"enemies":"2 Louse","floor":4,"turns":2},{"damage":3,"enemies":"Small Slimes","floor":5,"turns":2},{"damage":23,"enemies":"3 Sentries","floor":7,"turns":6},{"damage":0,"enemies":"2 Fungi Beasts","floor":8,"turns":2},{"damage":5,"enemies":"3 Louse","floor":10,"turns":3},{"damage":1,"enemies":"Blue Slaver","floor":12,"turns":2},{"damage":7,"enemies":"Exordium Wildlife","floor":14,"turns":3},{"damage":35,"enemies":"The Guardian","floor":16,"turns":11},{"damage":40,"enemies":"2 Thieves","floor":18,"turns":3},{"damage":29,"enemies":"3 Byrds","floor":19,"turns":8},{"damage":58,"enemies":"Sentry and Sphere","floor":21,"turns":7},{"damage":30,"enemies":"Snake Plant","floor":23,"turns":4},{"damage":35,"enemies":"Cultist and Chosen","floor":29,"turns":7},{"damage":15,"enemies":"Sentry and Sphere","floor":30,"turns":5},{"damage":67,"enemies":"Gremlin Leader","floor":31,"turns":7},{"damage":54,"enemies":"Champ","floor":33,"turns":9}],"seed_played":"2942496463429195968","potions_obtained":[{"floor":4,"key":"Poison Potion"},{"floor":5,"key":"Swift Potion"},{"floor":8,"key":"Swift Potion"},{"floor":12,"key":"Regen Potion"},{"floor":29,"key":"EssenceOfSteel"}],"is_trial":false,"path_per_floor":["M","?","?","M","M","R","E","M","T","M","?","M","$","M","R","B",null,"M","M","?","M","$","M","R","$","T","R","?","M","M","E","R","B"],"character_chosen":"IRONCLAD","items_purchased":["The Bomb","Red Skull"],"campfire_rested":3,"item_purchase_floors":[13,22],"current_hp_per_floor":[80,80,80,80,80,80,63,69,69,72,72,79,79,79,79,51,80,58,61,61,20,20,8,32,32,32,56,56,47,40,8,32,0],"gold":85,"neow_bonus":"","is_prod":false,"is_daily":false,"chose_seed":false,"campfire_upgraded":2,"win_rate":0.0,"timestamp":1548565910,"path_taken":["M","?","?","M","M","R","E","?","T","?","?","M","$","M","R","BOSS","M","M","?","M","$","M","R","$","T","R","?","?","M","E","R","BOSS"],"build_version":"2019-01-23","purchased_purges":0,"victory":false,"max_hp_per_floor":[80,80,80,80,80,80,80,80,80,80,80,80,80,80,80,80,80,80,80,80,80,80,80,80,80,80,80,80,80,80,80,80,80],"card_choices":[{"not_picked":["Anger","Disarm"],"picked":"Clothesline","floor":1},{"not_picked":["Twin Strike","Entrench"],"picked":"Carnage","floor":4},{"not_picked":["Clash","Cleave"],"picked":"Inflame","floor":5},{"not_picked":["Whirlwind","Ghostly Armor"],"picked":"Shrug It Off","floor":7},{"not_picked":["Clash","Warcry"],"picked":"Pommel Strike","floor":8},{"not_picked":["True Grit","Ghostly Armor"],"picked":"Seeing Red","floor":10},{"not_picked":["Anger","Headbutt"],"picked":"Reckless Charge","floor":12},{"not_picked":["Corruption","Pommel Strike"],"picked":"Fiend Fire","floor":14},{"not_picked":["Demon Form","Brutality"],"picked":"Reaper","floor":16},{"not_picked":["Perfected Strike","Battle Trance"],"picked":"Dropkick","floor":17},{"not_picked":["Dual Wield","Clothesline"],"picked":"Inflame","floor":17},{"not_picked":["Clothesline","Perfected Strike"],"picked":"Shockwave","floor":17},{"not_picked":["Twin Strike","Shrug It Off"],"picked":"Iron Wave","floor":17},{"not_picked":["Thunderclap","Perfected Strike"],"picked":"Cleave","floor":17},{"not_picked":["Entrench","Perfected Strike"],"picked":"Metallicize","floor":18},{"not_picked":["Perfected Strike","Warcry+1"],"picked":"Juggernaut","floor":19},{"not_picked":["Sword Boomerang","Hemokinesis"],"picked":"Clothesline+1","floor":21},{"not_picked":["Thunderclap","Warcry+1"],"picked":"Shrug It Off","floor":23},{"not_picked":["True Grit","Sever Soul"],"picked":"Infernal Blade+1","floor":29},{"not_picked":["Sword Boomerang","Hemokinesis"],"picked":"Shrug It Off","floor":30},{"not_picked":["Seeing Red","Brutality"],"picked":"Clothesline","floor":31}],"player_experience":0,"relics_obtained":[{"floor":7,"key":"Bag of Preparation"},{"floor":9,"key":"Blood Vial"},{"floor":26,"key":"Bottled Tornado"},{"floor":31,"key":"Lantern"}],"event_choices":[{"damage_healed":0,"gold_gain":75,"player_choice":"Gained Gold","damage_taken":0,"max_hp_gain":0,"max_hp_loss":0,"event_name":"Golden Wing","floor":2,"gold_loss":0},{"damage_healed":0,"gold_gain":0,"player_choice":"Paid Gold","damage_taken":0,"relics_obtained":["Bag of Marbles"],"max_hp_gain":0,"max_hp_loss":0,"event_name":"WeMeetAgain","floor":3,"gold_loss":140},{"damage_healed":0,"gold_gain":0,"player_choice":"Leave","damage_taken":0,"max_hp_gain":0,"max_hp_loss":0,"event_name":"The Cleric","floor":11,"gold_loss":0},{"damage_healed":0,"gold_gain":0,"player_choice":"Ignored","damage_taken":0,"max_hp_gain":0,"max_hp_loss":0,"event_name":"Ghosts","floor":20,"gold_loss":0},{"damage_healed":0,"gold_gain":0,"player_choice":"Upgraded","damage_taken":0,"max_hp_gain":0,"max_hp_loss":0,"event_name":"Upgrade Shrine","floor":28,"gold_loss":0,"cards_upgraded":["Shockwave"]}],"is_beta":false,"boss_relics":[{"not_picked":["Calling Bell","Ectoplasm"],"picked":"Orrery"}],"items_purged_floors":[],"is_endless":false,"potions_floor_spawned":[4,5,8,12,19,21,29],"killed_by":"Champ","ascension_level":0}