{"gold_per_floor":[117,117,128,141,153,153,153,180,235,235,235,82,116,126,126,199,199,219,219,219,229,34,64,64,77,77,77,30,43,43,17,17,17],"floor_reached":33,"playtime":941,"items_purged":["Strike_B"],"score":450,"play_id":"c42ba49f-eb42-43e5-9860-069919f8c84e","local_time":"20190320222307","is_ascension_mode":true,"campfire_choices":[{"data":"Darkness","floor":6,"key":"SMITH"},{"data":"Darkness","floor":10,"key":"SMITH"},{"data":"Consume","floor":15,"key":"SMITH"},{"floor":24,"key":"REST"},{"data":"Buffer","floor":27,"key":"SMITH"},{"data":"Redo","floor":32,"key":"SMITH"}],"neow_cost":"NONE","seed_source_timestamp":16648645385120,"circlet_count":0,"master_deck":["AscendersBane","Strike_B","Strike_B","Strike_B","Defend_B","Defend_B","Defend_B","Defend_B","Zap","Dualcast+1","Glacier+1","Ball Lightning","Darkness+1","Consume+1","Darkness+1","Self Repair","Redo+1","Conserve Battery","Buffer+1","Gash+1","Glacier","Go for the Eyes","Beam Cell","All For One","Steam+1"],"relics":["Cracked Core","NeowsBlessing","Meat on the Bone","Dream Catcher","Bag of Marbles","Orichalcum","Cursed Key","Nilry\u0027s Codex","ClockworkSouvenir","Omamori","Toxic Egg 2"],"potions_floor_usage":[8,16,16,25,33],"damage_taken":[{"damage":0,"enemies":"2 Louse","floor":1,"turns":1},{"damage":0,"enemies":"Jaw Worm","floor":3,"turns":1},{"damage":0,"enemies":"Small Slimes","floor":4,"turns":1},{"damage":7,"enemies":"Exordium Wildlife","floor":5,"turns":5},{"damage":17,"enemies":"Lagavulin","floor":8,"turns":5},{"damage":17,"enemies":"3 Sentries","floor":13,"turns":6},{"damage":0,"enemies":"2 Fungi Beasts","floor":14,"turns":2},{"damage":10,"enemies":"Hexaghost","floor":16,"turns":6},{"damage":11,"enemies":"Shell Parasite","floor":18,"turns":4},{"damage":9,"enemies":"2 Thieves","floor":21,"turns":3},{"damage":39,"enemies":"Slavers","floor":23,"turns":5},{"damage":12,"enemies":"Snake Plant","floor":25,"turns":4},{"damage":0,"enemies":"Chosen and Byrds","floor":29,"turns":6},{"damage":72,"enemies":"Automaton","floor":33,"turns":6}],"seed_played":"8795080930901389047","potions_obtained":[{"floor":1,"key":"SpeedPotion"},{"floor":5,"key":"Weak Potion"},{"floor":8,"key":"EssenceOfSteel"},{"floor":14,"key":"AttackPotion"},{"floor":21,"key":"Weak Potion"},{"floor":29,"key":"Fire Potion"}],"is_trial":false,"path_per_floor":["M","?","M","M","M","R","?","E","T","R","?","$","E","M","R","B",null,"M","?","?","M","$","E","R","M","T","R","$","M","?","$","R","B"],"character_chosen":"DEFECT","items_purchased":["Self Repair","ClockworkSouvenir","Beam Cell","Steam+1"],"campfire_rested":1,"item_purchase_floors":[12,22,28,31],"current_hp_per_floor":[68,68,68,68,61,61,46,41,41,41,41,41,43,43,43,52,69,65,65,49,47,47,20,42,42,42,42,42,49,49,49,49,0],"gold":17,"neow_bonus":"THREE_ENEMY_KILL","is_prod":false,"is_daily":false,"chose_seed":false,"campfire_upgraded":5,"win_rate":0,"timestamp":1553134987,"path_taken":["M","?","M","M","M","R","?","E","T","R","?","$","E","M","R","BOSS","M","?","?","M","?","E","R","M","T","R","$","?","?","?","R","BOSS"],"build_version":"2019-01-23","purchased_purges":1,"victory":false,"max_hp_per_floor":[75,75,75,75,75,75,75,75,75,75,75,75,75,75,75,75,75,75,75,75,75,75,75,75,75,75,75,75,75,75,75,75,75],"card_choices":[{"not_picked":["Rebound","Double Energy"],"picked":"Glacier","floor":1},{"not_picked":["Fusion","Barrage"],"picked":"Ball Lightning","floor":3},{"not_picked":["BootSequence","Chaos"],"picked":"Darkness","floor":4},{"not_picked":["Heatsinks","Streamline"],"picked":"Consume","floor":5},{"not_picked":["Recycle","Turbo"],"picked":"Darkness","floor":8},{"not_picked":["Stack","Leap"],"picked":"Redo","floor":13},{"not_picked":["Aggregate","Hologram"],"picked":"Conserve Battery","floor":14},{"not_picked":["Reboot","Creative AI"],"picked":"Buffer","floor":16},{"not_picked":["Turbo","Compile Driver","Aggregate+1"],"picked":"SKIP","floor":18},{"not_picked":["Static Discharge","Recycle"],"picked":"Gash+1","floor":21},{"not_picked":["Rebound","Consume"],"picked":"Glacier","floor":23},{"not_picked":["Barrage","Turbo"],"picked":"Go for the Eyes","floor":25},{"not_picked":["Compile Driver","Sweeping Beam"],"picked":"All For One","floor":29}],"player_experience":433421,"relics_obtained":[{"floor":8,"key":"Dream Catcher"},{"floor":9,"key":"Bag of Marbles"},{"floor":13,"key":"Orichalcum"},{"floor":20,"key":"Nilry\u0027s Codex"},{"floor":23,"key":"Omamori"},{"floor":26,"key":"Toxic Egg 2"}],"event_choices":[{"damage_healed":0,"gold_gain":0,"player_choice":"Box","damage_taken":0,"relics_obtained":["Meat on the Bone"],"max_hp_gain":0,"max_hp_loss":0,"event_name":"Big Fish","floor":2,"gold_loss":0,"cards_obtained":["Regret"]},{"damage_healed":0,"gold_gain":0,"player_choice":"Entered Light","damage_taken":15,"max_hp_gain":0,"max_hp_loss":0,"event_name":"Shining Light","floor":7,"gold_loss":0,"cards_upgraded":["Dualcast","Glacier"]},{"cards_removed":["Regret"],"damage_healed":0,"gold_gain":0,"player_choice":"Forget","damage_taken":0,"max_hp_gain":0,"max_hp_loss":0,"event_name":"Living Wall","floor":11,"gold_loss":0},{"damage_healed":0,"gold_gain":0,"player_choice":"Ignored","damage_taken":0,"max_hp_gain":0,"max_hp_loss":0,"event_name":"Ghosts","floor":19,"gold_loss":0},{"damage_healed":0,"gold_gain":0,"player_choice":"Obtained Book","damage_taken":16,"max_hp_gain":0,"max_hp_loss":0,"event_name":"Cursed Tome","floor":20,"gold_loss":0}],"is_beta":false,"boss_relics":[{"not_picked":["Snecko Eye","Eternal Feather"],"picked":"Cursed Key"}],"items_purged_floors":[12],"is_endless":false,"potions_floor_spawned":[1,5,8,14,21,29],"killed_by":"Automaton","ascension_level":13}