{"gold_per_floor":[116,136,153,168,125,125,67,93,117,117],"floor_reached":10,"playtime":414,"items_purged":[],"score":137,"play_id":"9c9a394f-a841-4aa2-90d4-832dece3a61c","local_time":"20190526222324","is_ascension_mode":true,"campfire_choices":[{"floor":6,"key":"REST"}],"neow_cost":"NONE","seed_source_timestamp":796379313258008,"circlet_count":0,"master_deck":["AscendersBane","Defend_G","Defend_G","Defend_G","Defend_G","Defend_G","Strike_G","Strike_G","Strike_G","Survivor","Neutralize","Bane","Dagger Spray","Backstab","Dagger Throw","Bouncing Flask","Backflip","Footwork"],"relics":["Empty Cage","Paper Crane","Vajra"],"potions_floor_usage":[5,8],"damage_taken":[{"damage":22,"enemies":"Cultist","floor":1,"turns":6},{"damage":2,"enemies":"Jaw Worm","floor":2,"turns":8},{"damage":4,"enemies":"Small Slimes","floor":3,"turns":3},{"damage":8,"enemies":"3 Louse","floor":4,"turns":4},{"damage":10,"enemies":"Exordium Thugs","floor":5,"turns":5},{"damage":30,"enemies":"Gremlin Nob","floor":8,"turns":4},{"damage":7,"enemies":"Exordium Wildlife","floor":10,"turns":1}],"seed_played":"2168010592125063298","potions_obtained":[{"floor":4,"key":"SkillPotion"},{"floor":5,"key":"SkillPotion"},{"floor":8,"key":"Ancient Potion"}],"is_trial":false,"path_per_floor":["M","M","M","M","M","R","$","E","T","M"],"character_chosen":"THE_SILENT","items_purchased":["Backflip"],"campfire_rested":1,"item_purchase_floors":[7],"current_hp_per_floor":[37,35,31,23,13,32,32,2,2,0],"gold":117,"neow_bonus":"BOSS_RELIC","is_prod":false,"is_daily":false,"chose_seed":false,"campfire_upgraded":0,"win_rate":0,"timestamp":1558923804,"path_taken":["M","?","M","M","M","R","$","E","T","M"],"build_version":"2019-01-23","purchased_purges":0,"victory":false,"max_hp_per_floor":[66,66,66,66,66,66,66,66,66,66],"card_choices":[{"not_picked":["Backflip","Dodge and Roll"],"picked":"Bane","floor":1},{"not_picked":["Prepared","Blade Dance"],"picked":"Dagger Spray","floor":2},{"not_picked":["PiercingWail","Calculated Gamble"],"picked":"Backstab","floor":3},{"not_picked":["Doppelganger","Dodge and Roll"],"picked":"Dagger Throw","floor":4},{"not_picked":["Slice","Prepared"],"picked":"Bouncing Flask","floor":5},{"not_picked":["Bane","Reflex"],"picked":"Footwork","floor":8}],"player_experience":771915,"relics_obtained":[{"floor":8,"key":"Paper Crane"},{"floor":9,"key":"Vajra"}],"event_choices":[],"is_beta":false,"boss_relics":[],"items_purged_floors":[],"is_endless":false,"potions_floor_spawned":[4,5,8],"killed_by":"Exordium Wildlife","ascension_level":19}