{"gold_per_floor":[110,60,79,97,165,197,217,233,259,278,278,298,298,308,308,403,403,421,438,438,469,484,484,497,497,550,568,586,586,194,207,207,303,303,322,232,246,258,273,273,303,303,349,349,349,375,385,607,607,607],"floor_reached":50,"playtime":3384,"items_purged":["Decay"],"score":535,"play_id":"b5b1841d-8320-4f7f-9d92-66c433fdd537","local_time":"20190508225418","is_ascension_mode":false,"campfire_choices":[{"floor":11,"key":"REST"},{"floor":15,"key":"REST"},{"floor":23,"key":"REST"},{"floor":29,"key":"REST"},{"floor":32,"key":"REST"},{"floor":40,"key":"REST"},{"floor":42,"key":"REST"},{"floor":44,"key":"REST"},{"floor":49,"key":"REST"}],"neow_cost":"TEN_PERCENT_HP_LOSS","seed_source_timestamp":910044855042558,"circlet_count":0,"master_deck":["Defend_B+1","Zap+1","Dualcast","Streamline","Cold Snap","Doom and Gloom","Defragment","Rebound","Redo","Defragment","Rainbow","Coolheaded+1","Electrodynamics+1","Genetic Algorithm+1","Conserve Battery+1","Rebound+1","RitualDagger","Fusion+1","Seek","Redo+1","Compile Driver+1","Stack","Redo","Seek","Compile Driver+1","Doom and Gloom","Sweeping Beam+1","Leap","Ball Lightning+1"],"relics":["Cracked Core","Calipers","War Paint","Astrolabe","Red Mask","Bag of Preparation","Frozen Egg 2","Nuclear Battery","Centennial Puzzle","Bag of Marbles","Potion Belt"],"potions_floor_usage":[6,10,22,22,33,33,41,50],"damage_taken":[{"damage":1,"enemies":"Jaw Worm","floor":1,"turns":4},{"damage":0,"enemies":"Small Slimes","floor":3,"turns":3},{"damage":9,"enemies":"2 Louse","floor":4,"turns":3},{"damage":23,"enemies":"Gremlin Nob","floor":6,"turns":4},{"damage":4,"enemies":"Exordium Wildlife","floor":7,"turns":4},{"damage":12,"enemies":"Blue Slaver","floor":8,"turns":3},{"damage":5,"enemies":"Large Slime","floor":10,"turns":4},{"damage":12,"enemies":"Exordium Thugs","floor":12,"turns":3},{"damage":10,"enemies":"Red Slaver","floor":14,"turns":2},{"damage":31,"enemies":"Slime Boss","floor":16,"turns":6},{"damage":6,"enemies":"Spheric Guardian","floor":18,"turns":3},{"damage":13,"enemies":"2 Thieves","floor":19,"turns":3},{"damage":0,"enemies":"Masked Bandits","floor":21,"turns":2},{"damage":15,"enemies":"Snecko","floor":22,"turns":4},{"damage":6,"enemies":"Chosen and Byrds","floor":24,"turns":4},{"damage":18,"enemies":"Centurion and Healer","floor":27,"turns":4},{"damage":7,"enemies":"Shelled Parasite and Fungi","floor":28,"turns":6},{"damage":0,"enemies":"3 Cultists","floor":31,"turns":4},{"damage":59,"enemies":"Automaton","floor":33,"turns":11},{"damage":8,"enemies":"Orb Walker","floor":35,"turns":4},{"damage":10,"enemies":"3 Darklings","floor":37,"turns":4},{"damage":16,"enemies":"Transient","floor":38,"turns":5},{"damage":0,"enemies":"Sphere and 2 Shapes","floor":39,"turns":2},{"damage":39,"enemies":"Reptomancer","floor":41,"turns":7},{"damage":41,"enemies":"Nemesis","floor":46,"turns":9},{"damage":0,"enemies":"4 Shapes","floor":47,"turns":1},{"damage":42,"enemies":"Donu and Deca","floor":50,"turns":5}],"seed_played":"-868229799103968679","potions_obtained":[{"floor":1,"key":"Dexterity Potion"},{"floor":4,"key":"FairyPotion"},{"floor":6,"key":"SteroidPotion"},{"floor":8,"key":"Weak Potion"},{"floor":19,"key":"Strength Potion"},{"floor":28,"key":"Dexterity Potion"},{"floor":31,"key":"Dexterity Potion"},{"floor":33,"key":"SkillPotion"},{"floor":39,"key":"Strength Potion"}],"is_trial":false,"path_per_floor":["M","?","M","M","?","E","M","M","T","M","R","M","?","M","R","B",null,"M","M","?","?","M","R","M","?","T","M","M","R","$","M","R","B",null,"M","?","M","M","M","R","E","R","T","R","?","E","M","?","R","B"],"character_chosen":"DEFECT","items_purchased":["Stack","Frozen Egg 2","Conserve Battery"],"campfire_rested":9,"item_purchase_floors":[30,30,30],"current_hp_per_floor":[67,67,67,58,58,35,31,19,19,14,34,22,22,12,32,1,68,62,49,43,43,28,48,42,42,42,24,17,37,37,37,57,6,68,60,60,50,34,34,54,15,35,35,55,55,14,14,14,34,0],"gold":607,"neow_bonus":"REMOVE_TWO","is_prod":false,"is_daily":false,"chose_seed":false,"campfire_upgraded":0,"win_rate":0,"timestamp":1557381258,"path_taken":["M","?","M","M","?","E","M","M","T","M","R","M","?","M","R","BOSS","M","M","?","?","M","R","M","?","T","?","M","R","?","M","R","BOSS","M","?","M","M","?","R","E","R","T","R","?","E","M","?","R","BOSS"],"build_version":"2019-01-23","purchased_purges":1,"victory":false,"max_hp_per_floor":[68,68,68,68,68,68,68,68,68,68,68,68,68,68,68,68,68,68,68,68,68,68,68,68,68,68,68,68,68,68,68,68,68,68,68,68,68,68,68,68,68,68,68,68,68,68,68,68,68,68],"card_choices":[{"not_picked":["Force Field","Stack","Heatsinks"],"picked":"SKIP","floor":1},{"not_picked":["Tempest","Scrape"],"picked":"Streamline","floor":3},{"not_picked":["Hologram","Leap","Cold Snap"],"picked":"SKIP","floor":4},{"not_picked":["Gash","Turbo"],"picked":"Cold Snap","floor":6},{"not_picked":["Gash","Go for the Eyes"],"picked":"Doom and Gloom","floor":7},{"not_picked":["Sunder","Leap"],"picked":"Defragment","floor":8},{"not_picked":["Coolheaded","Barrage"],"picked":"Rebound","floor":10},{"not_picked":["Tempest","Compile Driver"],"picked":"Redo","floor":12},{"not_picked":["Beam Cell","Steam"],"picked":"Defragment","floor":14},{"not_picked":["Reboot","Fission"],"picked":"Rainbow","floor":16},{"not_picked":["FTL","BootSequence+1"],"picked":"Conserve Battery+1","floor":18},{"not_picked":["Genetic Algorithm+1","Compile Driver"],"picked":"Rebound+1","floor":19},{"not_picked":["White Noise","Gash+1"],"picked":"Fusion+1","floor":22},{"not_picked":["Gash","Scrape"],"picked":"Seek","floor":24},{"not_picked":["Scrape","Streamline+1"],"picked":"Redo","floor":27},{"not_picked":["Beam Cell","Blizzard"],"picked":"Compile Driver+1","floor":28},{"not_picked":["Loop+1","Reinforced Body"],"picked":"Redo","floor":31},{"not_picked":["Thunder Strike","All For One"],"picked":"Seek","floor":33},{"not_picked":["Rebound","Force Field+1"],"picked":"Compile Driver+1","floor":35},{"not_picked":["Tempest","Sweeping Beam+1"],"picked":"Doom and Gloom","floor":37},{"not_picked":["Conserve Battery","FTL+1","Streamline+1"],"picked":"SKIP","floor":38},{"not_picked":["Coolheaded","Genetic Algorithm+1"],"picked":"Sweeping Beam+1","floor":39},{"not_picked":["Hello World+1","BootSequence+1","Compile Driver+1"],"picked":"SKIP","floor":41},{"not_picked":["Hyperbeam","White Noise+1"],"picked":"Leap","floor":46},{"not_picked":["Static Discharge+1","Sweeping Beam+1"],"picked":"Ball Lightning+1","floor":47}],"player_experience":135889,"relics_obtained":[{"floor":6,"key":"Calipers"},{"floor":9,"key":"War Paint"},{"floor":21,"key":"Red Mask"},{"floor":26,"key":"Bag of Preparation"},{"floor":41,"key":"Centennial Puzzle"},{"floor":43,"key":"Bag of Marbles"},{"floor":46,"key":"Potion Belt"}],"event_choices":[{"cards_removed":["Defend_B"],"damage_healed":0,"gold_gain":0,"player_choice":"Card Removal","damage_taken":0,"max_hp_gain":0,"max_hp_loss":0,"event_name":"The Cleric","floor":2,"gold_loss":50},{"damage_healed":0,"gold_gain":68,"player_choice":"Gained Gold","damage_taken":0,"max_hp_gain":0,"max_hp_loss":0,"event_name":"Golden Wing","floor":5,"gold_loss":0},{"damage_healed":0,"gold_gain":0,"player_choice":"Searched \u00270\u0027 times","damage_taken":0,"max_hp_gain":0,"max_hp_loss":0,"event_name":"Dead Adventurer","floor":13,"gold_loss":0},{"damage_healed":0,"gold_gain":0,"player_choice":"Joined the Cult","damage_taken":6,"max_hp_gain":0,"max_hp_loss":0,"event_name":"Nest","floor":20,"gold_loss":0,"cards_obtained":["RitualDagger"]},{"damage_healed":0,"gold_gain":0,"player_choice":"Fought Bandits","damage_taken":0,"max_hp_gain":0,"max_hp_loss":0,"event_name":"Masked Bandits","floor":21,"gold_loss":0},{"damage_healed":0,"gold_gain":0,"player_choice":"Cursed","damage_taken":0,"max_hp_gain":0,"max_hp_loss":0,"event_name":"Wheel of Change","floor":25,"gold_loss":0,"cards_obtained":["Decay"]},{"cards_removed":["Strike_B"],"damage_healed":0,"gold_gain":0,"player_choice":"Upgrade and Remove","damage_taken":0,"max_hp_gain":0,"max_hp_loss":0,"event_name":"Designer","floor":36,"gold_loss":90,"cards_upgraded":["Redo"]},{"cards_removed":["Conserve Battery"],"damage_healed":0,"gold_gain":0,"player_choice":"Removed Skill","damage_taken":0,"max_hp_gain":0,"max_hp_loss":0,"event_name":"Falling","floor":45,"gold_loss":0},{"damage_healed":0,"gold_gain":222,"player_choice":"Wore Mask","damage_taken":0,"max_hp_gain":0,"max_hp_loss":0,"event_name":"Tomb of Lord Red Mask","floor":48,"gold_loss":0}],"is_beta":false,"boss_relics":[{"not_picked":["Calling Bell","Philosopher\u0027s Stone"],"picked":"Astrolabe"},{"not_picked":["Snecko Eye","Fusion Hammer"],"picked":"Nuclear Battery"}],"items_purged_floors":[30],"is_endless":false,"potions_floor_spawned":[1,4,6,8,19,28,31,33,39],"killed_by":"Donu and Deca","ascension_level":0}