{"gold_per_floor":[119,119,132,9,9,9,34,94,94,17,17,29,29,54,54,131,131,143,68,88,101,101,101,101,101,127,137,37,37,51,4,4,78,78,88,108,208,208,508,508,535,535,535,545,564,299,316,335,335,335],"floor_reached":50,"playtime":2188,"items_purged":["Decay","Decay","Strike_B"],"score":887,"play_id":"7bc8cd0e-3fce-43af-abaf-f464e54bb1d4","local_time":"20190503165722","is_ascension_mode":true,"campfire_choices":[{"data":"Leap","floor":6,"key":"SMITH"},{"data":"Sunder","floor":13,"key":"SMITH"},{"floor":15,"key":"REST"},{"floor":23,"key":"REST"},{"floor":25,"key":"REST"},{"data":"Gash","floor":29,"key":"SMITH"},{"floor":32,"key":"REST"},{"floor":40,"key":"REST"},{"data":"Defragment","floor":42,"key":"SMITH"},{"floor":49,"key":"REST"}],"neow_cost":"NONE","seed_source_timestamp":591680010409497,"circlet_count":0,"master_deck":["AscendersBane","Strike_B","Defend_B","Defend_B","Defend_B","Defend_B","Zap","Dualcast","Ball Lightning","Leap+1","Glacier","Gash+1","Sunder+1","Streamline","Defragment+1","Seek","Self Repair","White Noise","Capacitor","Gash","FTL","Gash","Gash","White Noise+1","All For One","Stack+1","Leap","Self Repair+1","Parasite","Amplify","Conserve Battery"],"relics":["Cracked Core","Dream Catcher","Blue Candle","Turnip","Torii","Sozu","MutagenicStrength","Bag of Marbles","Busted Crown","Thread and Needle","Symbiotic Virus","Singing Bowl"],"potions_floor_usage":[7,8],"damage_taken":[{"damage":6,"enemies":"Cultist","floor":1,"turns":3},{"damage":7,"enemies":"Jaw Worm","floor":3,"turns":3},{"damage":17,"enemies":"Lagavulin","floor":7,"turns":5},{"damage":36,"enemies":"Gremlin Nob","floor":8,"turns":6},{"damage":0,"enemies":"Small Slimes","floor":12,"turns":2},{"damage":20,"enemies":"3 Sentries","floor":14,"turns":6},{"damage":15,"enemies":"Hexaghost","floor":16,"turns":12},{"damage":22,"enemies":"3 Byrds","floor":18,"turns":6},{"damage":8,"enemies":"Chosen","floor":20,"turns":4},{"damage":31,"enemies":"Snecko","floor":21,"turns":7},{"damage":42,"enemies":"Cultist and Chosen","floor":27,"turns":9},{"damage":0,"enemies":"Snake Plant","floor":30,"turns":2},{"damage":30,"enemies":"Automaton","floor":33,"turns":11},{"damage":0,"enemies":"3 Shapes","floor":35,"turns":5},{"damage":24,"enemies":"3 Darklings","floor":36,"turns":6},{"damage":5,"enemies":"Mind Bloom Boss Battle","floor":37,"turns":6},{"damage":18,"enemies":"Nemesis","floor":41,"turns":9},{"damage":0,"enemies":"4 Shapes","floor":44,"turns":4},{"damage":32,"enemies":"Writhing Mass","floor":45,"turns":6},{"damage":24,"enemies":"Spire Growth","floor":47,"turns":5},{"damage":25,"enemies":"Jaw Worm Horde","floor":48,"turns":5},{"damage":52,"enemies":"Time Eater","floor":50,"turns":4}],"seed_played":"-4780366498466320496","potions_obtained":[{"floor":1,"key":"FearPotion"},{"floor":3,"key":"AttackPotion"}],"is_trial":false,"path_per_floor":["M","?","M","$","?","R","E","?","T","$","?","M","R","E","R","B",null,"M","?","M","M","?","R","?","R","T","M","$","R","M","$","R","B",null,"M","M","?","?","?","R","E","R","T","M","M","$","M","M","R","B"],"character_chosen":"DEFECT","items_purchased":["Leap","Sunder","Gash","Amplify"],"campfire_rested":6,"item_purchase_floors":[4,10,31,46],"current_hp_per_floor":[58,58,51,51,71,71,54,18,18,18,23,23,23,3,24,9,56,34,34,33,9,9,30,30,51,51,16,16,16,23,23,44,21,59,66,49,51,51,51,71,60,60,60,67,54,54,40,27,51,0],"gold":335,"neow_bonus":"REMOVE_CARD","is_prod":false,"is_daily":false,"chose_seed":false,"campfire_upgraded":4,"win_rate":0,"timestamp":1556927842,"path_taken":["M","?","?","$","?","R","E","?","T","?","?","?","R","E","R","BOSS","M","?","M","M","?","R","?","R","T","M","$","R","M","?","R","BOSS","M","?","?","?","?","R","E","R","T","M","M","$","M","?","R","BOSS"],"build_version":"2019-01-23","purchased_purges":3,"victory":false,"max_hp_per_floor":[71,71,71,71,71,71,71,71,71,71,71,71,71,71,71,71,71,71,71,71,71,71,71,71,71,71,71,71,71,71,71,71,71,71,71,71,71,71,71,71,71,71,71,71,73,73,73,75,77,77],"card_choices":[{"not_picked":["Double Energy","Coolheaded"],"picked":"Ball Lightning","floor":1},{"not_picked":["Compile Driver","Redo"],"picked":"Steam","floor":3},{"not_picked":["Sweeping Beam","Cold Snap"],"picked":"Glacier","floor":7},{"not_picked":["Aggregate","Lockon"],"picked":"Gash","floor":8},{"not_picked":["Static Discharge","Turbo"],"picked":"Streamline","floor":12},{"not_picked":["Sunder","Coolheaded","Fission"],"picked":"SKIP","floor":14},{"not_picked":["Reinforced Body","Steam Power"],"picked":"Defragment","floor":15},{"not_picked":["Multi-Cast","Fission"],"picked":"Seek","floor":16},{"not_picked":["Fusion","Go for the Eyes"],"picked":"Self Repair","floor":18},{"not_picked":["Ball Lightning","Compile Driver"],"picked":"White Noise","floor":20},{"not_picked":["Consume","Rebound"],"picked":"Capacitor","floor":21},{"not_picked":["Skim","Hello World"],"picked":"Gash","floor":23},{"not_picked":["Coolheaded+1","Storm"],"picked":"FTL","floor":25},{"not_picked":["Coolheaded","Turbo","Cold Snap"],"picked":"SKIP","floor":27},{"not_picked":["Fusion","Go for the Eyes"],"picked":"Gash","floor":30},{"not_picked":["Leap","Rip and Tear"],"picked":"White Noise+1","floor":32},{"not_picked":["Meteor Strike","Core Surge"],"picked":"All For One","floor":33},{"not_picked":["Hologram"],"picked":"SKIP","floor":35},{"not_picked":[],"picked":"Stack+1","floor":36},{"not_picked":[],"picked":"Leap","floor":37},{"not_picked":["Doom and Gloom"],"picked":"SKIP","floor":41},{"not_picked":[],"picked":"Self Repair+1","floor":44},{"not_picked":["Darkness"],"picked":"Singing Bowl","floor":45},{"not_picked":[],"picked":"Conserve Battery","floor":47},{"not_picked":["Coolheaded"],"picked":"Singing Bowl","floor":48},{"not_picked":["Rebound"],"picked":"Singing Bowl","floor":49}],"player_experience":891847,"relics_obtained":[{"floor":7,"key":"Dream Catcher"},{"floor":9,"key":"Turnip"},{"floor":14,"key":"Torii"},{"floor":26,"key":"Bag of Marbles"},{"floor":37,"key":"Thread and Needle"},{"floor":41,"key":"Symbiotic Virus"},{"floor":43,"key":"Singing Bowl"}],"event_choices":[{"damage_healed":0,"gold_gain":0,"player_choice":"Cursed","damage_taken":0,"max_hp_gain":0,"max_hp_loss":0,"event_name":"Wheel of Change","floor":2,"gold_loss":0,"cards_obtained":["Decay"]},{"damage_healed":23,"gold_gain":0,"player_choice":"Banana","damage_taken":0,"max_hp_gain":0,"max_hp_loss":0,"event_name":"Big Fish","floor":5,"gold_loss":0},{"damage_healed":0,"gold_gain":0,"player_choice":"Searched \u00272\u0027 times","damage_taken":0,"relics_obtained":["Blue Candle"],"max_hp_gain":0,"max_hp_loss":0,"event_name":"Dead Adventurer","floor":8,"gold_loss":0},{"cards_removed":["Steam"],"damage_healed":5,"gold_gain":0,"player_choice":"Offered Common","damage_taken":0,"max_hp_gain":0,"max_hp_loss":0,"event_name":"Bonfire Elementals","floor":11,"gold_loss":0},{"cards_removed":["Steam"],"damage_healed":5,"gold_gain":0,"player_choice":"Offered Special","damage_taken":0,"max_hp_gain":0,"max_hp_loss":0,"event_name":"Bonfire Elementals","floor":11,"gold_loss":0},{"cards_removed":["Strike_B"],"damage_healed":0,"gold_gain":0,"player_choice":"Gave Gold","damage_taken":0,"max_hp_gain":0,"max_hp_loss":0,"event_name":"Beggar","floor":19,"gold_loss":75},{"damage_healed":0,"gold_gain":0,"player_choice":"Smashed Altar","damage_taken":0,"max_hp_gain":0,"max_hp_loss":0,"event_name":"Forgotten Altar","floor":22,"gold_loss":0,"cards_obtained":["Decay"]},{"damage_healed":0,"gold_gain":0,"player_choice":"Inject Mutagens","damage_taken":0,"relics_obtained":["MutagenicStrength"],"max_hp_gain":0,"max_hp_loss":0,"event_name":"Drug Dealer","floor":24,"gold_loss":0},{"damage_healed":0,"gold_gain":0,"player_choice":"Fight","damage_taken":0,"max_hp_gain":0,"max_hp_loss":0,"event_name":"MindBloom","floor":37,"gold_loss":0},{"damage_healed":0,"gold_gain":0,"player_choice":"Memory 1","damage_taken":0,"max_hp_gain":0,"max_hp_loss":0,"event_name":"SensoryStone","floor":38,"gold_loss":0},{"damage_healed":0,"gold_gain":300,"player_choice":"Gold","damage_taken":0,"max_hp_gain":0,"max_hp_loss":0,"event_name":"Wheel of Change","floor":39,"gold_loss":0}],"is_beta":false,"boss_relics":[{"not_picked":["Astrolabe","White Beast Statue"],"picked":"Sozu"},{"not_picked":["Empty Cage","Black Star"],"picked":"Busted Crown"}],"items_purged_floors":[4,28,46],"is_endless":false,"potions_floor_spawned":[1,3,18,20,27,41,44,45,48],"killed_by":"Time Eater","ascension_level":15}