{"gold_per_floor":[111,27,43,43,63,63,10,27,27,0,0,0,0,10,10,87,87,67,67,80,130,45,45,55,0,79,79,79],"floor_reached":28,"playtime":598,"items_purged":[],"score":402,"play_id":"4ded2b23-9fbd-4769-b948-122867935bff","local_time":"20190623193252","is_ascension_mode":true,"campfire_choices":[{"data":"Spot Weakness","floor":6,"key":"SMITH"},{"data":"Spot Weakness","floor":13,"key":"SMITH"},{"data":"Shrug It Off","floor":15,"key":"SMITH"},{"data":"J.A.X.","floor":23,"key":"SMITH"},{"floor":27,"key":"REST"}],"neow_cost":"NONE","seed_source_timestamp":938303399080771,"circlet_count":0,"master_deck":["AscendersBane","Strike_R","Strike_R","Strike_R","Strike_R","Strike_R","Defend_R","Defend_R","Defend_R","Defend_R","Bash","Spot Weakness+1","Spot Weakness+1","Wild Strike","Shrug It Off","Anger","Regret","Shrug It Off+1","Impervious","Cleave","J.A.X.+1","Iron Wave"],"relics":["Burning Blood","NeowsBlessing","Dodecahedron","Paper Frog","Strawberry","Busted Crown","Charon\u0027s Ashes","Frozen Egg 2"],"potions_floor_usage":[8,18],"damage_taken":[{"damage":0,"enemies":"Small Slimes","floor":1,"turns":1},{"damage":0,"enemies":"Cultist","floor":3,"turns":1},{"damage":0,"enemies":"2 Louse","floor":5,"turns":1},{"damage":0,"enemies":"Large Slime","floor":8,"turns":5},{"damage":1,"enemies":"2 Fungi Beasts","floor":14,"turns":3},{"damage":30,"enemies":"The Guardian","floor":16,"turns":10},{"damage":4,"enemies":"2 Thieves","floor":18,"turns":4},{"damage":23,"enemies":"Spheric Guardian","floor":20,"turns":5},{"damage":53,"enemies":"Shelled Parasite and Fungi","floor":24,"turns":6},{"damage":40,"enemies":"Book of Stabbing","floor":28,"turns":4}],"seed_played":"-7160366607854495899","potions_obtained":[{"floor":1,"key":"FearPotion"},{"floor":3,"key":"Swift Potion"},{"floor":20,"key":"Poison Potion"}],"is_trial":false,"path_per_floor":["M","$","M","?","M","R","$","M","T","?","?","?","R","M","R","B",null,"M","?","M","?","?","R","M","?","T","R","E"],"character_chosen":"IRONCLAD","items_purchased":["Spot Weakness","Shrug It Off"],"campfire_rested":1,"item_purchase_floors":[2,7],"current_hp_per_floor":[74,74,75,75,75,75,75,75,75,75,75,82,82,82,82,58,76,78,78,61,61,61,61,14,14,14,38,0],"gold":79,"neow_bonus":"THREE_ENEMY_KILL","is_prod":false,"is_daily":false,"chose_seed":false,"campfire_upgraded":4,"win_rate":0,"timestamp":1561343572,"path_taken":["M","$","M","?","?","R","$","M","T","?","?","?","R","M","R","BOSS","M","?","M","?","?","R","M","?","T","R","E"],"build_version":"2019-01-23","purchased_purges":0,"victory":false,"max_hp_per_floor":[75,75,75,75,75,75,75,75,75,75,75,82,82,82,82,82,82,82,82,82,82,82,82,82,82,82,82,82],"card_choices":[{"not_picked":["Twin Strike","Cleave"],"picked":"Spot Weakness","floor":1},{"not_picked":["Twin Strike","Sentinel"],"picked":"Warcry","floor":3},{"not_picked":["Evolve","Combust"],"picked":"Wild Strike","floor":5},{"not_picked":["Fire Breathing","Bloodletting"],"picked":"Anger","floor":8},{"not_picked":["Clothesline","Uppercut"],"picked":"Shrug It Off","floor":14},{"not_picked":["Dark Embrace","Feed"],"picked":"Impervious","floor":16},{"not_picked":[],"picked":"Cleave","floor":18},{"not_picked":["Flex"],"picked":"SKIP","floor":20},{"not_picked":[],"picked":"Iron Wave","floor":24}],"player_experience":1056566,"relics_obtained":[{"floor":9,"key":"Paper Frog"},{"floor":26,"key":"Frozen Egg 2"}],"event_choices":[{"cards_removed":["Warcry"],"damage_healed":0,"gold_gain":0,"player_choice":"Gave Card","damage_taken":0,"relics_obtained":["Dodecahedron"],"max_hp_gain":0,"max_hp_loss":0,"event_name":"WeMeetAgain","floor":4,"gold_loss":0},{"damage_healed":0,"gold_gain":0,"player_choice":"Left Gold","damage_taken":0,"max_hp_gain":0,"max_hp_loss":0,"event_name":"World of Goop","floor":10,"gold_loss":27},{"damage_healed":0,"gold_gain":0,"player_choice":"Leave","damage_taken":0,"max_hp_gain":0,"max_hp_loss":0,"event_name":"The Cleric","floor":11,"gold_loss":0},{"damage_healed":0,"gold_gain":0,"player_choice":"Box","damage_taken":0,"relics_obtained":["Strawberry"],"max_hp_gain":0,"max_hp_loss":0,"event_name":"Big Fish","floor":12,"gold_loss":0,"cards_obtained":["Regret"]},{"damage_healed":0,"gold_gain":0,"player_choice":"Obtain J.A.X.","damage_taken":0,"max_hp_gain":0,"max_hp_loss":0,"event_name":"Drug Dealer","floor":19,"gold_loss":0,"cards_obtained":["J.A.X."]},{"damage_healed":0,"gold_gain":50,"player_choice":"Stole From Cult","damage_taken":0,"max_hp_gain":0,"max_hp_loss":0,"event_name":"Nest","floor":21,"gold_loss":0},{"damage_healed":0,"gold_gain":0,"player_choice":"Obtained Relic","damage_taken":0,"relics_obtained":["Charon\u0027s Ashes"],"max_hp_gain":0,"max_hp_loss":0,"event_name":"Addict","floor":22,"gold_loss":85},{"damage_healed":0,"gold_gain":0,"player_choice":"Paid Fearfully","damage_taken":0,"max_hp_gain":0,"max_hp_loss":0,"event_name":"Masked Bandits","floor":25,"gold_loss":55}],"is_beta":false,"boss_relics":[{"not_picked":["Calling Bell","Astrolabe"],"picked":"Busted Crown"}],"items_purged_floors":[],"is_endless":false,"potions_floor_spawned":[1,3,20],"killed_by":"Book of Stabbing","ascension_level":19}