{"gold_per_floor":[111,61,76,76,95,120,120,139,163,174,190,190,190,209,209,283,283,297,297,297,308,308,308,308],"floor_reached":24,"playtime":1239,"items_purged":[],"score":337,"play_id":"0ef68bd4-2f0d-4f12-add9-1c0f1b9f8c78","local_time":"20190428115748","is_ascension_mode":true,"campfire_choices":[{"data":"Barricade","floor":7,"key":"SMITH"},{"data":"Shrug It Off","floor":13,"key":"SMITH"},{"data":"Armaments","floor":15,"key":"SMITH"},{"data":"Impervious","floor":23,"key":"SMITH"}],"neow_cost":"NONE","seed_source_timestamp":142655791688362,"circlet_count":0,"master_deck":["AscendersBane","Strike_R+1","Strike_R+1","Strike_R+1","Strike_R+1","Defend_R+1","Defend_R+1","Defend_R+1","Defend_R+1","Bash","Barricade+1","Wild Strike","Iron Wave","Shrug It Off+1","Rage","Seeing Red","Headbutt","Armaments+1","Impervious+1","Iron Wave+1"],"relics":["Burning Blood","Anchor","Blood Vial","Art of War","Gremlin Horn","Busted Crown","Enchiridion"],"potions_floor_usage":[6,16],"damage_taken":[{"damage":1,"enemies":"2 Louse","floor":1,"turns":4},{"damage":1,"enemies":"Cultist","floor":3,"turns":3},{"damage":0,"enemies":"Jaw Worm","floor":5,"turns":3},{"damage":27,"enemies":"3 Sentries","floor":6,"turns":9},{"damage":7,"enemies":"3 Louse","floor":8,"turns":6},{"damage":16,"enemies":"Exordium Wildlife","floor":10,"turns":6},{"damage":0,"enemies":"2 Fungi Beasts","floor":11,"turns":3},{"damage":13,"enemies":"Exordium Thugs","floor":14,"turns":6},{"damage":6,"enemies":"Slime Boss","floor":16,"turns":22},{"damage":12,"enemies":"3 Byrds","floor":18,"turns":10},{"damage":14,"enemies":"Shell Parasite","floor":21,"turns":8},{"damage":52,"enemies":"Gremlin Leader","floor":24,"turns":13}],"seed_played":"918463733146827610","potions_obtained":[{"floor":3,"key":"Dexterity Potion"},{"floor":5,"key":"Explosive Potion"},{"floor":14,"key":"EssenceOfSteel"}],"is_trial":false,"path_per_floor":["M","?","M","?","M","E","R","M","T","M","M","?","R","M","R","B",null,"M","?","?","M","?","R","E"],"character_chosen":"IRONCLAD","items_purchased":[],"campfire_rested":0,"item_purchase_floors":[],"current_hp_per_floor":[73,73,75,75,75,54,54,55,55,47,55,43,43,38,38,40,66,62,62,46,40,40,40,0],"gold":308,"neow_bonus":"ONE_RANDOM_RARE_CARD","is_prod":false,"is_daily":false,"chose_seed":false,"campfire_upgraded":4,"win_rate":0,"timestamp":1556477868,"path_taken":["M","?","M","?","M","E","R","M","T","?","M","?","R","M","R","BOSS","M","?","?","M","?","R","E"],"build_version":"2019-01-23","purchased_purges":0,"victory":false,"max_hp_per_floor":[75,75,75,75,75,75,75,75,75,75,75,75,75,75,75,75,75,75,75,75,75,75,75,75],"card_choices":[{"not_picked":["Perfected Strike","Hemokinesis"],"picked":"Wild Strike","floor":1},{"not_picked":["Pommel Strike","Sword Boomerang"],"picked":"Iron Wave","floor":3},{"not_picked":["Twin Strike","Pommel Strike"],"picked":"Shrug It Off","floor":5},{"not_picked":["Sentinel","Reckless Charge"],"picked":"Rage","floor":6},{"not_picked":["Thunderclap","Hemokinesis"],"picked":"Seeing Red","floor":8},{"not_picked":["Perfected Strike","Flex"],"picked":"Headbutt","floor":10},{"not_picked":["Twin Strike","Anger","Heavy Blade"],"picked":"SKIP","floor":11},{"not_picked":["Burning Pact","Combust"],"picked":"Armaments","floor":14},{"not_picked":["Offering","Exhume"],"picked":"Impervious","floor":16},{"not_picked":["Sword Boomerang"],"picked":"SKIP","floor":18},{"not_picked":[],"picked":"Iron Wave+1","floor":21}],"player_experience":835666,"relics_obtained":[{"floor":6,"key":"Blood Vial"},{"floor":9,"key":"Art of War"},{"floor":20,"key":"Enchiridion"}],"event_choices":[{"cards_removed":["Strike_R"],"damage_healed":0,"gold_gain":0,"player_choice":"Card Removal","damage_taken":0,"max_hp_gain":0,"max_hp_loss":0,"event_name":"The Cleric","floor":2,"gold_loss":50},{"damage_healed":0,"gold_gain":0,"player_choice":"Gave Potion","damage_taken":0,"relics_obtained":["Anchor"],"max_hp_gain":0,"max_hp_loss":0,"event_name":"WeMeetAgain","floor":4,"gold_loss":0},{"damage_healed":0,"gold_gain":0,"player_choice":"Success","damage_taken":12,"relics_obtained":["Gremlin Horn"],"max_hp_gain":0,"max_hp_loss":0,"event_name":"Scrap Ooze","floor":12,"gold_loss":0},{"damage_healed":0,"gold_gain":0,"player_choice":"Ignored","damage_taken":0,"max_hp_gain":0,"max_hp_loss":0,"event_name":"Ghosts","floor":19,"gold_loss":0},{"damage_healed":0,"gold_gain":0,"player_choice":"Obtained Book","damage_taken":16,"max_hp_gain":0,"max_hp_loss":0,"event_name":"Cursed Tome","floor":20,"gold_loss":0},{"damage_healed":0,"gold_gain":0,"player_choice":"Simplicity","damage_taken":0,"max_hp_gain":0,"max_hp_loss":0,"event_name":"Back to Basics","floor":22,"gold_loss":0,"cards_upgraded":["Strike_R","Strike_R","Strike_R","Strike_R","Defend_R","Defend_R","Defend_R","Defend_R"]}],"is_beta":false,"boss_relics":[{"not_picked":["Empty Cage","Runic Dome"],"picked":"Busted Crown"}],"items_purged_floors":[],"is_endless":false,"potions_floor_spawned":[3,5,14],"killed_by":"Gremlin Leader","ascension_level":14}