{"gold_per_floor":[109,126,145,165,179,207,207,218,218,232,257,257,267,281,281,281],"floor_reached":16,"playtime":1190,"items_purged":[],"score":118,"play_id":"46b03b3c-f231-439c-b74f-fa289220a4a3","local_time":"20190428133755","is_ascension_mode":false,"campfire_choices":[{"floor":7,"key":"REST"},{"floor":12,"key":"REST"},{"floor":15,"key":"REST"}],"neow_cost":"NONE","seed_source_timestamp":14849641667502,"circlet_count":0,"master_deck":["Defend_G","Defend_G","Defend_G","Defend_G","Defend_G","Strike_G","Strike_G","Strike_G","Strike_G","Strike_G","Survivor","Neutralize","Prepared","Predator","Flying Knee","Tactician","Dagger Throw","Poisoned Stab","Dagger Throw","Sucker Punch","Deflect","Dagger Throw"],"relics":["Ring of the Snake","Potion Belt","Ancient Tea Set","Gambling Chip","Centennial Puzzle"],"potions_floor_usage":[16,16,16],"damage_taken":[{"damage":0,"enemies":"Cultist","floor":1,"turns":5},{"damage":0,"enemies":"Small Slimes","floor":2,"turns":4},{"damage":0,"enemies":"2 Louse","floor":3,"turns":4},{"damage":1,"enemies":"Red Slaver","floor":4,"turns":3},{"damage":0,"enemies":"Large Slime","floor":5,"turns":4},{"damage":50,"enemies":"Lagavulin","floor":6,"turns":9},{"damage":4,"enemies":"Exordium Thugs","floor":8,"turns":4},{"damage":8,"enemies":"Blue Slaver","floor":10,"turns":4},{"damage":25,"enemies":"3 Sentries","floor":11,"turns":7},{"damage":7,"enemies":"Large Slime","floor":13,"turns":5},{"damage":5,"enemies":"3 Louse","floor":14,"turns":2},{"damage":35,"enemies":"The Guardian","floor":16,"turns":11}],"seed_played":"-5418974629528096829","potions_obtained":[{"floor":1,"key":"Weak Potion"},{"floor":3,"key":"Strength Potion"},{"floor":8,"key":"Dexterity Potion"},{"floor":11,"key":"Strength Potion"},{"floor":14,"key":"SteroidPotion"}],"is_trial":false,"path_per_floor":["M","M","M","M","M","E","R","M","T","M","E","R","M","M","R","B"],"character_chosen":"THE_SILENT","items_purchased":[],"campfire_rested":3,"item_purchase_floors":[],"current_hp_per_floor":[70,70,70,69,69,19,40,36,36,28,3,24,17,12,33,0],"gold":281,"neow_bonus":"RANDOM_COMMON_RELIC","is_prod":false,"is_daily":false,"chose_seed":false,"campfire_upgraded":0,"win_rate":0.0,"timestamp":1556483875,"path_taken":["M","M","M","M","M","E","R","M","T","M","E","R","M","M","R","BOSS"],"build_version":"2019-01-23","purchased_purges":0,"victory":false,"max_hp_per_floor":[70,70,70,70,70,70,70,70,70,70,70,70,70,70,70,70],"card_choices":[{"not_picked":["Footwork","Leg Sweep"],"picked":"Prepared","floor":1},{"not_picked":["Dagger Spray","Slice"],"picked":"Predator","floor":2},{"not_picked":["Expertise","Caltrops"],"picked":"Flying Knee","floor":3},{"not_picked":["Quick Slash","Acrobatics"],"picked":"Tactician","floor":4},{"not_picked":["Leg Sweep","Calculated Gamble","Backflip"],"picked":"SKIP","floor":5},{"not_picked":["Envenom","Deflect"],"picked":"Dagger Throw","floor":6},{"not_picked":["Catalyst","Bane"],"picked":"Poisoned Stab","floor":8},{"not_picked":["Deflect","Catalyst"],"picked":"Dagger Throw","floor":10},{"not_picked":["Blade Dance","Choke"],"picked":"Sucker Punch","floor":11},{"not_picked":["Bane","Finisher"],"picked":"Deflect","floor":13},{"not_picked":["Sucker Punch","Acrobatics"],"picked":"Dagger Throw","floor":14}],"player_experience":34026,"relics_obtained":[{"floor":6,"key":"Ancient Tea Set"},{"floor":9,"key":"Gambling Chip"},{"floor":11,"key":"Centennial Puzzle"}],"event_choices":[],"is_beta":false,"boss_relics":[],"items_purged_floors":[],"is_endless":false,"potions_floor_spawned":[1,3,8,11,14],"killed_by":"The Guardian","ascension_level":0}