{"gold_per_floor":[111,111,111,123,143,143,170,170,170,170,26,37,49,65,65,160,160,160,160,160,160,80,80,80,80,80,80,80,80,80,80,80,80,80,80,80,80,30,30,30,30,30,30,30,30,30],"floor_reached":46,"playtime":2591,"items_purged":["Decay"],"score":444,"play_id":"211302f8-a2f9-4170-8df1-8e62641c81fc","local_time":"20190616034906","is_ascension_mode":false,"campfire_choices":[{"data":"Zap","floor":6,"key":"SMITH"},{"data":"Sunder","floor":8,"key":"SMITH"},{"data":"Hologram","floor":10,"key":"SMITH"},{"floor":15,"key":"REST"},{"floor":25,"key":"REST"},{"data":"Double Energy","floor":27,"key":"SMITH"},{"floor":32,"key":"REST"},{"floor":40,"key":"REST"}],"neow_cost":"NONE","seed_source_timestamp":704352296797526,"circlet_count":0,"master_deck":["Strike_B+1","Strike_B+1","Strike_B+1","Strike_B+1","Defend_B+1","Defend_B+1","Defend_B+1","Zap+1","Dualcast+1","Reprogram+1","Hologram+1","Sunder+1","Double Energy+1","Streamline","Electrodynamics","Barrage+1","Glacier","Conserve Battery+1","Turbo+1","Core Surge","Buffer+1","Streamline","Static Discharge+1","Conserve Battery+1"],"relics":["Cracked Core","NeowsBlessing","Kunai","Blood Vial","Anchor","Ectoplasm","Smiling Mask","MawBank","Sozu","Thread and Needle","War Paint"],"potions_floor_usage":[7,13,18,31,41],"damage_taken":[{"damage":0,"enemies":"Jaw Worm","floor":1,"turns":1},{"damage":0,"enemies":"2 Louse","floor":4,"turns":1},{"damage":0,"enemies":"Small Slimes","floor":5,"turns":1},{"damage":17,"enemies":"3 Sentries","floor":7,"turns":8},{"damage":2,"enemies":"2 Fungi Beasts","floor":12,"turns":2},{"damage":0,"enemies":"Looter","floor":13,"turns":2},{"damage":0,"enemies":"Large Slime","floor":14,"turns":4},{"damage":70,"enemies":"Hexaghost","floor":16,"turns":12},{"damage":4,"enemies":"Shell Parasite","floor":18,"turns":5},{"damage":0,"enemies":"Spheric Guardian","floor":19,"turns":3},{"damage":4,"enemies":"Cultist and Chosen","floor":20,"turns":5},{"damage":38,"enemies":"Snake Plant","floor":21,"turns":5},{"damage":16,"enemies":"Gremlin Leader","floor":23,"turns":6},{"damage":5,"enemies":"Centurion and Healer","floor":28,"turns":5},{"damage":0,"enemies":"3 Cultists","floor":29,"turns":4},{"damage":6,"enemies":"Colosseum Slavers","floor":31,"turns":4},{"damage":23,"enemies":"Collector","floor":33,"turns":13},{"damage":12,"enemies":"3 Shapes","floor":35,"turns":2},{"damage":4,"enemies":"3 Darklings","floor":36,"turns":4},{"damage":25,"enemies":"2 Orb Walkers","floor":37,"turns":6},{"damage":46,"enemies":"Maw","floor":41,"turns":9},{"damage":1,"enemies":"Transient","floor":42,"turns":5},{"damage":10,"enemies":"Sphere and 2 Shapes","floor":44,"turns":8},{"damage":11,"enemies":"Maw","floor":46,"turns":7}],"seed_played":"2292520521528407704","potions_obtained":[{"floor":1,"key":"Block Potion"},{"floor":12,"key":"Swift Potion"},{"floor":16,"key":"Weak Potion"},{"floor":18,"key":"Energy Potion"},{"floor":29,"key":"LiquidBronze"}],"is_trial":false,"path_per_floor":["M","?","?","M","M","R","E","R","T","R","$","M","M","M","R","B",null,"M","M","M","M","$","E","?","R","T","R","M","M","?","?","R","B",null,"M","M","?","$","?","R","M","M","T","M","?","M"],"character_chosen":"DEFECT","items_purchased":["Anchor","Glacier"],"campfire_rested":4,"item_purchase_floors":[11,22],"current_hp_per_floor":[75,75,60,60,60,60,43,43,43,43,43,43,45,47,69,1,75,71,73,71,35,35,21,21,43,43,43,40,42,42,38,60,39,75,63,61,38,38,38,60,16,17,17,9,9,0],"gold":30,"neow_bonus":"THREE_ENEMY_KILL","is_prod":false,"is_daily":false,"chose_seed":false,"campfire_upgraded":4,"win_rate":0,"timestamp":1560682146,"path_taken":["M","?","?","?","M","R","E","R","T","R","$","M","M","M","R","BOSS","M","M","M","M","$","E","?","R","T","R","M","M","?","?","R","BOSS","M","M","?","$","?","R","M","M","T","?","?","M"],"build_version":"2019-01-23","purchased_purges":1,"victory":false,"max_hp_per_floor":[75,75,75,75,75,75,75,75,75,75,75,75,75,75,75,75,75,75,75,75,75,75,75,75,75,75,75,75,75,75,75,75,75,75,75,75,75,75,75,75,75,75,75,75,75,75],"card_choices":[{"not_picked":["Steam","Barrage"],"picked":"Reprogram","floor":1},{"not_picked":["Steam Power","Turbo"],"picked":"Hologram","floor":4},{"not_picked":["BootSequence","Darkness","Turbo"],"picked":"SKIP","floor":5},{"not_picked":["Sweeping Beam","Beam Cell"],"picked":"Sunder","floor":7},{"not_picked":["Cold Snap","Go for the Eyes"],"picked":"Double Energy","floor":12},{"not_picked":["Ball Lightning","Leap"],"picked":"Streamline","floor":13},{"not_picked":["Loop","Gash","Ball Lightning"],"picked":"SKIP","floor":14},{"not_picked":["Fission","Seek"],"picked":"Electrodynamics","floor":16},{"not_picked":["Loop","Heatsinks","Ball Lightning"],"picked":"SKIP","floor":18},{"not_picked":["Capacitor","Cold Snap+1"],"picked":"Barrage+1","floor":19},{"not_picked":["Barrage","Go for the Eyes","Turbo"],"picked":"SKIP","floor":20},{"not_picked":["Ball Lightning","Cold Snap","Tempest+1"],"picked":"SKIP","floor":21},{"not_picked":["Self Repair","Force Field"],"picked":"Conserve Battery","floor":23},{"not_picked":["Chill","Gash+1"],"picked":"Turbo","floor":28},{"not_picked":["Barrage","Doom and Gloom","Go for the Eyes"],"picked":"SKIP","floor":29},{"not_picked":["Rainbow","Multi-Cast"],"picked":"Core Surge","floor":33},{"not_picked":["Beam Cell","Turbo","Recycle"],"picked":"SKIP","floor":35},{"not_picked":["Steam","Coolheaded"],"picked":"Buffer","floor":36},{"not_picked":["BootSequence+1","Rip and Tear"],"picked":"Streamline","floor":37},{"not_picked":["Capacitor+1","Barrage","Heatsinks"],"picked":"SKIP","floor":41},{"not_picked":["Ball Lightning+1","Conserve Battery+1"],"picked":"Static Discharge+1","floor":42},{"not_picked":["Steam","Glacier"],"picked":"Conserve Battery+1","floor":44}],"player_experience":413026,"relics_obtained":[{"floor":7,"key":"Kunai"},{"floor":9,"key":"Blood Vial"},{"floor":23,"key":"Smiling Mask"},{"floor":26,"key":"MawBank"},{"floor":37,"key":"Thread and Needle"},{"floor":43,"key":"War Paint"}],"event_choices":[{"damage_healed":0,"gold_gain":0,"player_choice":"Ignored","damage_taken":0,"max_hp_gain":0,"max_hp_loss":0,"event_name":"Golden Wing","floor":2,"gold_loss":0},{"damage_healed":0,"gold_gain":0,"player_choice":"Entered Light","damage_taken":15,"max_hp_gain":0,"max_hp_loss":0,"event_name":"Shining Light","floor":3,"gold_loss":0,"cards_upgraded":["Dualcast","Reprogram"]},{"damage_healed":0,"gold_gain":0,"player_choice":"Smashed Altar","damage_taken":0,"max_hp_gain":0,"max_hp_loss":0,"event_name":"Forgotten Altar","floor":24,"gold_loss":0,"cards_obtained":["Decay"]},{"damage_healed":0,"gold_gain":0,"player_choice":"Simplicity","damage_taken":0,"max_hp_gain":0,"max_hp_loss":0,"event_name":"Back to Basics","floor":30,"gold_loss":0,"cards_upgraded":["Strike_B","Strike_B","Strike_B","Strike_B","Defend_B","Defend_B","Defend_B","Defend_B"]},{"damage_healed":0,"gold_gain":0,"player_choice":"Fight","damage_taken":0,"max_hp_gain":0,"max_hp_loss":0,"event_name":"Colosseum","floor":31,"gold_loss":0},{"damage_healed":0,"gold_gain":0,"player_choice":"Fled From Nobs","damage_taken":0,"max_hp_gain":0,"max_hp_loss":0,"event_name":"Colosseum","floor":31,"gold_loss":0},{"damage_healed":0,"gold_gain":0,"player_choice":"Fight","damage_taken":0,"max_hp_gain":0,"max_hp_loss":0,"event_name":"Mysterious Sphere","floor":37,"gold_loss":0},{"damage_healed":0,"gold_gain":0,"player_choice":"Forge","damage_taken":0,"max_hp_gain":0,"max_hp_loss":0,"event_name":"Accursed Blacksmith","floor":39,"gold_loss":0,"cards_upgraded":["Buffer"]},{"cards_removed":["Defend_B"],"damage_healed":0,"gold_gain":0,"player_choice":"Card Removal","damage_taken":0,"max_hp_gain":0,"max_hp_loss":0,"event_name":"Wheel of Change","floor":45,"gold_loss":0}],"is_beta":false,"boss_relics":[{"not_picked":["Pandora\u0027s Box","Astrolabe"],"picked":"Ectoplasm"},{"not_picked":["Coffee Dripper","Fusion Hammer"],"picked":"Sozu"}],"items_purged_floors":[38],"is_endless":false,"potions_floor_spawned":[1,12,16,18,29,31,35,44],"killed_by":"Maw","ascension_level":0}