{"gold_per_floor":[117,117,117,131,150,179,179,206,206,235,255,268,327,340,340,439,439,450,319,126,145,165,200,127,139,175,200,11,11,21,21,21,116,116,126,126,139,14,0,0,27,27,27,101,147,157,157,7,7,7],"floor_reached":51,"playtime":3357,"items_purged":["Strike_R","Strike_R","Defend_R","Parasite"],"score":713,"play_id":"d656d4d2-ce39-422b-bebb-9cea65de0ecb","local_time":"20190429101421","is_ascension_mode":false,"campfire_choices":[{"data":"Bash","floor":7,"key":"SMITH"},{"data":"Carnage","floor":15,"key":"SMITH"},{"floor":25,"key":"REST"},{"data":"Rage","floor":29,"key":"SMITH"},{"floor":32,"key":"REST"},{"data":"Hemokinesis","floor":40,"key":"SMITH"},{"floor":47,"key":"REST"},{"floor":49,"key":"REST"}],"neow_cost":"NONE","seed_source_timestamp":86848189536968,"circlet_count":0,"master_deck":["Strike_R","Strike_R","Strike_R","Defend_R","Defend_R","Defend_R","Bash+1","Cleave","Inflame","Shrug It Off","Metallicize+1","Pommel Strike","Carnage+1","Cleave","Hemokinesis+1","Battle Trance","Juggernaut+1","Rupture+1","Ghostly Armor","Armaments","Rage+1","Offering","Headbutt","Feed","Shrug It Off","Rampage","Rage+1","Pommel Strike+1","Barricade+1","Rupture+1","Iron Wave+1","Dropkick","Shrug It Off+1","Brutality+1"],"relics":["Burning Blood","Juzu Bracelet","FaceOfCleric","Frozen Egg 2","Darkstone Periapt","Gremlin Horn","Meat on the Bone","Potion Belt","Philosopher\u0027s Stone","Ginger","MawBank","Dream Catcher","Vajra","Runic Cube","Red Mask","Calipers","Question Card","Sundial","Pocketwatch"],"potions_floor_usage":[5,6,6,8,10,13,14,16,27,30,33,33,41,46],"damage_taken":[{"damage":5,"enemies":"Jaw Worm","floor":1,"turns":5},{"damage":6,"enemies":"Cultist","floor":4,"turns":3},{"damage":0,"enemies":"2 Louse","floor":5,"turns":2},{"damage":11,"enemies":"Lagavulin","floor":6,"turns":7},{"damage":12,"enemies":"Gremlin Nob","floor":8,"turns":4},{"damage":28,"enemies":"3 Sentries","floor":10,"turns":6},{"damage":0,"enemies":"Gremlin Gang","floor":11,"turns":3},{"damage":0,"enemies":"3 Louse","floor":12,"turns":2},{"damage":24,"enemies":"Lagavulin Event","floor":13,"turns":4},{"damage":6,"enemies":"Exordium Wildlife","floor":14,"turns":2},{"damage":28,"enemies":"The Guardian","floor":16,"turns":9},{"damage":28,"enemies":"3 Byrds","floor":18,"turns":5},{"damage":9,"enemies":"Shell Parasite","floor":21,"turns":5},{"damage":14,"enemies":"Shelled Parasite and Fungi","floor":22,"turns":6},{"damage":44,"enemies":"Slavers","floor":23,"turns":5},{"damage":3,"enemies":"Snake Plant","floor":27,"turns":2},{"damage":19,"enemies":"Centurion and Healer","floor":30,"turns":4},{"damage":27,"enemies":"Collector","floor":33,"turns":7},{"damage":8,"enemies":"3 Shapes","floor":35,"turns":5},{"damage":21,"enemies":"Orb Walker","floor":37,"turns":4},{"damage":39,"enemies":"Nemesis","floor":41,"turns":7},{"damage":35,"enemies":"2 Orb Walkers","floor":45,"turns":4},{"damage":37,"enemies":"Writhing Mass","floor":46,"turns":5},{"damage":55,"enemies":"Time Eater","floor":50,"turns":9}],"seed_played":"-142290873553994108","potions_obtained":[{"floor":4,"key":"EntropicBrew"},{"floor":6,"key":"Regen Potion"},{"floor":11,"key":"Energy Potion"},{"floor":12,"key":"Swift Potion"},{"floor":14,"key":"Dexterity Potion"},{"floor":21,"key":"Strength Potion"},{"floor":23,"key":"FearPotion"},{"floor":33,"key":"GamblersBrew"},{"floor":37,"key":"SmokeBomb"},{"floor":45,"key":"Explosive Potion"},{"floor":46,"key":"GamblersBrew"}],"is_trial":false,"path_per_floor":["M","?","?","M","M","E","R","E","T","E","M","M","?","M","R","B",null,"M","?","$","M","M","E","?","R","T","M","$","R","M","?","R","B",null,"M","?","M","$","?","R","E","$","T","T","?","M","R","$","R","B",null],"character_chosen":"IRONCLAD","items_purchased":["Ghostly Armor","Armaments","Energy Potion","Energy Potion"],"campfire_rested":4,"item_purchase_floors":[20,20,28,28],"current_hp_per_floor":[80,80,80,81,82,78,78,82,82,73,80,87,70,71,71,62,90,69,69,69,67,60,35,35,63,63,67,67,67,58,58,87,67,100,99,96,82,82,82,82,62,62,62,62,46,34,65,65,95,59],"gold":7,"neow_bonus":"RANDOM_COMMON_RELIC","is_prod":false,"is_daily":false,"chose_seed":false,"campfire_upgraded":4,"win_rate":0.0,"timestamp":1556558061,"path_taken":["M","?","?","M","M","E","R","E","T","E","M","M","?","M","R","BOSS","M","?","$","M","M","E","?","R","T","M","$","R","M","?","R","BOSS","M","?","M","$","?","R","E","$","T","?","?","M","R","$","R","BOSS"],"build_version":"2019-01-23","purchased_purges":4,"victory":true,"max_hp_per_floor":[80,80,80,81,82,83,83,84,84,85,86,87,88,89,89,90,90,91,91,91,92,93,94,94,94,94,95,95,95,99,99,99,100,100,101,96,97,97,97,97,98,98,98,98,99,106,106,103,103,104],"card_choices":[{"not_picked":["Wild Strike","Uppercut"],"picked":"Cleave","floor":1},{"not_picked":["Clothesline","Uppercut"],"picked":"Inflame","floor":4},{"not_picked":["Anger","Havoc"],"picked":"Shrug It Off","floor":5},{"not_picked":["Corruption","Warcry"],"picked":"Metallicize","floor":6},{"not_picked":["Warcry","Anger"],"picked":"Pommel Strike","floor":8},{"not_picked":["Headbutt","Anger"],"picked":"Carnage","floor":10},{"not_picked":["Rupture+1","Warcry"],"picked":"Cleave","floor":11},{"not_picked":["Whirlwind","Battle Trance"],"picked":"Hemokinesis","floor":12},{"not_picked":["Reaper","Heavy Blade"],"picked":"Battle Trance","floor":13},{"not_picked":["Perfected Strike","Fire Breathing+1","Sentinel"],"picked":"SKIP","floor":14},{"not_picked":["Feed","Dark Embrace+1"],"picked":"Juggernaut+1","floor":16},{"not_picked":["Clash","Thunderclap"],"picked":"Rupture+1","floor":18},{"not_picked":["Pommel Strike+1","Whirlwind"],"picked":"Rage","floor":21},{"not_picked":["Feel No Pain+1","Body Slam"],"picked":"Offering","floor":22},{"not_picked":["Uppercut","Warcry"],"picked":"Headbutt","floor":23},{"not_picked":["Wild Strike","Clash"],"picked":"Feed","floor":25},{"not_picked":["Clash","Armaments"],"picked":"Shrug It Off","floor":27},{"not_picked":["Intimidate","Body Slam"],"picked":"Rampage","floor":30},{"not_picked":["Iron Wave+1","Power Through"],"picked":"Pommel Strike+1","floor":32},{"not_picked":["Impervious","Berserk+1"],"picked":"Barricade+1","floor":33},{"not_picked":["Clash","Disarm"],"picked":"Rupture+1","floor":35},{"not_picked":["Heavy Blade","Entrench"],"picked":"Iron Wave+1","floor":37},{"not_picked":["Twin Strike+1","Second Wind+1","Pommel Strike+1"],"picked":"SKIP","floor":41},{"not_picked":["Cleave","Warcry","Body Slam"],"picked":"Dropkick","floor":45},{"not_picked":["True Grit+1","Flame Barrier","Warcry"],"picked":"Shrug It Off+1","floor":46},{"not_picked":["True Grit","Cleave+1","Ghostly Armor+1"],"picked":"Brutality+1","floor":49}],"player_experience":58751,"relics_obtained":[{"floor":6,"key":"Frozen Egg 2"},{"floor":8,"key":"Darkstone Periapt"},{"floor":9,"key":"Gremlin Horn"},{"floor":10,"key":"Meat on the Bone"},{"floor":13,"key":"Potion Belt"},{"floor":23,"key":"MawBank"},{"floor":26,"key":"Vajra"},{"floor":41,"key":"Calipers"},{"floor":43,"key":"Question Card"},{"floor":44,"key":"Sundial"},{"floor":45,"key":"Pocketwatch"}],"event_choices":[{"damage_healed":0,"gold_gain":0,"player_choice":"Ignored","damage_taken":0,"max_hp_gain":0,"max_hp_loss":0,"event_name":"NoteForYourself","floor":2,"gold_loss":0},{"damage_healed":0,"gold_gain":0,"player_choice":"Trade","damage_taken":0,"relics_obtained":["FaceOfCleric"],"max_hp_gain":0,"max_hp_loss":0,"event_name":"FaceTrader","floor":3,"gold_loss":0},{"damage_healed":0,"gold_gain":0,"player_choice":"Searched \u00271\u0027 times","damage_taken":0,"max_hp_gain":0,"max_hp_loss":0,"event_name":"Dead Adventurer","floor":13,"gold_loss":0},{"damage_healed":0,"gold_gain":0,"player_choice":"Paid Gold","damage_taken":0,"relics_obtained":["Ginger"],"max_hp_gain":0,"max_hp_loss":0,"event_name":"WeMeetAgain","floor":19,"gold_loss":131},{"damage_healed":0,"gold_gain":0,"player_choice":"Obtained Relic","damage_taken":0,"relics_obtained":["Dream Catcher"],"max_hp_gain":0,"max_hp_loss":0,"event_name":"Addict","floor":24,"gold_loss":85},{"damage_healed":0,"gold_gain":0,"player_choice":"Copied","damage_taken":0,"max_hp_gain":0,"max_hp_loss":0,"event_name":"Duplicator","floor":31,"gold_loss":0,"cards_obtained":["Rage"]},{"damage_healed":0,"gold_gain":0,"player_choice":"Max HP","damage_taken":0,"max_hp_gain":0,"max_hp_loss":5,"event_name":"Winding Halls","floor":36,"gold_loss":0},{"damage_healed":0,"gold_gain":0,"player_choice":"Paid","damage_taken":0,"relics_obtained":["Red Mask"],"max_hp_gain":0,"max_hp_loss":0,"event_name":"Tomb of Lord Red Mask","floor":39,"gold_loss":14},{"damage_healed":0,"gold_gain":0,"player_choice":"Fight","damage_taken":0,"max_hp_gain":0,"max_hp_loss":0,"event_name":"Mysterious Sphere","floor":45,"gold_loss":0}],"is_beta":false,"boss_relics":[{"not_picked":["White Beast Statue","Ectoplasm"],"picked":"Philosopher\u0027s Stone"},{"not_picked":["Snecko Eye","Fusion Hammer"],"picked":"Runic Cube"}],"items_purged_floors":[20,28,38,48],"is_endless":false,"potions_floor_spawned":[4,6,11,12,14,21,23,33,37,45,46],"ascension_level":0}