{"gold_per_floor":[114,129,141,121,93,93,121,141,218,218,234,245,245,245,245,317,317,331,331,331,251],"floor_reached":21,"playtime":914,"items_purged":[],"score":349,"play_id":"2c881f72-44ef-4195-a7f2-a7f3aa0316e7","local_time":"20190528214006","is_ascension_mode":true,"campfire_choices":[{"data":"Catalyst","floor":6,"key":"SMITH"},{"floor":10,"key":"REST"},{"data":"Envenom","floor":13,"key":"SMITH"},{"data":"Deadly Poison","floor":15,"key":"SMITH"}],"neow_cost":"NONE","seed_source_timestamp":966086482908022,"circlet_count":0,"master_deck":["AscendersBane","Defend_G","Defend_G","Defend_G","Defend_G","Defend_G","Strike_G","Strike_G","Strike_G","Survivor","Neutralize","Catalyst+1","Deadly Poison+1","Predator","Dodge and Roll","Crippling Poison","Envenom+1","After Image","Dagger Spray"],"relics":["Ring of the Snake","Boot","Peace Pipe","Darkstone Periapt","Empty Cage"],"potions_floor_usage":[3,16,18,21,21],"damage_taken":[{"damage":2,"enemies":"2 Louse","floor":1,"turns":4},{"damage":5,"enemies":"Cultist","floor":2,"turns":5},{"damage":5,"enemies":"Small Slimes","floor":3,"turns":6},{"damage":41,"enemies":"Gremlin Nob","floor":7,"turns":4},{"damage":2,"enemies":"Looter","floor":8,"turns":3},{"damage":0,"enemies":"Blue Slaver","floor":11,"turns":3},{"damage":11,"enemies":"2 Fungi Beasts","floor":12,"turns":4},{"damage":1,"enemies":"Hexaghost","floor":16,"turns":7},{"damage":46,"enemies":"Chosen","floor":18,"turns":7},{"damage":14,"enemies":"2 Thieves","floor":21,"turns":2}],"seed_played":"7669490897836461656","potions_obtained":[{"floor":1,"key":"PowerPotion"},{"floor":3,"key":"Fruit Juice"},{"floor":4,"key":"LiquidBronze"},{"floor":16,"key":"SkillPotion"},{"floor":18,"key":"EssenceOfSteel"}],"is_trial":false,"path_per_floor":["M","M","M","?","$","R","E","M","T","R","M","M","R","?","R","B",null,"M","?","?","M"],"character_chosen":"THE_SILENT","items_purchased":["Dodge and Roll"],"campfire_rested":1,"item_purchase_floors":[5],"current_hp_per_floor":[57,52,52,52,52,52,11,9,9,30,30,19,19,19,19,18,58,12,12,12,0],"gold":251,"neow_bonus":"RANDOM_COMMON_RELIC","is_prod":false,"is_daily":false,"chose_seed":false,"campfire_upgraded":3,"win_rate":0,"timestamp":1559094006,"path_taken":["M","M","M","?","$","R","E","M","T","R","M","?","R","?","R","BOSS","M","?","?","M"],"build_version":"2019-01-23","purchased_purges":0,"victory":false,"max_hp_per_floor":[66,66,71,71,71,71,71,71,71,71,71,71,71,71,71,71,71,71,71,71,71],"card_choices":[{"not_picked":["Terror","Bane"],"picked":"Catalyst","floor":1},{"not_picked":["Dagger Throw","Acrobatics"],"picked":"Deadly Poison","floor":2},{"not_picked":["Choke","Cloak And Dagger"],"picked":"Predator","floor":3},{"not_picked":["Predator","Dagger Spray","Flechettes"],"picked":"SKIP","floor":7},{"not_picked":["Sucker Punch","Acrobatics"],"picked":"Crippling Poison","floor":8},{"not_picked":["Dodge and Roll","Flying Knee","Heel Hook"],"picked":"SKIP","floor":11},{"not_picked":["PiercingWail","Caltrops"],"picked":"Envenom","floor":12},{"not_picked":["Tools of the Trade","Adrenaline"],"picked":"After Image","floor":16},{"not_picked":["Reflex","Flying Knee"],"picked":"Dagger Spray","floor":18}],"player_experience":782715,"relics_obtained":[{"floor":7,"key":"Peace Pipe"},{"floor":9,"key":"Darkstone Periapt"}],"event_choices":[{"damage_healed":0,"gold_gain":0,"player_choice":"Bought 1 Potion","damage_taken":0,"max_hp_gain":0,"max_hp_loss":0,"event_name":"The Woman in Blue","floor":4,"gold_loss":0},{"damage_healed":0,"gold_gain":0,"player_choice":"Ignored","damage_taken":0,"max_hp_gain":0,"max_hp_loss":0,"event_name":"Shining Light","floor":14,"gold_loss":0},{"damage_healed":0,"gold_gain":0,"player_choice":"Ignored","damage_taken":0,"max_hp_gain":0,"max_hp_loss":0,"event_name":"Ghosts","floor":19,"gold_loss":0},{"damage_healed":0,"gold_gain":0,"player_choice":"Ignored","damage_taken":0,"max_hp_gain":0,"max_hp_loss":0,"event_name":"Cursed Tome","floor":20,"gold_loss":0}],"is_beta":false,"boss_relics":[{"not_picked":["Black Star","Runic Pyramid"],"picked":"Empty Cage"}],"items_purged_floors":[],"is_endless":false,"potions_floor_spawned":[1,3,12,16,18],"killed_by":"2 Thieves","ascension_level":19}