{"gold_per_floor":[118,135,154,174,174,174,187,218,243,258,275,291,309,322,322,419,419,436,536,218,232,232,232,259,271,307,333,356,59,59,71,71,174,174,188,188,94,114,130,165,165,182,182,198,198,198,210,2,2,2],"floor_reached":51,"playtime":6352,"items_purged":["Defend_G","Purity"],"score":732,"play_id":"ff1841c1-4c6d-4533-9a57-f0c65410270b","local_time":"20190430221855","is_ascension_mode":false,"campfire_choices":[{"data":"Eviscerate","floor":6,"key":"SMITH"},{"floor":15,"key":"REST"},{"floor":23,"key":"REST"},{"floor":25,"key":"REST"},{"data":"Panache","floor":30,"key":"SMITH"},{"data":"Panache","floor":32,"key":"SMITH"},{"data":"Reflex","floor":41,"key":"SMITH"},{"data":"Prepared","floor":46,"key":"SMITH"},{"data":"Backflip","floor":49,"key":"SMITH"}],"neow_cost":"NONE","seed_source_timestamp":213725437638838,"circlet_count":0,"master_deck":["Defend_G","Defend_G","Defend_G","Strike_G","Strike_G","Strike_G","Survivor","Neutralize","Acrobatics+1","Prepared+1","Unload+1","Backflip+1","Backstab","Acrobatics","Eviscerate+1","Predator","Burst","Prepared+1","Eviscerate","Panache+1","Backflip","Prepared+1","Prepared","Panache+1","Adrenaline+1","Reflex+1","Swift Strike","Backflip+1","Distraction"],"relics":["Astrolabe","Mummified Hand","Oddly Smooth Stone","Busted Crown","Tingsha","Ornamental Fan","MawBank","Anchor","DollysMirror","Sozu","Juzu Bracelet","Strawberry","TheAbacus"],"potions_floor_usage":[2,8,8,10,14,38,50,50],"damage_taken":[{"damage":0,"enemies":"Cultist","floor":1,"turns":2},{"damage":0,"enemies":"Jaw Worm","floor":2,"turns":2},{"damage":0,"enemies":"2 Louse","floor":3,"turns":2},{"damage":1,"enemies":"Exordium Thugs","floor":4,"turns":5},{"damage":10,"enemies":"2 Fungi Beasts","floor":7,"turns":4},{"damage":9,"enemies":"Lagavulin","floor":8,"turns":5},{"damage":0,"enemies":"Red Slaver","floor":10,"turns":1},{"damage":0,"enemies":"Blue Slaver","floor":11,"turns":2},{"damage":0,"enemies":"Exordium Wildlife","floor":12,"turns":2},{"damage":1,"enemies":"Looter","floor":13,"turns":3},{"damage":7,"enemies":"3 Louse","floor":14,"turns":2},{"damage":29,"enemies":"The Guardian","floor":16,"turns":11},{"damage":0,"enemies":"Spheric Guardian","floor":18,"turns":3},{"damage":16,"enemies":"Colosseum Slavers","floor":19,"turns":3},{"damage":18,"enemies":"Colosseum Nobs","floor":19,"turns":5},{"damage":0,"enemies":"3 Byrds","floor":21,"turns":2},{"damage":9,"enemies":"Slavers","floor":24,"turns":3},{"damage":0,"enemies":"Snake Plant","floor":27,"turns":2},{"damage":0,"enemies":"Centurion and Healer","floor":28,"turns":3},{"damage":0,"enemies":"Snecko","floor":31,"turns":1},{"damage":5,"enemies":"Automaton","floor":33,"turns":4},{"damage":0,"enemies":"Orb Walker","floor":35,"turns":2},{"damage":0,"enemies":"3 Darklings","floor":38,"turns":2},{"damage":0,"enemies":"Writhing Mass","floor":39,"turns":2},{"damage":0,"enemies":"Reptomancer","floor":40,"turns":2},{"damage":6,"enemies":"Maw","floor":42,"turns":3},{"damage":0,"enemies":"Transient","floor":44,"turns":5},{"damage":0,"enemies":"4 Shapes","floor":47,"turns":2},{"damage":30,"enemies":"Time Eater","floor":50,"turns":11}],"seed_played":"-6960110809691359924","potions_obtained":[{"floor":1,"key":"SkillPotion"},{"floor":3,"key":"EssenceOfSteel"},{"floor":4,"key":"SkillPotion"},{"floor":8,"key":"GamblersBrew"},{"floor":13,"key":"Fire Potion"},{"floor":19,"key":"Dexterity Potion"},{"floor":28,"key":"Dexterity Potion"},{"floor":31,"key":"Dexterity Potion"},{"floor":33,"key":"GhostInAJar"}],"is_trial":false,"path_per_floor":["M","M","M","M","?","R","M","E","T","M","M","M","M","M","R","B",null,"M","?","$","M","?","R","E","R","T","M","M","$","R","M","R","B",null,"M","?","$","M","M","E","R","M","T","M","?","R","M","$","R","B",null],"character_chosen":"THE_SILENT","items_purchased":["Panache","Backflip","DollysMirror","Swift Strike","TheAbacus"],"campfire_rested":3,"item_purchase_floors":[20,20,29,37,48],"current_hp_per_floor":[70,70,70,69,69,69,59,50,50,50,50,50,49,42,63,34,70,70,36,36,36,36,57,48,69,69,69,69,69,69,69,69,64,70,70,70,70,70,70,70,70,64,71,71,64,64,64,64,64,34],"gold":2,"neow_bonus":"BOSS_RELIC","is_prod":false,"is_daily":false,"chose_seed":false,"campfire_upgraded":6,"win_rate":0.0,"timestamp":1556687935,"path_taken":["M","M","M","M","?","R","M","E","T","M","M","M","M","?","R","BOSS","M","?","$","M","?","R","E","R","T","M","M","$","R","M","R","BOSS","M","?","?","M","M","E","R","M","T","M","?","R","M","$","R","BOSS"],"build_version":"2019-01-23","purchased_purges":2,"victory":true,"max_hp_per_floor":[70,70,70,70,70,70,70,70,70,70,70,70,70,70,70,70,70,70,70,70,70,70,70,70,70,70,70,70,70,70,70,70,70,70,70,70,70,70,70,70,70,70,77,77,77,77,77,77,77,77],"card_choices":[{"not_picked":["Catalyst","Acrobatics"],"picked":"Backflip","floor":1},{"not_picked":["Endless Agony","Cloak And Dagger","Bane"],"picked":"SKIP","floor":2},{"not_picked":["Outmaneuver","Dagger Spray"],"picked":"Backstab","floor":3},{"not_picked":["PiercingWail","Dagger Spray"],"picked":"Acrobatics","floor":4},{"not_picked":["Bane","Deadly Poison"],"picked":"Predator","floor":7},{"not_picked":["Dagger Throw","PiercingWail"],"picked":"Burst","floor":8},{"not_picked":["Distraction","Expertise","Well Laid Plans"],"picked":"SKIP","floor":10},{"not_picked":["Footwork","Blade Dance"],"picked":"Prepared","floor":11},{"not_picked":["Bane","Poisoned Stab","Quick Slash"],"picked":"SKIP","floor":12},{"not_picked":["Deflect","Blade Dance","Slice"],"picked":"SKIP","floor":13},{"not_picked":["Skewer","Noxious Fumes","Riddle With Holes"],"picked":"SKIP","floor":14},{"not_picked":["Blur+1"],"picked":"SKIP","floor":18},{"not_picked":[],"picked":"Eviscerate","floor":19},{"not_picked":[],"picked":"Prepared+1","floor":21},{"not_picked":["Deflect"],"picked":"SKIP","floor":24},{"not_picked":[],"picked":"Prepared","floor":27},{"not_picked":["Sucker Punch"],"picked":"SKIP","floor":28},{"not_picked":["Accuracy"],"picked":"SKIP","floor":31},{"not_picked":[],"picked":"Adrenaline","floor":33},{"not_picked":[],"picked":"Reflex","floor":35},{"not_picked":["Deflect"],"picked":"SKIP","floor":38},{"not_picked":["Riddle With Holes+1"],"picked":"SKIP","floor":39},{"not_picked":["Poisoned Stab"],"picked":"SKIP","floor":40},{"not_picked":[],"picked":"Backflip+1","floor":42},{"not_picked":["Deflect+1"],"picked":"SKIP","floor":44},{"not_picked":[],"picked":"Distraction","floor":47}],"player_experience":81932,"relics_obtained":[{"floor":8,"key":"Mummified Hand"},{"floor":9,"key":"Oddly Smooth Stone"},{"floor":19,"key":"Tingsha"},{"floor":19,"key":"Ornamental Fan"},{"floor":24,"key":"MawBank"},{"floor":26,"key":"Anchor"},{"floor":40,"key":"Juzu Bracelet"},{"floor":43,"key":"Strawberry"}],"event_choices":[{"damage_healed":0,"gold_gain":0,"player_choice":"2 cards matched","damage_taken":0,"max_hp_gain":0,"max_hp_loss":0,"event_name":"Match and Keep!","floor":5,"gold_loss":0,"cards_obtained":["Eviscerate","Purity"]},{"damage_healed":0,"gold_gain":0,"player_choice":"2 cards matched","damage_taken":0,"max_hp_gain":0,"max_hp_loss":0,"event_name":"Match and Keep!","floor":5,"gold_loss":0,"cards_obtained":["Eviscerate","Purity"]},{"damage_healed":0,"gold_gain":0,"player_choice":"Fight","damage_taken":0,"max_hp_gain":0,"max_hp_loss":0,"event_name":"Colosseum","floor":19,"gold_loss":0},{"damage_healed":0,"gold_gain":0,"player_choice":"Fought Nobs","damage_taken":0,"max_hp_gain":0,"max_hp_loss":0,"event_name":"Colosseum","floor":19,"gold_loss":0},{"damage_healed":0,"gold_gain":0,"player_choice":"Ignored","damage_taken":0,"max_hp_gain":0,"max_hp_loss":0,"event_name":"Vampires","floor":22,"gold_loss":0},{"damage_healed":0,"gold_gain":0,"player_choice":"Upgraded","damage_taken":0,"max_hp_gain":0,"max_hp_loss":0,"event_name":"Upgrade Shrine","floor":36,"gold_loss":0,"cards_upgraded":["Adrenaline"]},{"damage_healed":0,"gold_gain":0,"player_choice":"Damaged","damage_taken":7,"max_hp_gain":0,"max_hp_loss":0,"event_name":"Wheel of Change","floor":45,"gold_loss":0}],"is_beta":false,"boss_relics":[{"not_picked":["Orrery","WristBlade"],"picked":"Busted Crown"},{"not_picked":["Coffee Dripper","Eternal Feather"],"picked":"Sozu"}],"items_purged_floors":[20,29],"is_endless":false,"potions_floor_spawned":[1,3,4,8,13,19,28,31,33,38,39,40,44],"ascension_level":0}