{"gold_per_floor":[219,235,185,197,0,0,29,29,29,29,29,46,62,77,77,153,153,171,0,15,15,15,15,15],"floor_reached":24,"playtime":823,"items_purged":["Strike_R"],"score":382,"play_id":"87f62180-2efd-4e16-a5be-52edd2f1a9ca","local_time":"20190627231933","is_ascension_mode":true,"campfire_choices":[{"data":"Rupture","floor":6,"key":"SMITH"},{"data":"Combust","floor":8,"key":"SMITH"},{"floor":10,"key":"REST"},{"data":"Rupture","floor":15,"key":"SMITH"},{"data":"Limit Break","floor":23,"key":"SMITH"}],"neow_cost":"NONE","seed_source_timestamp":1297275666000461,"circlet_count":0,"master_deck":["AscendersBane","Strike_R","Strike_R","Strike_R","Defend_R","Defend_R","Defend_R","Defend_R","Bash","Disarm","Rupture+1","Anger","Iron Wave","Combust+1","Ghostly Armor","Immolate","Flex","Shrug It Off","Shrug It Off","Rupture+1","Limit Break+1","Disarm","Reaper"],"relics":["Burning Blood","Meat on the Bone","Darkstone Periapt","Sozu"],"potions_floor_usage":[20],"damage_taken":[{"damage":5,"enemies":"Small Slimes","floor":1,"turns":3},{"damage":13,"enemies":"Cultist","floor":2,"turns":4},{"damage":5,"enemies":"Jaw Worm","floor":4,"turns":4},{"damage":31,"enemies":"3 Sentries","floor":7,"turns":8},{"damage":18,"enemies":"Exordium Wildlife","floor":12,"turns":3},{"damage":17,"enemies":"Exordium Thugs","floor":13,"turns":4},{"damage":0,"enemies":"2 Fungi Beasts","floor":14,"turns":2},{"damage":39,"enemies":"The Guardian","floor":16,"turns":13},{"damage":38,"enemies":"Chosen","floor":18,"turns":6},{"damage":36,"enemies":"Spheric Guardian","floor":20,"turns":6},{"damage":85,"enemies":"Gremlin Leader","floor":24,"turns":7}],"seed_played":"7434460836941231814","potions_obtained":[{"floor":2,"key":"SteroidPotion"},{"floor":7,"key":"Ancient Potion"}],"is_trial":false,"path_per_floor":["M","M","$","M","$","R","E","R","T","R","?","M","M","M","R","B",null,"M","$","M","?","$","R","E"],"character_chosen":"IRONCLAD","items_purchased":["Anger","Combust","Ghostly Armor","Reaper"],"campfire_rested":1,"item_purchase_floors":[3,5,5,19],"current_hp_per_floor":[69,62,62,63,63,63,38,38,38,60,60,48,49,55,55,34,65,45,45,30,75,75,75,0],"gold":15,"neow_bonus":"HUNDRED_GOLD","is_prod":false,"is_daily":false,"chose_seed":false,"campfire_upgraded":4,"win_rate":0,"timestamp":1561702773,"path_taken":["M","M","$","M","$","R","E","R","T","R","?","M","?","M","R","BOSS","M","$","M","?","$","R","E"],"build_version":"2019-01-23","purchased_purges":1,"victory":false,"max_hp_per_floor":[75,75,75,75,75,75,75,75,75,75,75,75,75,75,75,75,75,75,75,75,75,75,75,75],"card_choices":[{"not_picked":["Thunderclap","Armaments"],"picked":"Disarm","floor":1},{"not_picked":["Sword Boomerang","Pummel"],"picked":"Rupture","floor":2},{"not_picked":["Headbutt","Perfected Strike"],"picked":"Iron Wave","floor":4},{"not_picked":["Blood for Blood","Headbutt"],"picked":"Immolate","floor":7},{"not_picked":["Rupture","Reckless Charge"],"picked":"Shrug It Off","floor":12},{"not_picked":["Power Through","Thunderclap"],"picked":"Shrug It Off","floor":13},{"not_picked":["Power Through","Perfected Strike"],"picked":"Rupture","floor":14},{"not_picked":["Impervious","Bludgeon"],"picked":"Limit Break","floor":16},{"not_picked":["Second Wind+1","Havoc"],"picked":"Disarm","floor":18},{"not_picked":["Perfected Strike","Sever Soul","Warcry"],"picked":"SKIP","floor":20}],"player_experience":1095778,"relics_obtained":[{"floor":7,"key":"Meat on the Bone"},{"floor":9,"key":"Darkstone Periapt"}],"event_choices":[{"damage_healed":0,"gold_gain":0,"cards_transformed":["Strike_R"],"player_choice":"Transformed","damage_taken":0,"max_hp_gain":0,"max_hp_loss":0,"event_name":"Transmorgrifier","floor":11,"gold_loss":0,"cards_obtained":["Flex"]},{"damage_healed":45,"gold_gain":0,"player_choice":"Full Heal","damage_taken":0,"max_hp_gain":0,"max_hp_loss":0,"event_name":"Wheel of Change","floor":21,"gold_loss":0}],"is_beta":false,"boss_relics":[{"not_picked":["Snecko Eye","Empty Cage"],"picked":"Sozu"}],"items_purged_floors":[5],"is_endless":false,"potions_floor_spawned":[2,7,18],"killed_by":"Gremlin Leader","ascension_level":19}