{"gold_per_floor":[11,11,0,23,46,46,89,89,141,141,176,176,176,201,201,329,329,344,41,0,0,0,0,39,53,77,100,100,24,24,49,49,174,174,194,214,214,214,89,89,113,13,89,12,45,45,45,63,63,63],"floor_reached":51,"playtime":3116,"items_purged":["Strike_B","Strike_B"],"score":759,"play_id":"2edceea8-d77c-4ac4-a06d-1d3561823cc4","local_time":"20190516181733","is_ascension_mode":true,"campfire_choices":[{"data":"White Noise","floor":6.0,"key":"SMITH"},{"data":"Conserve Battery","floor":8.0,"key":"SMITH"},{"floor":12.0,"key":"REST"},{"floor":15.0,"key":"REST"},{"data":"Zap","floor":23.0,"key":"SMITH"},{"floor":28.0,"key":"REST"},{"data":"Defragment","floor":30.0,"key":"SMITH"},{"floor":32.0,"key":"REST"},{"floor":40,"key":"REST"},{"floor":46,"key":"REST"},{"floor":49,"key":"REST"}],"neow_cost":"NO_GOLD","seed_source_timestamp":0,"circlet_count":0,"master_deck":["Strike_B","Defend_B","Zap+1","Dualcast","Genetic Algorithm","White Noise+1","Conserve Battery+1","White Noise+1","Beam Cell","Seek+1","Buffer+1","Machine Learning+1","Reinforced Body+1","Streamline+1","All For One","Necronomicurse","Core Surge","Coolheaded","Gash","Defragment+1","Go for the Eyes","Biased Cognition","Gash+1","Gash","Chill","Double Energy","Stack+1"],"special_seed":0,"relics":["Cracked Core","Peace Pipe","Golden Idol","Ancient Tea Set","Juzu Bracelet","Cables","Pen Nib","Astrolabe","Regal Pillow","Necronomicon","Mango","War Paint","Black Star","Ornamental Fan","Incense Burner","Mummified Hand"],"potions_floor_usage":[50],"damage_taken":[{"damage":6.0,"enemies":"Jaw Worm","floor":1.0,"turns":3.0},{"damage":1.0,"enemies":"2 Louse","floor":4.0,"turns":3.0},{"damage":3.0,"enemies":"Cultist","floor":5.0,"turns":3.0},{"damage":14.0,"enemies":"Lagavulin","floor":7.0,"turns":7.0},{"damage":46.0,"enemies":"Gremlin Nob","floor":11.0,"turns":6.0},{"damage":0.0,"enemies":"Large Slime","floor":14.0,"turns":3.0},{"damage":7.0,"enemies":"Slime Boss","floor":16.0,"turns":10.0},{"damage":4.0,"enemies":"Shell Parasite","floor":18.0,"turns":7.0},{"damage":14.0,"enemies":"Slavers","floor":24.0,"turns":5.0},{"damage":0.0,"enemies":"Spheric Guardian","floor":25.0,"turns":2.0},{"damage":6.0,"enemies":"Snecko","floor":27.0,"turns":4.0},{"damage":14.0,"enemies":"Snake Plant","floor":31.0,"turns":3.0},{"damage":3.0,"enemies":"Automaton","floor":33.0,"turns":8.0},{"damage":15,"enemies":"3 Darklings","floor":35,"turns":7},{"damage":10,"enemies":"Orb Walker","floor":36,"turns":2},{"damage":38,"enemies":"4 Shapes","floor":41,"turns":4},{"damage":26,"enemies":"Nemesis","floor":45,"turns":5},{"damage":4,"enemies":"Transient","floor":48,"turns":5},{"damage":0,"enemies":"Donu and Deca","floor":50,"turns":10}],"seed_played":"-8059101869578367538","potions_obtained":[{"floor":1.0,"key":"SpeedPotion"},{"floor":4.0,"key":"Dexterity Potion"},{"floor":16.0,"key":"Dexterity Potion"},{"floor":18.0,"key":"SpeedPotion"},{"floor":27.0,"key":"Poison Potion"},{"floor":31.0,"key":"Block Potion"},{"floor":48,"key":"SkillPotion"}],"is_trial":false,"path_per_floor":["M","?","?","M","M","R","E","R","T","?","E","R","?","M","R","B",null,"M","$","?","?","?","R","E","M","T","M","R","$","R","M","R","B",null,"M","M","?","?","$","R","M","$","T","$","E","R","?","M","R","B",null],"character_chosen":"DEFECT","items_purchased":["All For One","Regal Pillow","Defragment","Gash","Double Energy"],"campfire_rested":7,"item_purchase_floors":[19,19,29,39,44],"current_hp_per_floor":[69,69,69,68,65,65,51,51,51,51,5,25,22,22,42,35,69,65,65,65,49,49,49,49,49,49,43,82,82,82,68,83,80,83,68,58,58,58,58,83,45,45,45,45,19,58,58,54,79,79],"gold":63,"neow_bonus":"ONE_RARE_RELIC","is_prod":false,"is_daily":false,"chose_seed":false,"campfire_upgraded":4,"win_rate":0,"timestamp":1558055853,"path_taken":["M","?","?","M","M","R","E","R","T","?","E","R","?","M","R","BOSS","M","$","?","?","?","R","E","M","T","M","R","$","R","M","R","BOSS","M","M","?","?","?","R","M","$","T","?","E","R","?","M","R","BOSS"],"build_version":"2019-01-23","purchased_purges":2,"victory":true,"max_hp_per_floor":[75,69,69,69,69,69,69,69,69,69,69,69,69,69,69,69,69,69,69,69,69,69,69,83,83,83,83,83,83,83,83,83,83,83,83,83,83,83,83,83,83,83,83,83,83,83,79,79,79,79],"card_choices":[{"not_picked":["Ball Lightning","Cold Snap"],"picked":"Genetic Algorithm","floor":1.0},{"not_picked":["Compile Driver","Cold Snap"],"picked":"White Noise","floor":4.0},{"not_picked":["Steam","Compile Driver","Heatsinks"],"picked":"SKIP","floor":5.0},{"not_picked":["Chill","Coolheaded"],"picked":"Conserve Battery","floor":7.0},{"not_picked":["Blizzard","Amplify"],"picked":"White Noise","floor":11.0},{"not_picked":["Go for the Eyes","Compile Driver"],"picked":"Beam Cell","floor":14.0},{"not_picked":["Amplify","Multi-Cast"],"picked":"Seek","floor":16.0},{"not_picked":["Undo","Rebound"],"picked":"Streamline+1","floor":18.0},{"not_picked":["Sweeping Beam","Tempest"],"picked":"Core Surge","floor":24.0},{"not_picked":["Barrage","Leap"],"picked":"Coolheaded","floor":25.0},{"not_picked":["Turbo+1","Ball Lightning"],"picked":"Gash","floor":27.0},{"not_picked":["Doom and Gloom","Steam"],"picked":"Go for the Eyes","floor":31.0},{"not_picked":["Multi-Cast","Amplify"],"picked":"Biased Cognition","floor":33.0},{"not_picked":["Leap","FTL+1"],"picked":"Gash+1","floor":35},{"not_picked":["Beam Cell","Redo","Rip and Tear+1"],"picked":"SKIP","floor":36},{"not_picked":["Go for the Eyes","Darkness+1"],"picked":"Chill","floor":41},{"not_picked":["Barrage+1","Reprogram","Genetic Algorithm"],"picked":"SKIP","floor":45},{"not_picked":["Coolheaded","Genetic Algorithm+1"],"picked":"Stack+1","floor":48}],"player_experience":208778,"relics_obtained":[{"floor":7.0,"key":"Ancient Tea Set"},{"floor":9.0,"key":"Juzu Bracelet"},{"floor":11.0,"key":"Cables"},{"floor":21.0,"key":"Necronomicon"},{"floor":24.0,"key":"Mango"},{"floor":26.0,"key":"War Paint"},{"floor":43,"key":"Ornamental Fan"},{"floor":45,"key":"Incense Burner"},{"floor":45,"key":"Mummified Hand"}],"event_choices":[{"damage_healed":0.0,"max_hp_gain":0.0,"max_hp_loss":6.0,"gold_gain":0.0,"event_name":"Golden Idol","player_choice":"Lose Max HP","floor":2.0,"gold_loss":0.0,"damage_taken":0.0,"relics_obtained":["Golden Idol"]},{"damage_healed":0.0,"max_hp_gain":0.0,"max_hp_loss":0.0,"gold_gain":0.0,"event_name":"World of Goop","player_choice":"Left Gold","floor":3.0,"gold_loss":11.0,"damage_taken":0.0},{"cards_removed":["Defend_B"],"damage_healed":0.0,"max_hp_gain":0.0,"max_hp_loss":0.0,"gold_gain":0.0,"event_name":"Bonfire Elementals","player_choice":"Offered Basic","floor":10.0,"gold_loss":0.0,"damage_taken":0.0},{"damage_healed":0.0,"max_hp_gain":0.0,"max_hp_loss":0.0,"gold_gain":0.0,"event_name":"Scrap Ooze","player_choice":"Success","floor":13.0,"gold_loss":0.0,"damage_taken":3.0,"relics_obtained":["Pen Nib"]},{"damage_healed":0.0,"max_hp_gain":0.0,"max_hp_loss":0.0,"gold_gain":0.0,"event_name":"Masked Bandits","player_choice":"Paid Fearfully","floor":20.0,"gold_loss":41.0,"damage_taken":0.0},{"damage_healed":0.0,"max_hp_gain":0.0,"max_hp_loss":0.0,"gold_gain":0.0,"event_name":"Cursed Tome","player_choice":"Obtained Book","floor":21.0,"gold_loss":0.0,"damage_taken":16.0},{"damage_healed":0.0,"max_hp_gain":0.0,"max_hp_loss":0.0,"gold_gain":0.0,"event_name":"Vampires","player_choice":"Ignored","floor":22.0,"gold_loss":0.0,"damage_taken":0.0},{"damage_healed":0,"gold_gain":0,"player_choice":"Memory 1","damage_taken":0,"max_hp_gain":0,"max_hp_loss":0,"event_name":"SensoryStone","floor":37,"gold_loss":0},{"damage_healed":0,"gold_gain":0,"player_choice":"Ignored","damage_taken":0,"max_hp_gain":0,"max_hp_loss":0,"event_name":"Tomb of Lord Red Mask","floor":38,"gold_loss":0},{"damage_healed":0,"gold_gain":0,"player_choice":"Max HP","damage_taken":0,"max_hp_gain":0,"max_hp_loss":4,"event_name":"Winding Halls","floor":47,"gold_loss":0}],"is_beta":false,"boss_relics":[{"not_picked":["Eternal Feather","Velvet Choker"],"picked":"Astrolabe"},{"not_picked":["Cursed Key","Sozu"],"picked":"Black Star"}],"items_purged_floors":[39,42],"is_endless":false,"potions_floor_spawned":[1,4,16,18,27,31,48],"ascension_level":1}