{"gold_per_floor":[360,387,62,74,89,89,36,50,50,68,68,94,94,150,150,150],"floor_reached":16,"playtime":625,"items_purged":[],"score":195,"play_id":"b55c0759-5ccb-4ad1-9e01-398cc79ca144","local_time":"20190623191710","is_ascension_mode":true,"campfire_choices":[{"data":"Entrench","floor":6,"key":"SMITH"},{"floor":11,"key":"REST"},{"floor":15,"key":"REST"}],"neow_cost":"PERCENT_DAMAGE","seed_source_timestamp":937332427821489,"circlet_count":0,"master_deck":["AscendersBane","Strike_R","Strike_R","Strike_R","Strike_R","Strike_R","Defend_R","Defend_R","Defend_R","Defend_R","Bash","Evolve","Clothesline","Entrench+1","Shrug It Off","Shrug It Off","Infernal Blade","Uppercut","Heavy Blade"],"relics":["Burning Blood","Omamori","Thread and Needle","Prayer Wheel","Nunchaku"],"potions_floor_usage":[4,8],"damage_taken":[{"damage":12,"enemies":"Cultist","floor":1,"turns":4},{"damage":9,"enemies":"Small Slimes","floor":4,"turns":4},{"damage":3,"enemies":"Jaw Worm","floor":5,"turns":5},{"damage":32,"enemies":"Exordium Thugs","floor":8,"turns":10},{"damage":12,"enemies":"Large Slime","floor":10,"turns":14},{"damage":17,"enemies":"Lagavulin","floor":12,"turns":8},{"damage":49,"enemies":"Hexaghost","floor":16,"turns":11}],"seed_played":"4702338077951025613","potions_obtained":[{"floor":1,"key":"Weak Potion"},{"floor":4,"key":"Energy Potion"}],"is_trial":false,"path_per_floor":["M","T","$","M","M","R","$","M","T","M","R","E","?","?","R","B"],"character_chosen":"IRONCLAD","items_purchased":["Thread and Needle","Shrug It Off"],"campfire_rested":2,"item_purchase_floors":[3,7],"current_hp_per_floor":[44,44,44,41,44,44,44,18,18,12,34,23,23,23,45,0],"gold":150,"neow_bonus":"TWO_FIFTY_GOLD","is_prod":false,"is_daily":false,"chose_seed":false,"campfire_upgraded":1,"win_rate":0,"timestamp":1561342630,"path_taken":["M","?","$","M","M","R","?","M","T","M","R","E","?","?","R","BOSS"],"build_version":"2019-01-23","purchased_purges":0,"victory":false,"max_hp_per_floor":[75,75,75,75,75,75,75,75,75,75,75,75,75,75,75,75],"card_choices":[{"not_picked":["Rupture","Dual Wield"],"picked":"Evolve","floor":1},{"not_picked":["Blood for Blood","Body Slam"],"picked":"Clothesline","floor":4},{"not_picked":["Pommel Strike","Clothesline"],"picked":"Entrench","floor":5},{"not_picked":["Anger","Intimidate"],"picked":"Shrug It Off","floor":8},{"not_picked":["Fiend Fire","Wild Strike"],"picked":"Infernal Blade","floor":10},{"not_picked":["Warcry","Perfected Strike"],"picked":"Uppercut","floor":10},{"not_picked":["Dual Wield","Blood for Blood"],"picked":"Heavy Blade","floor":12}],"player_experience":1055637,"relics_obtained":[{"floor":2,"key":"Omamori"},{"floor":9,"key":"Prayer Wheel"},{"floor":12,"key":"Nunchaku"}],"event_choices":[{"damage_healed":0,"gold_gain":0,"player_choice":"Searched \u00270\u0027 times","damage_taken":0,"max_hp_gain":0,"max_hp_loss":0,"event_name":"Dead Adventurer","floor":13,"gold_loss":0},{"damage_healed":0,"gold_gain":56,"player_choice":"Gained Gold","damage_taken":0,"max_hp_gain":0,"max_hp_loss":0,"event_name":"Golden Wing","floor":14,"gold_loss":0}],"is_beta":false,"boss_relics":[],"items_purged_floors":[],"is_endless":false,"potions_floor_spawned":[1,4],"killed_by":"Hexaghost","ascension_level":19}