{"gold_per_floor":[363,34,50,50,50,81,81,414,414,414,430,443,462,482,482,560,560,577,594,614,368,379,379,408,408,408,441,454,454],"floor_reached":29,"playtime":1627,"items_purged":["Strike_R"],"score":539,"play_id":"0c7dcb01-6f31-4ffb-a485-dead9600246e","local_time":"20190526183442","is_ascension_mode":true,"campfire_choices":[{"data":"Uppercut","floor":7,"key":"SMITH"},{"data":"True Grit","floor":10,"key":"SMITH"},{"data":"Flame Barrier","floor":15,"key":"SMITH"},{"floor":23,"key":"REST"},{"floor":25,"key":"REST"}],"neow_cost":"PERCENT_DAMAGE","seed_source_timestamp":781443767768812,"circlet_count":0,"master_deck":["AscendersBane","Strike_R","Strike_R","Strike_R","Strike_R","Defend_R+1","Defend_R","Defend_R","Defend_R","Bash+1","Carnage","Flame Barrier+1","Uppercut+1","True Grit+1","Offering+1","Iron Wave","Clothesline","Demon Form","Whirlwind","Sword Boomerang","Twin Strike"],"relics":["Burning Blood","Pocketwatch","Charon\u0027s Ashes","Old Coin","Bottled Lightning","Mark of Pain","War Paint","Strawberry","The Courier","Red Mask"],"potions_floor_usage":[6,16,18,20,22,24,27,29],"damage_taken":[{"damage":0,"enemies":"2 Louse","floor":1,"turns":4},{"damage":4,"enemies":"Small Slimes","floor":3,"turns":3},{"damage":8,"enemies":"Gremlin Nob","floor":6,"turns":3},{"damage":13,"enemies":"3 Sentries","floor":8,"turns":5},{"damage":0,"enemies":"Jaw Worm","floor":11,"turns":3},{"damage":6,"enemies":"Blue Slaver","floor":12,"turns":3},{"damage":16,"enemies":"Exordium Thugs","floor":13,"turns":3},{"damage":0,"enemies":"Large Slime","floor":14,"turns":4},{"damage":11,"enemies":"The Guardian","floor":16,"turns":13},{"damage":7,"enemies":"Spheric Guardian","floor":18,"turns":4},{"damage":15,"enemies":"2 Thieves","floor":19,"turns":4},{"damage":14,"enemies":"3 Cultists","floor":20,"turns":4},{"damage":14,"enemies":"Centurion and Healer","floor":22,"turns":5},{"damage":69,"enemies":"Slavers","floor":24,"turns":5},{"damage":42,"enemies":"Masked Bandits","floor":27,"turns":4},{"damage":4,"enemies":"Snake Plant","floor":28,"turns":5},{"damage":17,"enemies":"Sentry and Sphere","floor":29,"turns":2}],"seed_played":"5662682251635781429","potions_obtained":[{"floor":3,"key":"Fire Potion"},{"floor":13,"key":"Block Potion"},{"floor":14,"key":"Fire Potion"},{"floor":16,"key":"EssenceOfSteel"},{"floor":18,"key":"FearPotion"},{"floor":20,"key":"Poison Potion"},{"floor":22,"key":"Regen Potion"},{"floor":28,"key":"Weak Potion"}],"is_trial":false,"path_per_floor":["M","$","M","?","?","E","R","E","T","R","M","M","M","M","R","B",null,"M","M","M","$","M","R","E","R","T","?","M","M"],"character_chosen":"IRONCLAD","items_purchased":["Pocketwatch","War Paint"],"campfire_rested":2,"item_purchase_floors":[2,21],"current_hp_per_floor":[56,56,58,58,58,56,56,49,49,49,55,55,45,51,51,46,68,67,58,50,50,42,64,22,46,46,10,12,0],"gold":454,"neow_bonus":"TWO_FIFTY_GOLD","is_prod":false,"is_daily":false,"chose_seed":false,"campfire_upgraded":3,"win_rate":0,"timestamp":1558910082,"path_taken":["M","$","M","?","?","E","R","E","T","R","M","M","M","M","R","BOSS","M","M","M","$","M","R","E","R","T","?","M","M"],"build_version":"2019-01-23","purchased_purges":1,"victory":false,"max_hp_per_floor":[75,75,75,75,75,75,75,75,75,75,75,75,75,75,75,75,75,75,75,75,75,75,75,82,82,82,82,82,82],"card_choices":[{"not_picked":["Body Slam","Sword Boomerang"],"picked":"Carnage","floor":1},{"not_picked":["Thunderclap","Heavy Blade"],"picked":"Flame Barrier","floor":3},{"not_picked":["Dual Wield","Clothesline"],"picked":"Uppercut","floor":6},{"not_picked":["Bloodletting","Thunderclap"],"picked":"True Grit","floor":8},{"not_picked":["Havoc","True Grit"],"picked":"Offering","floor":11},{"not_picked":["Twin Strike","Sword Boomerang","Thunderclap"],"picked":"SKIP","floor":12},{"not_picked":["Ghostly Armor","Whirlwind"],"picked":"Iron Wave","floor":13},{"not_picked":["Headbutt","True Grit"],"picked":"Clothesline","floor":14},{"not_picked":["Berserk","Reaper"],"picked":"Demon Form","floor":16},{"not_picked":["Headbutt","Iron Wave"],"picked":"Whirlwind","floor":18},{"not_picked":["Disarm","Intimidate","Clothesline"],"picked":"SKIP","floor":19},{"not_picked":["Thunderclap","Combust","Warcry"],"picked":"SKIP","floor":20},{"not_picked":["Body Slam","Cleave"],"picked":"Sword Boomerang","floor":22},{"not_picked":["Shockwave","Metallicize+1","Flex"],"picked":"SKIP","floor":24},{"not_picked":["Flex","Bloodletting"],"picked":"Twin Strike","floor":27},{"not_picked":["Bloodletting","Havoc","Warcry"],"picked":"SKIP","floor":28}],"player_experience":768295,"relics_obtained":[{"floor":6,"key":"Charon\u0027s Ashes"},{"floor":8,"key":"Old Coin"},{"floor":9,"key":"Bottled Lightning"},{"floor":24,"key":"Strawberry"},{"floor":26,"key":"The Courier"},{"floor":27,"key":"Red Mask"}],"event_choices":[{"damage_healed":0,"gold_gain":0,"player_choice":"Grow","damage_taken":0,"max_hp_gain":0,"max_hp_loss":0,"event_name":"Living Wall","floor":4,"gold_loss":0,"cards_upgraded":["Bash"]},{"damage_healed":0,"gold_gain":0,"player_choice":"Ignored","damage_taken":0,"max_hp_gain":0,"max_hp_loss":0,"event_name":"Shining Light","floor":5,"gold_loss":0},{"damage_healed":0,"gold_gain":0,"player_choice":"Fought Bandits","damage_taken":0,"max_hp_gain":0,"max_hp_loss":0,"event_name":"Masked Bandits","floor":27,"gold_loss":0}],"is_beta":false,"boss_relics":[{"not_picked":["Coffee Dripper","Black Blood"],"picked":"Mark of Pain"}],"items_purged_floors":[21],"is_endless":false,"potions_floor_spawned":[3,13,14,16,18,20,22,28],"killed_by":"Sentry and Sphere","ascension_level":20}