{"gold_per_floor":[112,130,141,156,52,52,80,45,116,116,127,156,156,170,170,272,272,291,310,163,175,175,175,175,102,102,112,147,147,72,91,91,195,195,215,235,254,254,254,65,78,91,91,109,109,109],"floor_reached":46,"playtime":4589,"items_purged":[],"score":504,"play_id":"f95539ca-0d0f-4df1-b9c2-0fefd69473ca","local_time":"20190128114137","is_ascension_mode":false,"campfire_choices":[{"data":"Bouncing Flask","floor":6,"key":"SMITH"},{"floor":13,"key":"REST"},{"floor":15,"key":"REST"},{"data":"Burst","floor":24,"key":"SMITH"},{"floor":32,"key":"REST"},{"floor":45,"key":"REST"}],"neow_cost":"NONE","seed_source_timestamp":863600712613912,"circlet_count":0,"master_deck":["Defend_G","Defend_G","Defend_G","Defend_G","Defend_G","Survivor","Neutralize","PiercingWail","Sucker Punch","Finisher","Poisoned Stab","Bouncing Flask+1","Well Laid Plans","Flying Knee","Bane","Backflip","Crippling Poison","Burst+1","Footwork","Distraction","Dash","Bouncing Flask","Leg Sweep","Predator+1","Burst","Bite","Bite","Bite","Bite","Bite","Bane","Catalyst","Corpse Explosion","Noxious Fumes","Backflip+1","Parasite","Tactician+1","Pain","Secret Technique","Acrobatics+1","Infinite Blades+1","Decay","Parasite","Envenom","Prepared+1"],"relics":["Ring of the Serpent","Nunchaku","Bottled Lightning","Oddly Smooth Stone","Cursed Key","Dream Catcher","CultistMask","Shuriken","Juzu Bracelet","WarpedTongs","Gremlin Horn"],"potions_floor_usage":[44,46,46],"damage_taken":[{"damage":0,"enemies":"2 Louse","floor":1,"turns":3},{"damage":0,"enemies":"Small Slimes","floor":2,"turns":3},{"damage":0,"enemies":"Cultist","floor":3,"turns":4},{"damage":0,"enemies":"Blue Slaver","floor":4,"turns":6},{"damage":25,"enemies":"Gremlin Nob","floor":7,"turns":5},{"damage":16,"enemies":"Lots of Slimes","floor":11,"turns":4},{"damage":36,"enemies":"3 Sentries","floor":12,"turns":8},{"damage":6,"enemies":"Exordium Wildlife","floor":14,"turns":5},{"damage":25,"enemies":"The Guardian","floor":16,"turns":9},{"damage":0,"enemies":"Chosen","floor":18,"turns":3},{"damage":0,"enemies":"Shell Parasite","floor":19,"turns":5},{"damage":7,"enemies":"Snake Plant","floor":21,"turns":4},{"damage":8,"enemies":"Shelled Parasite and Fungi","floor":27,"turns":4},{"damage":27,"enemies":"Slavers","floor":28,"turns":7},{"damage":14,"enemies":"Centurion and Healer","floor":31,"turns":5},{"damage":37,"enemies":"Automaton","floor":33,"turns":7},{"damage":7,"enemies":"Orb Walker","floor":35,"turns":4},{"damage":0,"enemies":"3 Darklings","floor":36,"turns":3},{"damage":0,"enemies":"Writhing Mass","floor":37,"turns":5},{"damage":3,"enemies":"Transient","floor":41,"turns":5},{"damage":11,"enemies":"4 Shapes","floor":42,"turns":3},{"damage":43,"enemies":"Writhing Mass","floor":44,"turns":6},{"damage":35,"enemies":"Sphere and 2 Shapes","floor":46,"turns":4}],"seed_played":"-637114545550959399","potions_obtained":[{"floor":2,"key":"GamblersBrew"},{"floor":3,"key":"Ancient Potion"},{"floor":10,"key":"Block Potion"},{"floor":10,"key":"EntropicBrew"},{"floor":12,"key":"PowerPotion"},{"floor":14,"key":"PowerPotion"}],"is_trial":false,"path_per_floor":["M","M","M","M","$","R","E","?","T","?","M","E","R","M","R","B",null,"M","M","$","M","?","?","R","$","T","M","E","?","?","M","R","B",null,"M","M","M","$","?","$","M","M","T","M","R","M"],"character_chosen":"THE_SILENT","items_purchased":["Bouncing Flask","Well Laid Plans","Dream Catcher","Leg Sweep","Secret Technique"],"campfire_rested":4,"item_purchase_floors":[5,5,20,25,40],"current_hp_per_floor":[77,77,77,77,77,77,52,71,71,71,55,19,42,36,59,34,77,77,77,77,70,70,70,70,70,70,62,35,35,35,29,44,15,53,49,53,53,53,53,53,52,44,44,9,24,0],"gold":109,"neow_bonus":"TEN_PERCENT_HP_BONUS","is_prod":false,"is_daily":false,"chose_seed":false,"campfire_upgraded":2,"win_rate":0.0,"timestamp":1548693697,"path_taken":["M","M","M","M","$","R","E","?","T","?","M","E","R","M","R","BOSS","M","M","$","M","?","?","R","$","T","M","E","?","?","M","R","BOSS","M","M","M","$","?","$","M","M","T","M","R","M"],"build_version":"2019-01-23","purchased_purges":0,"victory":false,"max_hp_per_floor":[77,77,77,77,77,77,77,77,77,77,77,77,77,77,77,77,77,77,77,77,77,77,77,77,77,77,77,77,53,53,53,53,53,53,53,53,53,53,53,53,53,53,53,53,53,53],"card_choices":[{"not_picked":["Bane","Backflip"],"picked":"PiercingWail","floor":1},{"not_picked":["Heel Hook","Reflex"],"picked":"Sucker Punch","floor":2},{"not_picked":["Blur","Quick Slash"],"picked":"Finisher","floor":3},{"not_picked":["Choke","Blade Dance"],"picked":"Poisoned Stab","floor":4},{"not_picked":["Dodge and Roll","A Thousand Cuts"],"picked":"Flying Knee","floor":7},{"not_picked":["Blur","Poisoned Stab"],"picked":"Bane","floor":11},{"not_picked":["Flechettes","All Out Attack"],"picked":"Backflip","floor":12},{"not_picked":["Terror","Expertise"],"picked":"Crippling Poison","floor":14},{"not_picked":["Bullet Time","Doppelganger"],"picked":"Burst","floor":16},{"not_picked":["Caltrops","PiercingWail"],"picked":"Footwork","floor":18},{"not_picked":["Caltrops","Quick Slash"],"picked":"Distraction","floor":19},{"not_picked":["Flechettes","Outmaneuver"],"picked":"Dash","floor":21},{"not_picked":["Acrobatics","Finisher"],"picked":"Predator+1","floor":27},{"not_picked":["Escape Plan+1","Sucker Punch"],"picked":"Burst","floor":28},{"not_picked":["Acrobatics","Flying Knee+1"],"picked":"Bane","floor":31},{"not_picked":["Footwork+1","Slice+1"],"picked":"Catalyst","floor":32},{"not_picked":["Doppelganger","A Thousand Cuts"],"picked":"Corpse Explosion","floor":33},{"not_picked":["Quick Slash+1","Backflip+1"],"picked":"Noxious Fumes","floor":35},{"not_picked":["Dagger Throw","Quick Slash+1"],"picked":"Backflip+1","floor":36},{"not_picked":["All Out Attack+1","Sucker Punch"],"picked":"Tactician+1","floor":37},{"not_picked":["Bane","Slice+1"],"picked":"Acrobatics+1","floor":41},{"not_picked":["Blade Dance+1","Dagger Spray+1"],"picked":"Infinite Blades+1","floor":42},{"not_picked":["Underhanded Strike+1","Crippling Poison+1"],"picked":"Envenom","floor":44},{"not_picked":["Sucker Punch+1","Slice"],"picked":"Prepared+1","floor":45}],"player_experience":41288,"relics_obtained":[{"floor":7,"key":"Nunchaku"},{"floor":9,"key":"Bottled Lightning"},{"floor":12,"key":"Oddly Smooth Stone"},{"floor":26,"key":"Shuriken"},{"floor":28,"key":"Juzu Bracelet"},{"floor":43,"key":"Gremlin Horn"}],"event_choices":[{"damage_healed":19,"gold_gain":0,"player_choice":"Healed","damage_taken":0,"max_hp_gain":0,"max_hp_loss":0,"event_name":"The Cleric","floor":8,"gold_loss":35},{"damage_healed":0,"gold_gain":0,"player_choice":"Got Potions","damage_taken":0,"max_hp_gain":0,"max_hp_loss":0,"event_name":"Lab","floor":10,"gold_loss":0},{"damage_healed":0,"gold_gain":0,"player_choice":"Read","damage_taken":0,"max_hp_gain":0,"max_hp_loss":0,"event_name":"The Library","floor":22,"gold_loss":0,"cards_obtained":["Bouncing Flask"]},{"damage_healed":0,"gold_gain":0,"player_choice":"Trade","damage_taken":0,"relics_obtained":["CultistMask"],"max_hp_gain":0,"max_hp_loss":0,"event_name":"FaceTrader","floor":23,"gold_loss":0},{"damage_healed":0,"gold_gain":0,"player_choice":"Became a vampire","damage_taken":0,"max_hp_gain":0,"max_hp_loss":24,"event_name":"Vampires","floor":29,"gold_loss":0,"cards_obtained":["Bite","Bite","Bite","Bite","Bite"]},{"cards_removed":["Injury"],"damage_healed":0,"gold_gain":0,"player_choice":"Gave Gold","damage_taken":0,"max_hp_gain":0,"max_hp_loss":0,"event_name":"Beggar","floor":30,"gold_loss":75},{"damage_healed":0,"gold_gain":0,"player_choice":"Rummage","damage_taken":0,"relics_obtained":["WarpedTongs"],"max_hp_gain":0,"max_hp_loss":0,"event_name":"Accursed Blacksmith","floor":39,"gold_loss":0,"cards_obtained":["Pain"]}],"is_beta":false,"boss_relics":[{"not_picked":["Lizard Tail","WristBlade"],"picked":"Cursed Key"},{"not_picked":["Tiny House","Fusion Hammer"],"picked":"Ring of the Serpent"}],"items_purged_floors":[],"is_endless":false,"potions_floor_spawned":[2,3,12,14,18,19,27,33,36,42],"killed_by":"Sphere and 2 Shapes","ascension_level":0}