{"gold_per_floor":[110,110,129,39,39,71,71,90,90,100,125,50,61,74,74,152,152,170,146,159,159,171,171,190,16,16,16,16,34,54,54,54,54],"floor_reached":33,"playtime":1593,"items_purged":["Strike_G"],"score":511,"play_id":"1447ce51-53cf-48bf-9b6c-4c824dec9fc0","local_time":"20190413155310","is_ascension_mode":true,"campfire_choices":[{"floor":7,"key":"REST"},{"floor":15,"key":"REST"},{"floor":23,"key":"REST"},{"data":"Concentrate","floor":28,"key":"SMITH"},{"floor":32,"key":"REST"}],"neow_cost":"NONE","seed_source_timestamp":310722169407860,"circlet_count":0,"master_deck":["AscendersBane","Defend_G","Defend_G+1","Defend_G","Defend_G","Defend_G","Strike_G","Strike_G","Strike_G+1","Strike_G","Survivor","Neutralize+1","Escape Plan","Tactician","Deflect","Dagger Throw","Terror","Blur","Dagger Throw","Footwork","Well Laid Plans","Grand Finale","Prepared","Footwork","Tactician+1","Concentrate+1","Adrenaline"],"relics":["Ring of the Snake","NeowsBlessing","Tough Bandages","Paper Crane","Darkstone Periapt","Busted Crown","Nilry\u0027s Codex","Dodecahedron"],"potions_floor_usage":[14,16,22,24,30,30,33],"damage_taken":[{"damage":0,"enemies":"Jaw Worm","floor":1,"turns":1},{"damage":0,"enemies":"Small Slimes","floor":3,"turns":1},{"damage":0,"enemies":"Lagavulin","floor":6,"turns":1},{"damage":0,"enemies":"Cultist","floor":8,"turns":4},{"damage":0,"enemies":"2 Fungi Beasts","floor":10,"turns":3},{"damage":35,"enemies":"3 Sentries","floor":11,"turns":15},{"damage":0,"enemies":"3 Louse","floor":13,"turns":3},{"damage":0,"enemies":"Large Slime","floor":14,"turns":6},{"damage":6,"enemies":"The Guardian","floor":16,"turns":14},{"damage":2,"enemies":"Shell Parasite","floor":18,"turns":8},{"damage":0,"enemies":"Chosen","floor":20,"turns":7},{"damage":10,"enemies":"Snake Plant","floor":22,"turns":6},{"damage":1,"enemies":"Shelled Parasite and Fungi","floor":24,"turns":8},{"damage":9,"enemies":"Chosen and Byrds","floor":29,"turns":9},{"damage":26,"enemies":"Cultist and Chosen","floor":30,"turns":7},{"damage":34,"enemies":"Collector","floor":33,"turns":5}],"seed_played":"173757351531200362","potions_obtained":[{"floor":3,"key":"FearPotion"},{"floor":8,"key":"GhostInAJar"},{"floor":14,"key":"Fire Potion"},{"floor":20,"key":"Poison Potion"},{"floor":22,"key":"GhostInAJar"},{"floor":29,"key":"Block Potion"},{"floor":30,"key":"PowerPotion"}],"is_trial":false,"path_per_floor":["M","?","M","$","?","E","R","M","T","M","E","$","M","M","R","B",null,"M","$","M","?","M","R","M","$","T","?","R","M","M","$","R","B"],"character_chosen":"THE_SILENT","items_purchased":["Tactician","Deflect","Prepared","Adrenaline"],"campfire_rested":4,"item_purchase_floors":[4,4,19,25],"current_hp_per_floor":[59,39,39,39,39,39,58,58,58,58,23,23,23,23,42,36,59,57,57,57,36,26,45,44,44,44,44,44,35,9,9,28,0],"gold":54,"neow_bonus":"THREE_ENEMY_KILL","is_prod":false,"is_daily":false,"chose_seed":false,"campfire_upgraded":1,"win_rate":0,"timestamp":1555185190,"path_taken":["M","?","M","$","?","E","R","M","T","M","E","?","M","?","R","BOSS","M","$","M","?","M","R","M","$","T","?","R","M","M","$","R","BOSS"],"build_version":"2019-01-23","purchased_purges":1,"victory":false,"max_hp_per_floor":[66,66,66,66,66,66,66,66,66,66,66,66,66,66,66,66,66,66,66,66,66,66,66,66,66,66,66,66,66,66,66,66,66],"card_choices":[{"not_picked":["Poisoned Stab","All Out Attack","Blade Dance"],"picked":"SKIP","floor":1},{"not_picked":["Outmaneuver","Bane"],"picked":"Escape Plan","floor":3},{"not_picked":["Envenom","Outmaneuver"],"picked":"Dagger Throw","floor":6},{"not_picked":["Blade Dance","Sucker Punch"],"picked":"Terror","floor":8},{"not_picked":["Cloak And Dagger","Poisoned Stab"],"picked":"Blur","floor":10},{"not_picked":["Eviscerate","Poisoned Stab"],"picked":"Dagger Throw","floor":11},{"not_picked":["PiercingWail","Deflect"],"picked":"Footwork","floor":13},{"not_picked":["Backflip","Die Die Die"],"picked":"Well Laid Plans","floor":14},{"not_picked":["Night Terror","Phantasmal Killer"],"picked":"Grand Finale","floor":16},{"not_picked":["Endless Agony"],"picked":"SKIP","floor":18},{"not_picked":[],"picked":"Footwork","floor":20},{"not_picked":[],"picked":"Tactician+1","floor":22},{"not_picked":[],"picked":"Concentrate","floor":24},{"not_picked":["Heel Hook"],"picked":"SKIP","floor":29},{"not_picked":["Bane"],"picked":"SKIP","floor":30}],"player_experience":573466,"relics_obtained":[{"floor":6,"key":"Tough Bandages"},{"floor":9,"key":"Paper Crane"},{"floor":11,"key":"Darkstone Periapt"},{"floor":21,"key":"Nilry\u0027s Codex"},{"floor":26,"key":"Dodecahedron"}],"event_choices":[{"damage_healed":0,"gold_gain":0,"player_choice":"Entered Light","damage_taken":20,"max_hp_gain":0,"max_hp_loss":0,"event_name":"Shining Light","floor":2,"gold_loss":0,"cards_upgraded":["Strike_G","Defend_G"]},{"damage_healed":0,"gold_gain":0,"player_choice":"Grow","damage_taken":0,"max_hp_gain":0,"max_hp_loss":0,"event_name":"Living Wall","floor":5,"gold_loss":0,"cards_upgraded":["Neutralize"]},{"damage_healed":0,"gold_gain":0,"player_choice":"Obtained Book","damage_taken":21,"max_hp_gain":0,"max_hp_loss":0,"event_name":"Cursed Tome","floor":21,"gold_loss":0},{"damage_healed":0,"gold_gain":0,"player_choice":"Ignored","damage_taken":0,"max_hp_gain":0,"max_hp_loss":0,"event_name":"Ghosts","floor":27,"gold_loss":0}],"is_beta":false,"boss_relics":[{"not_picked":["Ring of the Serpent","Black Star"],"picked":"Busted Crown"}],"items_purged_floors":[12],"is_endless":false,"potions_floor_spawned":[3,8,13,14,20,22,29,30],"killed_by":"Collector","ascension_level":16}