{"gold_per_floor":[362,441,452,69,89,114,114,114,138,138,138,138,173,196,196,294,294,318,154,154,179,212,224,236],"floor_reached":24,"playtime":862,"items_purged":["Shame"],"score":374,"play_id":"be192f88-8a42-4cd8-ab13-7cafe92122cc","local_time":"20190608010110","is_ascension_mode":true,"campfire_choices":[{"data":"Noxious Fumes","floor":7,"key":"SMITH"},{"floor":10,"key":"REST"},{"data":"Leg Sweep","floor":12,"key":"SMITH"},{"floor":15,"key":"REST"},{"floor":23,"key":"REST"}],"neow_cost":"CURSE","seed_source_timestamp":552859846291418,"circlet_count":0,"master_deck":["AscendersBane","Defend_G","Defend_G","Defend_G","Defend_G","Defend_G","Strike_G","Strike_G","Strike_G","Strike_G","Strike_G","Survivor","Neutralize","Backstab","Noxious Fumes+1","Leg Sweep+1","PiercingWail","Unload","Bouncing Flask","Noxious Fumes","Envenom","Well Laid Plans","Bullet Time","Backflip"],"relics":["Ring of the Serpent","Chemical X","Ancient Tea Set","Golden Idol","Snake Skull","Bag of Marbles","MawBank"],"potions_floor_usage":[6,6,18,24],"damage_taken":[{"damage":6,"enemies":"Small Slimes","floor":1,"turns":4},{"damage":0,"enemies":"2 Louse","floor":3,"turns":3},{"damage":2,"enemies":"Jaw Worm","floor":5,"turns":4},{"damage":24,"enemies":"Gremlin Nob","floor":6,"turns":5},{"damage":2,"enemies":"3 Sentries","floor":13,"turns":7},{"damage":17,"enemies":"Large Slime","floor":14,"turns":7},{"damage":17,"enemies":"Slime Boss","floor":16,"turns":8},{"damage":24,"enemies":"3 Byrds","floor":18,"turns":5},{"damage":8,"enemies":"2 Thieves","floor":22,"turns":4},{"damage":41,"enemies":"Cultist and Chosen","floor":24,"turns":5}],"seed_played":"-3101594731511301749","potions_obtained":[{"floor":1,"key":"PowerPotion"},{"floor":3,"key":"Block Potion"},{"floor":14,"key":"SteroidPotion"},{"floor":18,"key":"Dexterity Potion"}],"is_trial":false,"path_per_floor":["M","?","M","$","M","E","R","?","T","R","?","R","E","M","R","B",null,"M","$","?","T","M","R","M"],"character_chosen":"THE_SILENT","items_purchased":["Leg Sweep","Chemical X","Bullet Time"],"campfire_rested":3,"item_purchase_floors":[4,4,19],"current_hp_per_floor":[53,53,53,53,51,27,27,27,27,45,45,45,43,26,44,27,52,28,28,28,28,20,38,0],"gold":236,"neow_bonus":"TWO_FIFTY_GOLD","is_prod":false,"is_daily":false,"chose_seed":false,"campfire_upgraded":2,"win_rate":0,"timestamp":1559980870,"path_taken":["M","?","M","$","M","E","R","?","T","R","?","R","E","M","R","BOSS","M","$","?","?","M","R","M"],"build_version":"2019-01-23","purchased_purges":1,"victory":false,"max_hp_per_floor":[66,66,66,66,66,66,66,60,60,60,60,60,60,60,60,60,60,60,60,60,60,60,60,60],"card_choices":[{"not_picked":["Dagger Throw","Expertise"],"picked":"Backstab","floor":1},{"not_picked":["Blur","Acrobatics"],"picked":"Noxious Fumes","floor":3},{"not_picked":["Backflip","Underhanded Strike"],"picked":"PiercingWail","floor":5},{"not_picked":["Bouncing Flask","Calculated Gamble"],"picked":"Unload","floor":6},{"not_picked":["Sucker Punch","Dagger Throw"],"picked":"Bouncing Flask","floor":13},{"not_picked":["Cloak And Dagger","Poisoned Stab"],"picked":"Noxious Fumes","floor":14},{"not_picked":["Grand Finale","Tools of the Trade"],"picked":"Envenom","floor":16},{"not_picked":["Blur","Outmaneuver"],"picked":"Well Laid Plans","floor":18},{"not_picked":["Dagger Throw","Poisoned Stab"],"picked":"Backflip","floor":22}],"player_experience":984646,"relics_obtained":[{"floor":6,"key":"Ancient Tea Set"},{"floor":9,"key":"Snake Skull"},{"floor":13,"key":"Bag of Marbles"},{"floor":21,"key":"MawBank"}],"event_choices":[{"damage_healed":0,"gold_gain":79,"player_choice":"Gained Gold","damage_taken":0,"max_hp_gain":0,"max_hp_loss":0,"event_name":"Golden Wing","floor":2,"gold_loss":0},{"damage_healed":0,"gold_gain":0,"player_choice":"Lose Max HP","damage_taken":0,"relics_obtained":["Golden Idol"],"max_hp_gain":0,"max_hp_loss":6,"event_name":"Golden Idol","floor":8,"gold_loss":0},{"damage_healed":0,"gold_gain":0,"player_choice":"Searched \u00270\u0027 times","damage_taken":0,"max_hp_gain":0,"max_hp_loss":0,"event_name":"Dead Adventurer","floor":11,"gold_loss":0},{"damage_healed":0,"gold_gain":0,"player_choice":"Ignored","damage_taken":0,"max_hp_gain":0,"max_hp_loss":0,"event_name":"Cursed Tome","floor":20,"gold_loss":0}],"is_beta":false,"boss_relics":[{"not_picked":["Pandora\u0027s Box","Runic Pyramid"],"picked":"Ring of the Serpent"}],"items_purged_floors":[4],"is_endless":false,"potions_floor_spawned":[1,3,14,18],"killed_by":"Cultist and Chosen","ascension_level":17}