{"gold_per_floor":[119,119,83,103,103,103,136,150,197,197,217,217,261,279,279,375,375,329,348,348,373,5,5,18,43,67,67,67,67,67,88,88,88],"floor_reached":33,"playtime":1540,"items_purged":[],"score":475,"play_id":"22a39bce-4557-42fa-97f2-73c12c9ae685","local_time":"20190606200059","is_ascension_mode":true,"campfire_choices":[{"floor":6,"key":"REST"},{"data":"Impervious","floor":10,"key":"SMITH"},{"data":"Body Slam","floor":12,"key":"SMITH"},{"floor":15,"key":"REST"},{"floor":23,"key":"REST"},{"floor":27,"key":"REST"},{"floor":29,"key":"REST"},{"floor":32,"key":"REST"}],"neow_cost":"PERCENT_DAMAGE","seed_source_timestamp":447771329406289,"circlet_count":0,"master_deck":["AscendersBane","Strike_R","Strike_R","Strike_R","Strike_R","Defend_R","Defend_R","Defend_R","Bash","Impervious+1","Burning Pact","True Grit+1","Metallicize","Body Slam","Perfected Strike","Body Slam+1","Iron Wave","Spot Weakness","Impervious","Battle Trance","Entrench","J.A.X.","Ghostly Armor","Pommel Strike","Shockwave+1","Decay"],"relics":["Burning Blood","Golden Idol","Happy Flower","Oddly Smooth Stone","Mummified Hand","Fusion Hammer","Frozen Egg 2","Pen Nib"],"potions_floor_usage":[4,13,31,33],"damage_taken":[{"damage":19,"enemies":"Jaw Worm","floor":1,"turns":5},{"damage":19,"enemies":"Small Slimes","floor":4,"turns":5},{"damage":30,"enemies":"Lagavulin","floor":7,"turns":10},{"damage":0,"enemies":"2 Louse","floor":8,"turns":2},{"damage":0,"enemies":"2 Fungi Beasts","floor":11,"turns":3},{"damage":11,"enemies":"3 Sentries","floor":13,"turns":7},{"damage":10,"enemies":"Gremlin Gang","floor":14,"turns":5},{"damage":27,"enemies":"Hexaghost","floor":16,"turns":9},{"damage":12,"enemies":"2 Thieves","floor":18,"turns":5},{"damage":18,"enemies":"Shell Parasite","floor":19,"turns":4},{"damage":10,"enemies":"Centurion and Healer","floor":21,"turns":5},{"damage":17,"enemies":"Shelled Parasite and Fungi","floor":24,"turns":8},{"damage":18,"enemies":"Snecko","floor":25,"turns":4},{"damage":14,"enemies":"Centurion and Healer","floor":31,"turns":6},{"damage":87,"enemies":"Champ","floor":33,"turns":11}],"seed_played":"-6280806410317922635","potions_obtained":[{"floor":4,"key":"Fruit Juice"},{"floor":7,"key":"Fire Potion"},{"floor":11,"key":"SpeedPotion"},{"floor":13,"key":"SteroidPotion"},{"floor":31,"key":"Dexterity Potion"}],"is_trial":false,"path_per_floor":["M","?","$","M","?","R","E","M","T","R","M","R","E","M","R","B",null,"M","M","?","M","$","R","M","M","T","R","$","R","?","M","R","B"],"character_chosen":"IRONCLAD","items_purchased":["Metallicize","Frozen Egg 2","Ghostly Armor"],"campfire_rested":6,"item_purchase_floors":[3,22,22],"current_hp_per_floor":[37,37,37,29,29,50,26,32,32,32,38,38,33,29,50,29,61,55,43,43,39,39,60,49,37,37,58,58,72,72,64,72,0],"gold":88,"neow_bonus":"TRANSFORM_TWO_CARDS","is_prod":false,"is_daily":false,"chose_seed":false,"campfire_upgraded":2,"win_rate":0,"timestamp":1559876459,"path_taken":["M","?","$","M","?","R","E","M","T","R","M","R","E","M","R","BOSS","M","M","?","M","$","R","M","M","T","R","$","R","?","M","R","BOSS"],"build_version":"2019-01-23","purchased_purges":0,"victory":false,"max_hp_per_floor":[75,75,75,80,72,72,72,72,72,72,72,72,72,72,72,72,72,72,72,72,72,72,72,72,72,72,72,72,72,72,72,72,72],"card_choices":[{"not_picked":["Anger","Armaments"],"picked":"True Grit","floor":1},{"not_picked":["Hemokinesis","Heavy Blade"],"picked":"Body Slam","floor":4},{"not_picked":["Inflame","Berserk"],"picked":"Perfected Strike","floor":7},{"not_picked":["Pommel Strike","Warcry"],"picked":"Body Slam","floor":8},{"not_picked":["Wild Strike","Dropkick"],"picked":"Iron Wave","floor":11},{"not_picked":["Wild Strike","Clothesline"],"picked":"Spot Weakness","floor":13},{"not_picked":["Warcry","Brutality","Clash"],"picked":"SKIP","floor":14},{"not_picked":["Feed","Brutality"],"picked":"Impervious","floor":16},{"not_picked":["Seeing Red","Twin Strike"],"picked":"Battle Trance","floor":18},{"not_picked":["Pommel Strike","Dual Wield"],"picked":"Entrench","floor":19},{"not_picked":["Reckless Charge","Second Wind","Clash+1"],"picked":"SKIP","floor":21},{"not_picked":["Sever Soul+1","Battle Trance"],"picked":"Pommel Strike","floor":24},{"not_picked":["Anger","Wild Strike"],"picked":"Shockwave+1","floor":25},{"not_picked":["Sentinel","Headbutt","Hemokinesis"],"picked":"SKIP","floor":31}],"player_experience":958018,"relics_obtained":[{"floor":7,"key":"Happy Flower"},{"floor":9,"key":"Oddly Smooth Stone"},{"floor":13,"key":"Mummified Hand"},{"floor":26,"key":"Pen Nib"}],"event_choices":[{"damage_healed":0,"gold_gain":0,"player_choice":"Grow","damage_taken":0,"max_hp_gain":0,"max_hp_loss":0,"event_name":"Living Wall","floor":2,"gold_loss":0,"cards_upgraded":["True Grit"]},{"damage_healed":0,"gold_gain":0,"player_choice":"Lose Max HP","damage_taken":0,"relics_obtained":["Golden Idol"],"max_hp_gain":0,"max_hp_loss":8,"event_name":"Golden Idol","floor":5,"gold_loss":0},{"damage_healed":0,"gold_gain":0,"player_choice":"Obtain J.A.X.","damage_taken":0,"max_hp_gain":0,"max_hp_loss":0,"event_name":"Drug Dealer","floor":20,"gold_loss":0,"cards_obtained":["J.A.X."]},{"damage_healed":0,"gold_gain":0,"player_choice":"Cursed","damage_taken":0,"max_hp_gain":0,"max_hp_loss":0,"event_name":"Wheel of Change","floor":30,"gold_loss":0,"cards_obtained":["Decay"]}],"is_beta":false,"boss_relics":[{"not_picked":["Lizard Tail","Runic Pyramid"],"picked":"Fusion Hammer"}],"items_purged_floors":[],"is_endless":false,"potions_floor_spawned":[4,7,11,13,18,25,31],"killed_by":"Champ","ascension_level":17}