{"gold_per_floor":[218,233,248,248,259,293,293,322,322,355,355,355,370,370,370,471,471,488,500,299,299,299,299,327,327,353,365,408,431,443,248,248,353,353,370,388,210,229,0,25,41,61,111,127,2,2,2,2,2,2],"floor_reached":51,"playtime":2254,"items_purged":["Uppercut","Doubt","Parasite"],"score":959,"play_id":"56d8f7d1-3ca1-459e-8386-538bb61b2596","local_time":"20190204214741","is_ascension_mode":true,"campfire_choices":[{"floor":11,"key":"REST"},{"data":"Perfected Strike","floor":15,"key":"SMITH"},{"data":"RitualDagger","floor":23,"key":"SMITH"},{"floor":25,"key":"REST"},{"data":"Perfected Strike","floor":30,"key":"SMITH"},{"data":"Flame Barrier","floor":32,"key":"SMITH"},{"floor":46,"key":"REST"},{"floor":49,"key":"REST"}],"neow_cost":"NONE","seed_source_timestamp":391025923741035,"circlet_count":0,"master_deck":["Strike_R","Strike_R","Strike_R","Strike_R","Defend_R","Defend_R","Defend_R+1","Defend_R+1","Thunderclap","Perfected Strike+1","Cleave","Thunderclap","Perfected Strike+1","Shrug It Off","Bludgeon","Perfected Strike+1","Thunderclap","Flame Barrier+1","RitualDagger+1","Perfected Strike","Pommel Strike+1","Clash","Demon Form+1","Clumsy","Parasite","Shrug It Off","Armaments+1","Inflame+1","Shrug It Off+1","Double Tap","Disarm","Shrug It Off+1"],"relics":["Burning Blood","Happy Flower","Champion Belt","FossilizedHelix","Gremlin Horn","Frozen Egg 2","Sozu","Vajra","MawBank","Darkstone Periapt","Orichalcum","Calling Bell","Lantern","Pantograph","Pocketwatch","Red Mask","Question Card","Potion Belt","GremlinMask"],"potions_floor_usage":[6,8,10,33,33],"damage_taken":[{"damage":18,"enemies":"Jaw Worm","floor":1,"turns":4},{"damage":0,"enemies":"Small Slimes","floor":2,"turns":3},{"damage":1,"enemies":"Cultist","floor":3,"turns":3},{"damage":7,"enemies":"Looter","floor":5,"turns":4},{"damage":30,"enemies":"3 Sentries","floor":6,"turns":6},{"damage":24,"enemies":"Gremlin Nob","floor":8,"turns":3},{"damage":5,"enemies":"Lagavulin","floor":10,"turns":5},{"damage":1,"enemies":"Blue Slaver","floor":13,"turns":3},{"damage":0,"enemies":"Slime Boss","floor":16,"turns":8},{"damage":3,"enemies":"2 Thieves","floor":18,"turns":3},{"damage":29,"enemies":"3 Byrds","floor":19,"turns":5},{"damage":21,"enemies":"Slavers","floor":24,"turns":2},{"damage":0,"enemies":"Gremlin Leader","floor":28,"turns":4},{"damage":0,"enemies":"Snake Plant","floor":29,"turns":2},{"damage":31,"enemies":"Collector","floor":33,"turns":9},{"damage":0,"enemies":"3 Shapes","floor":35,"turns":2},{"damage":3,"enemies":"3 Darklings","floor":36,"turns":3},{"damage":0,"enemies":"Spire Growth","floor":38,"turns":3},{"damage":54,"enemies":"Reptomancer","floor":40,"turns":6},{"damage":0,"enemies":"Maw","floor":41,"turns":5},{"damage":15,"enemies":"Writhing Mass","floor":42,"turns":5},{"damage":0,"enemies":"3 Darklings","floor":44,"turns":4},{"damage":56,"enemies":"Time Eater","floor":50,"turns":12}],"seed_played":"-5514818163393824167","potions_obtained":[{"floor":1,"key":"EssenceOfSteel"},{"floor":5,"key":"LiquidBronze"},{"floor":8,"key":"Energy Potion"},{"floor":10,"key":"Poison Potion"},{"floor":16,"key":"Swift Potion"}],"is_trial":false,"path_per_floor":["M","M","M","?","M","E","?","E","T","E","R","T","M","?","R","B",null,"M","M","$","?","?","R","E","R","T","?","E","M","R","$","R","B",null,"M","M","$","M","?","E","M","M","T","M","$","R","?","?","R","B",null],"character_chosen":"IRONCLAD","items_purchased":["Thunderclap","Flame Barrier","Clash","Orichalcum","Inflame+1"],"campfire_rested":4,"item_purchase_floors":[20,20,31,31,37],"current_hp_per_floor":[68,74,79,79,78,54,38,20,20,21,45,45,50,50,50,56,80,80,57,57,57,51,51,36,60,60,60,66,72,72,72,72,47,98,98,98,98,98,98,50,56,53,53,59,59,89,89,89,101,51],"gold":2,"neow_bonus":"HUNDRED_GOLD","is_prod":false,"is_daily":false,"chose_seed":false,"campfire_upgraded":4,"win_rate":0,"timestamp":1549334861,"path_taken":["M","M","M","?","M","E","?","E","T","E","R","?","M","?","R","BOSS","M","?","$","?","?","R","E","R","T","?","E","M","R","$","R","BOSS","M","M","$","M","?","E","M","M","T","M","$","R","?","?","R","BOSS"],"build_version":"2019-01-23","purchased_purges":3,"victory":true,"max_hp_per_floor":[80,80,80,80,80,80,80,80,80,80,80,80,80,80,80,80,80,80,80,80,80,80,80,80,80,80,80,80,80,80,80,80,80,98,98,98,98,98,98,98,98,104,104,104,101,101,101,101,101,101],"card_choices":[{"not_picked":["Sentinel","Havoc"],"picked":"Thunderclap","floor":1},{"not_picked":["Bloodletting","Wild Strike"],"picked":"Perfected Strike","floor":2},{"not_picked":["Entrench","Offering"],"picked":"Cleave","floor":3},{"not_picked":["Twin Strike","Bloodletting"],"picked":"Thunderclap","floor":5},{"not_picked":["Anger","Havoc"],"picked":"Uppercut","floor":6},{"not_picked":["Heavy Blade","Cleave"],"picked":"Perfected Strike","floor":8},{"not_picked":["Rage","Clothesline"],"picked":"Shrug It Off","floor":10},{"not_picked":["Twin Strike","Seeing Red"],"picked":"Bludgeon","floor":13},{"not_picked":["Body Slam","Sentinel"],"picked":"Perfected Strike","floor":18},{"not_picked":["True Grit","Fire Breathing+1","Intimidate"],"picked":"SKIP","floor":19},{"not_picked":["Twin Strike","Dark Embrace+1"],"picked":"Perfected Strike","floor":24},{"not_picked":["Twin Strike","Anger","Sentinel"],"picked":"SKIP","floor":28},{"not_picked":["Twin Strike","Warcry"],"picked":"Pommel Strike+1","floor":29},{"not_picked":["Immolate","Dark Embrace+1"],"picked":"Demon Form+1","floor":33},{"not_picked":["Warcry+1","Flex+1"],"picked":"Shrug It Off","floor":35},{"not_picked":["Headbutt+1","Perfected Strike+1"],"picked":"Armaments+1","floor":36},{"not_picked":["Burning Pact","Second Wind"],"picked":"Shrug It Off+1","floor":38},{"not_picked":["Dark Embrace+1","Second Wind"],"picked":"Double Tap","floor":40},{"not_picked":["Fire Breathing+1","Anger+1","Shrug It Off"],"picked":"Disarm","floor":41},{"not_picked":["Blood for Blood+1","Combust+1","Pommel Strike+1","Fire Breathing+1"],"picked":"SKIP","floor":42},{"not_picked":["Sever Soul","Rage+1","Clothesline+1"],"picked":"Shrug It Off+1","floor":44}],"player_experience":158693,"relics_obtained":[{"floor":6,"key":"Happy Flower"},{"floor":8,"key":"Champion Belt"},{"floor":9,"key":"FossilizedHelix"},{"floor":10,"key":"Gremlin Horn"},{"floor":12,"key":"Frozen Egg 2"},{"floor":24,"key":"Vajra"},{"floor":26,"key":"MawBank"},{"floor":28,"key":"Darkstone Periapt"},{"floor":34,"key":"Lantern"},{"floor":34,"key":"Pantograph"},{"floor":34,"key":"Pocketwatch"},{"floor":40,"key":"Question Card"},{"floor":43,"key":"Potion Belt"}],"event_choices":[{"damage_healed":0,"gold_gain":0,"player_choice":"Ignored","damage_taken":0,"max_hp_gain":0,"max_hp_loss":0,"event_name":"Liars Game","floor":4,"gold_loss":0},{"damage_healed":0,"gold_gain":0,"player_choice":"Entered Light","damage_taken":16,"max_hp_gain":0,"max_hp_loss":0,"event_name":"Shining Light","floor":7,"gold_loss":0,"cards_upgraded":["Defend_R","Defend_R"]},{"damage_healed":0,"gold_gain":0,"player_choice":"Forge","damage_taken":0,"max_hp_gain":0,"max_hp_loss":0,"event_name":"Accursed Blacksmith","floor":14,"gold_loss":0,"cards_upgraded":["Perfected Strike"]},{"cards_removed":["Bash"],"damage_healed":0,"gold_gain":0,"player_choice":"Elegance","damage_taken":0,"max_hp_gain":0,"max_hp_loss":0,"event_name":"Back to Basics","floor":21,"gold_loss":0},{"damage_healed":0,"gold_gain":0,"player_choice":"Joined the Cult","damage_taken":6,"max_hp_gain":0,"max_hp_loss":0,"event_name":"Nest","floor":22,"gold_loss":0,"cards_obtained":["RitualDagger"]},{"damage_healed":0,"gold_gain":0,"player_choice":"Ignored","damage_taken":0,"max_hp_gain":0,"max_hp_loss":0,"event_name":"Vampires","floor":27,"gold_loss":0},{"damage_healed":0,"gold_gain":0,"player_choice":"Paid","damage_taken":0,"relics_obtained":["Red Mask"],"max_hp_gain":0,"max_hp_loss":0,"event_name":"Tomb of Lord Red Mask","floor":39,"gold_loss":229},{"cards_removed":["Strike_R"],"damage_healed":0,"gold_gain":0,"player_choice":"Removed Attack","damage_taken":0,"max_hp_gain":0,"max_hp_loss":0,"event_name":"Falling","floor":47,"gold_loss":0},{"damage_healed":0,"gold_gain":0,"player_choice":"Trade","damage_taken":0,"relics_obtained":["GremlinMask"],"max_hp_gain":0,"max_hp_loss":0,"event_name":"FaceTrader","floor":48,"gold_loss":0}],"is_beta":false,"boss_relics":[{"not_picked":["Runic Pyramid","Coffee Dripper"],"picked":"Sozu"},{"not_picked":["Runic Dome","Black Star"],"picked":"Calling Bell"}],"items_purged_floors":[20,37,45],"is_endless":false,"potions_floor_spawned":[1,5,8,10,16,24,29,33,38,42],"ascension_level":2}