{"gold_per_floor":[118,118,136,146,146,146,171,171,195,228,238,254,254,254,254,254],"floor_reached":16,"playtime":500,"items_purged":[],"score":187,"play_id":"e3f19d5a-c030-457a-bd48-cec1abae9c9b","local_time":"20190126103738","is_ascension_mode":true,"campfire_choices":[{"data":"Pommel Strike","floor":6,"key":"SMITH"},{"data":"Shrug It Off","floor":8,"key":"SMITH"},{"data":"Body Slam","floor":13,"key":"SMITH"},{"data":"Limit Break","floor":15,"key":"SMITH"}],"neow_cost":"NONE","seed_source_timestamp":1015605173470814,"circlet_count":0,"master_deck":["AscendersBane","Strike_R","Strike_R","Strike_R","Strike_R","Strike_R","Defend_R","Defend_R","Defend_R","Defend_R","Bash","Pommel Strike+1","Shrug It Off+1","Metallicize+1","Pommel Strike","Limit Break+1","Body Slam+1"],"relics":["Burning Blood","NeowsBlessing","FaceOfCleric","Orichalcum","Anchor","Ornamental Fan","Sundial"],"potions_floor_usage":[10,10,16,16],"damage_taken":[{"damage":0,"enemies":"Small Slimes","floor":1,"turns":1},{"damage":0,"enemies":"Cultist","floor":3,"turns":1},{"damage":0,"enemies":"Jaw Worm","floor":4,"turns":1},{"damage":32,"enemies":"Gremlin Nob","floor":7,"turns":5},{"damage":21,"enemies":"Lagavulin","floor":10,"turns":7},{"damage":0,"enemies":"Looter","floor":11,"turns":3},{"damage":5,"enemies":"Red Slaver","floor":12,"turns":5},{"damage":79,"enemies":"The Guardian","floor":16,"turns":14}],"seed_played":"4334901674386721846","potions_obtained":[{"floor":1,"key":"BloodPotion"},{"floor":7,"key":"SteroidPotion"},{"floor":10,"key":"AttackPotion"},{"floor":11,"key":"Swift Potion"}],"is_trial":false,"path_per_floor":["M","?","M","M","?","R","E","R","T","E","M","M","R","T","R","B"],"character_chosen":"IRONCLAD","items_purchased":[],"campfire_rested":0,"item_purchase_floors":[],"current_hp_per_floor":[74,74,76,77,77,77,52,52,52,45,52,54,54,54,54,0],"gold":254,"neow_bonus":"THREE_ENEMY_KILL","is_prod":false,"is_daily":false,"chose_seed":false,"campfire_upgraded":4,"win_rate":0,"timestamp":1548527858,"path_taken":["M","?","?","M","?","R","E","R","T","E","M","M","R","?","R","BOSS"],"build_version":"2019-01-23","purchased_purges":0,"victory":false,"max_hp_per_floor":[75,75,76,77,77,77,78,78,78,79,80,81,81,81,81,81],"card_choices":[{"not_picked":["Pummel","Flex"],"picked":"Pommel Strike","floor":1},{"not_picked":["Thunderclap","Flex"],"picked":"Shrug It Off","floor":3},{"not_picked":["Shrug It Off","Dropkick"],"picked":"Metallicize","floor":4},{"not_picked":["Infernal Blade","Dropkick"],"picked":"Pommel Strike","floor":7},{"not_picked":["Perfected Strike","Clash"],"picked":"Limit Break","floor":10},{"not_picked":["Iron Wave","Heavy Blade","Entrench"],"picked":"SKIP","floor":11},{"not_picked":["Wild Strike","Seeing Red"],"picked":"Body Slam","floor":12}],"player_experience":827956,"relics_obtained":[{"floor":7,"key":"Orichalcum"},{"floor":9,"key":"Anchor"},{"floor":10,"key":"Ornamental Fan"},{"floor":14,"key":"Sundial"}],"event_choices":[{"damage_healed":0,"gold_gain":0,"player_choice":"Trade","damage_taken":0,"relics_obtained":["FaceOfCleric"],"max_hp_gain":0,"max_hp_loss":0,"event_name":"FaceTrader","floor":2,"gold_loss":0},{"damage_healed":0,"gold_gain":0,"player_choice":"Grow","damage_taken":0,"max_hp_gain":0,"max_hp_loss":0,"event_name":"Living Wall","floor":5,"gold_loss":0,"cards_upgraded":["Metallicize"]}],"is_beta":false,"boss_relics":[],"items_purged_floors":[],"is_endless":false,"potions_floor_spawned":[1,7,10,11],"killed_by":"The Guardian","ascension_level":14}