{"gold_per_floor":[112,130,17,35,35,45,45,78,78,78,111,111,90,42,42,138,138,149,166,12,12,112,112,18,117,170,170,183,233,233,252,252,353,353,371,96,106,55,55,80,80,94,94,94,110,110,123,141,141,141],"floor_reached":51,"playtime":3491,"items_purged":["Defend_B","Strike_B","Static Discharge+1"],"score":658,"play_id":"001e2fdf-7542-4a1c-a845-ebe911e577ce","local_time":"20190616215215","is_ascension_mode":false,"campfire_choices":[{"data":"Static Discharge","floor":7,"key":"SMITH"},{"floor":12,"key":"REST"},{"data":"Conserve Battery","floor":15,"key":"SMITH"},{"floor":23,"key":"REST"},{"data":"Loop","floor":27,"key":"SMITH"},{"data":"Dualcast","floor":30,"key":"SMITH"},{"floor":32,"key":"REST"},{"data":"Leap","floor":41,"key":"SMITH"},{"floor":49,"key":"REST"}],"neow_cost":"NONE","seed_source_timestamp":768427376932340,"circlet_count":0,"master_deck":["Defend_B","Defend_B","Defend_B","Zap+1","Dualcast+1","Conserve Battery+1","Defragment+1","Leap+1","Coolheaded+1","Darkness+1","Stack+1","Multi-Cast+1","FTL+1","Conserve Battery+1","Auto Shields+1","Redo+1","Turbo+1","Loop+1","Redo+1","Compile Driver+1","Loop+1","Defragment","Hologram+1"],"relics":["Cracked Core","Bag of Marbles","Dream Catcher","Toxic Egg 2","Runic Pyramid","Girya","Molten Egg 2","Tiny Chest","Empty Cage","Anchor","Prayer Wheel","Gremlin Horn","Nunchaku"],"potions_floor_usage":[4,19,28,42,42,45],"damage_taken":[{"damage":0,"enemies":"Cultist","floor":1,"turns":3},{"damage":1,"enemies":"Jaw Worm","floor":2,"turns":4},{"damage":0,"enemies":"2 Louse","floor":4,"turns":1},{"damage":0,"enemies":"Large Slime","floor":6,"turns":4},{"damage":23,"enemies":"Lagavulin","floor":8,"turns":5},{"damage":16,"enemies":"3 Sentries","floor":11,"turns":5},{"damage":23,"enemies":"Slime Boss","floor":16,"turns":9},{"damage":0,"enemies":"Spheric Guardian","floor":18,"turns":4},{"damage":8,"enemies":"2 Thieves","floor":19,"turns":4},{"damage":22,"enemies":"Colosseum Slavers","floor":22,"turns":3},{"damage":17,"enemies":"Colosseum Nobs","floor":22,"turns":4},{"damage":0,"enemies":"Centurion and Healer","floor":28,"turns":4},{"damage":9,"enemies":"Shelled Parasite and Fungi","floor":31,"turns":3},{"damage":13,"enemies":"Automaton","floor":33,"turns":7},{"damage":0,"enemies":"Orb Walker","floor":35,"turns":4},{"damage":5,"enemies":"3 Darklings","floor":37,"turns":5},{"damage":7,"enemies":"Nemesis","floor":40,"turns":7},{"damage":44,"enemies":"Jaw Worm Horde","floor":42,"turns":5},{"damage":0,"enemies":"4 Shapes","floor":45,"turns":3},{"damage":11,"enemies":"Transient","floor":47,"turns":5},{"damage":0,"enemies":"Maw","floor":48,"turns":6},{"damage":24,"enemies":"Awakened One","floor":50,"turns":8}],"seed_played":"-5660995603192218761","potions_obtained":[{"floor":1,"key":"FearPotion"},{"floor":16,"key":"Swift Potion"},{"floor":22,"key":"GamblersBrew"},{"floor":35,"key":"LiquidBronze"},{"floor":37,"key":"LiquidBronze"},{"floor":42,"key":"PowerPotion"}],"is_trial":false,"path_per_floor":["M","M","$","M","?","M","R","E","T","?","E","R","?","$","R","B",null,"M","M","$","?","?","R","$","?","T","R","M","?","R","M","R","B",null,"M","$","M","$","T","E","R","M","T","$","M","?","M","M","R","B",null],"character_chosen":"DEFECT","items_purchased":["Static Discharge","Stack+1","Conserve Battery+1","Turbo+1","Loop","Anchor","Compile Driver+1"],"campfire_rested":4,"item_purchase_floors":[3,14,20,24,24,36,38],"current_hp_per_floor":[75,74,74,74,74,74,74,51,51,51,35,57,57,57,57,34,75,75,67,67,67,28,50,50,50,50,50,50,50,50,41,63,50,75,75,75,70,70,70,63,63,19,19,19,19,19,8,8,30,6],"gold":141,"neow_bonus":"UPGRADE_CARD","is_prod":false,"is_daily":false,"chose_seed":false,"campfire_upgraded":5,"win_rate":0,"timestamp":1560747135,"path_taken":["M","M","$","M","?","M","R","E","T","?","E","R","?","$","R","BOSS","M","M","$","?","?","R","$","?","T","R","M","?","R","M","R","BOSS","M","$","M","?","?","E","R","M","T","?","?","?","M","M","R","BOSS"],"build_version":"2019-01-23","purchased_purges":3,"victory":true,"max_hp_per_floor":[75,75,75,75,75,75,75,75,75,75,75,75,75,75,75,75,75,75,75,75,75,75,75,75,75,75,75,75,75,75,75,75,75,75,75,75,75,75,75,75,75,75,75,75,75,75,75,75,75,75],"card_choices":[{"not_picked":["Reinforced Body","Beam Cell"],"picked":"Conserve Battery","floor":1},{"not_picked":["Redo","Beam Cell"],"picked":"Defragment","floor":2},{"not_picked":["Streamline","Cold Snap","Rebound"],"picked":"SKIP","floor":4},{"not_picked":["Conserve Battery","Machine Learning","Barrage"],"picked":"SKIP","floor":6},{"not_picked":["Beam Cell","Go for the Eyes"],"picked":"Leap","floor":8},{"not_picked":["Leap","Skim"],"picked":"Coolheaded","floor":11},{"not_picked":["Coolheaded+1","Tempest+1"],"picked":"Darkness+1","floor":12},{"not_picked":["Creative AI","Electrodynamics"],"picked":"Multi-Cast+1","floor":16},{"not_picked":["Leap+1","Sweeping Beam","Gash+1"],"picked":"SKIP","floor":18},{"not_picked":["Rip and Tear","Go for the Eyes"],"picked":"FTL+1","floor":19},{"not_picked":["Doom and Gloom","Beam Cell+1"],"picked":"Auto Shields+1","floor":22},{"not_picked":["Turbo+1","Meteor Strike+1"],"picked":"Redo+1","floor":23},{"not_picked":["Leap+1","White Noise+1","Lockon+1"],"picked":"SKIP","floor":28},{"not_picked":["Hello World+1","Tempest+1"],"picked":"Redo+1","floor":31},{"not_picked":["Storm","Sunder+1","Gash+1"],"picked":"SKIP","floor":35},{"not_picked":["Beam Cell+1","Cold Snap+1","Steam+1"],"picked":"SKIP","floor":37},{"not_picked":["Beam Cell+1","Cold Snap+1","Steam+1"],"picked":"SKIP","floor":37},{"not_picked":["Rip and Tear+1","Sunder+1"],"picked":"Loop+1","floor":40},{"not_picked":["Redo+1","Hologram+1","Conserve Battery+1"],"picked":"SKIP","floor":42},{"not_picked":["Streamline+1","Meteor Strike+1","Rebound+1"],"picked":"SKIP","floor":42},{"not_picked":["Sweeping Beam+1","Storm+1","Turbo+1"],"picked":"SKIP","floor":45},{"not_picked":["Compile Driver+1","Turbo+1","Blizzard+1"],"picked":"SKIP","floor":45},{"not_picked":["Sweeping Beam+1","Storm+1","Turbo+1"],"picked":"SKIP","floor":45},{"not_picked":["Compile Driver+1","Turbo+1","Blizzard+1"],"picked":"SKIP","floor":45},{"not_picked":["Cold Snap+1","Steam Power+1","Ball Lightning+1"],"picked":"SKIP","floor":47},{"not_picked":["Sweeping Beam+1","Barrage+1","Coolheaded+1"],"picked":"SKIP","floor":47},{"not_picked":["Recycle+1","Ball Lightning+1"],"picked":"Defragment","floor":48},{"not_picked":["Redo+1","Barrage+1","Sweeping Beam+1"],"picked":"SKIP","floor":48},{"not_picked":["Reprogram+1","Steam Power+1"],"picked":"Hologram+1","floor":49}],"player_experience":421192,"relics_obtained":[{"floor":8,"key":"Bag of Marbles"},{"floor":9,"key":"Dream Catcher"},{"floor":11,"key":"Toxic Egg 2"},{"floor":22,"key":"Girya"},{"floor":22,"key":"Molten Egg 2"},{"floor":26,"key":"Tiny Chest"},{"floor":39,"key":"Prayer Wheel"},{"floor":40,"key":"Gremlin Horn"},{"floor":43,"key":"Nunchaku"}],"event_choices":[{"damage_healed":0,"gold_gain":0,"player_choice":"Grow","damage_taken":0,"max_hp_gain":0,"max_hp_loss":0,"event_name":"Living Wall","floor":5,"gold_loss":0,"cards_upgraded":["Defragment"]},{"damage_healed":0,"gold_gain":0,"player_choice":"Ignored","damage_taken":0,"max_hp_gain":0,"max_hp_loss":0,"event_name":"Golden Idol","floor":10,"gold_loss":0},{"damage_healed":0,"gold_gain":0,"player_choice":"Left Gold","damage_taken":0,"max_hp_gain":0,"max_hp_loss":0,"event_name":"World of Goop","floor":13,"gold_loss":21},{"damage_healed":0,"gold_gain":0,"player_choice":"Ignored","damage_taken":0,"max_hp_gain":0,"max_hp_loss":0,"event_name":"The Mausoleum","floor":21,"gold_loss":0},{"damage_healed":0,"gold_gain":0,"player_choice":"Fight","damage_taken":0,"max_hp_gain":0,"max_hp_loss":0,"event_name":"Colosseum","floor":22,"gold_loss":0},{"damage_healed":0,"gold_gain":0,"player_choice":"Fought Nobs","damage_taken":0,"max_hp_gain":0,"max_hp_loss":0,"event_name":"Colosseum","floor":22,"gold_loss":0},{"damage_healed":0,"gold_gain":99,"player_choice":"Stole From Cult","damage_taken":0,"max_hp_gain":0,"max_hp_loss":0,"event_name":"Nest","floor":25,"gold_loss":0},{"damage_healed":0,"gold_gain":100,"player_choice":"Bet on Murderer","damage_taken":0,"max_hp_gain":0,"max_hp_loss":0,"event_name":"The Joust","floor":29,"gold_loss":50},{"cards_removed":["Strike_B"],"damage_healed":0,"gold_gain":0,"player_choice":"Purged","damage_taken":0,"max_hp_gain":0,"max_hp_loss":0,"event_name":"Purifier","floor":46,"gold_loss":0}],"is_beta":false,"boss_relics":[{"not_picked":["FrozenCore","Busted Crown"],"picked":"Runic Pyramid"},{"not_picked":["Calling Bell","Eternal Feather"],"picked":"Empty Cage"}],"items_purged_floors":[3,20,36],"is_endless":false,"potions_floor_spawned":[1,16,22,35,37,42],"ascension_level":0}