{"gold_per_floor":[115,134,134,146,158,170,215,247,332,378,409,440,452,464,476,488],"floor_reached":16,"playtime":404,"items_purged":[],"score":213,"play_id":"08872dfa-c1d0-4459-aecc-06e1f4d36573","local_time":"20181115225533","is_ascension_mode":true,"campfire_choices":[{"data":"Self Repair","floor":6,"key":"SMITH"},{"data":"Reinforced Body","floor":13,"key":"SMITH"},{"floor":15,"key":"REST"}],"neow_cost":"NONE","seed_source_timestamp":17182339130730,"circlet_count":0,"master_deck":["AscendersBane","Strike_B","Strike_B","Strike_B","Strike_B","Defend_B","Defend_B","Defend_B","Defend_B","Zap","Dualcast","Self Repair+1","Compile Driver","Reinforced Body+1","Stack","Core Surge+1","FTL+1","Rip and Tear+1"],"relics":["Cracked Core","NeowsBlessing","MawBank","Art of War","Odd Mushroom","Molten Egg 2","Regal Pillow","Golden Idol"],"potions_floor_usage":[8,8],"damage_taken":[{"damage":0,"enemies":"2 Louse","floor":1,"turns":1},{"damage":0,"enemies":"Jaw Worm","floor":2,"turns":1},{"damage":0,"enemies":"3 Sentries","floor":7,"turns":1},{"damage":23,"enemies":"The Mushroom Lair","floor":8,"turns":4},{"damage":35,"enemies":"Lagavulin","floor":10,"turns":8},{"damage":7,"enemies":"Small Slimes","floor":11,"turns":2},{"damage":14,"enemies":"3 Louse","floor":12,"turns":4},{"damage":62,"enemies":"Hexaghost","floor":16,"turns":9}],"seed_played":"198333141265832340","potions_obtained":[{"floor":1,"key":"Poison Potion"},{"floor":7,"key":"LiquidBronze"},{"floor":10,"key":"Ancient Potion"}],"is_trial":false,"path_per_floor":["M","M","?","$","?","R","E","?","T","E","M","M","R","?","R","B"],"character_chosen":"DEFECT","items_purchased":[],"campfire_rested":1,"item_purchase_floors":[],"current_hp_per_floor":[68,75,63,63,75,75,75,62,62,37,30,26,26,26,61,0],"gold":488,"neow_bonus":"THREE_ENEMY_KILL","is_prod":false,"is_daily":false,"chose_seed":false,"campfire_upgraded":2,"win_rate":0,"timestamp":1542351333,"path_taken":["M","M","?","$","?","R","E","?","T","E","M","M","R","?","R","BOSS"],"build_version":"2018-11-15","purchased_purges":0,"victory":false,"max_hp_per_floor":[75,75,75,75,75,75,75,75,75,75,75,75,75,69,69,69],"card_choices":[{"not_picked":["Capacitor","Compile Driver"],"picked":"Self Repair","floor":1},{"not_picked":["Reprogram","Stack"],"picked":"Compile Driver","floor":2},{"not_picked":["Coolheaded","Blizzard"],"picked":"Reinforced Body","floor":7},{"not_picked":["Compile Driver","Beam Cell"],"picked":"Stack","floor":8},{"not_picked":["Turbo","Recycle"],"picked":"Core Surge+1","floor":10},{"not_picked":["Cold Snap+1","Darkness"],"picked":"FTL+1","floor":11},{"not_picked":["Sweeping Beam+1","Darkness"],"picked":"Rip and Tear+1","floor":12}],"player_experience":731440,"relics_obtained":[{"floor":7,"key":"Art of War"},{"floor":8,"key":"Odd Mushroom"},{"floor":9,"key":"Molten Egg 2"},{"floor":10,"key":"Regal Pillow"}],"event_choices":[{"damage_healed":0,"gold_gain":0,"player_choice":"Success","damage_taken":12,"relics_obtained":["MawBank"],"max_hp_gain":0,"max_hp_loss":0,"event_name":"Scrap Ooze","floor":3,"gold_loss":0},{"damage_healed":25,"gold_gain":0,"player_choice":"Banana","damage_taken":0,"max_hp_gain":0,"max_hp_loss":0,"event_name":"Big Fish","floor":5,"gold_loss":0},{"damage_healed":0,"gold_gain":0,"player_choice":"Fought Mushrooms","damage_taken":0,"max_hp_gain":0,"max_hp_loss":0,"event_name":"Mushrooms","floor":8,"gold_loss":0},{"damage_healed":0,"gold_gain":0,"player_choice":"Lose Max HP","damage_taken":0,"relics_obtained":["Golden Idol"],"max_hp_gain":0,"max_hp_loss":6,"event_name":"Golden Idol","floor":14,"gold_loss":0}],"is_beta":false,"boss_relics":[],"items_purged_floors":[],"is_endless":false,"potions_floor_spawned":[1,7,10],"killed_by":"Hexaghost","ascension_level":12}