{"gold_per_floor":[10,285,30,30,105,105,105,105,158,83,99,109,127,141,141,238,238,250,269,269,269,86,86,86,86,135,152,163,175,195,208,208,208],"floor_reached":33,"playtime":1035,"items_purged":["Regret","Decay"],"score":239,"play_id":"ab0707d1-b348-451c-853a-a2ca073356ba","local_time":"20190501145216","is_ascension_mode":false,"campfire_choices":[{"data":"Beam Cell","floor":6,"key":"SMITH"},{"data":"Zap","floor":8,"key":"SMITH"},{"data":"Scrape","floor":15,"key":"SMITH"},{"data":"Creative AI","floor":24,"key":"SMITH"},{"floor":32,"key":"REST"}],"neow_cost":"NO_GOLD","seed_source_timestamp":240589422079444,"circlet_count":0,"master_deck":["Strike_B","Strike_B","Defend_B","Defend_B","Defend_B","Defend_B","Zap+1","Dualcast","Beam Cell+1","Leap","Sweeping Beam","Scrape+1","Creative AI+1","Heatsinks","Leap+1","Finesse+1","RitualDagger","Sunder","Electrodynamics","Darkness+1"],"relics":["Cracked Core","Toxic Egg 2","Cables","Lantern","Bag of Marbles","Philosopher\u0027s Stone","Bronze Scales"],"potions_floor_usage":[16,16,19,27,29,29,30,31],"damage_taken":[{"damage":1,"enemies":"Jaw Worm","floor":1,"turns":3},{"damage":0,"enemies":"Cultist","floor":11,"turns":3},{"damage":0,"enemies":"Small Slimes","floor":12,"turns":3},{"damage":0,"enemies":"Looter","floor":13,"turns":3},{"damage":0,"enemies":"Large Slime","floor":14,"turns":3},{"damage":16,"enemies":"Slime Boss","floor":16,"turns":10},{"damage":17,"enemies":"3 Byrds","floor":18,"turns":5},{"damage":0,"enemies":"Shell Parasite","floor":19,"turns":5},{"damage":19,"enemies":"Snake Plant","floor":27,"turns":3},{"damage":31,"enemies":"3 Cultists","floor":28,"turns":5},{"damage":0,"enemies":"Snecko","floor":29,"turns":5},{"damage":0,"enemies":"Snake Plant","floor":30,"turns":2},{"damage":0,"enemies":"Chosen and Byrds","floor":31,"turns":4},{"damage":35,"enemies":"Collector","floor":33,"turns":6}],"seed_played":"3097943513088865647","potions_obtained":[{"floor":1,"key":"Ancient Potion"},{"floor":11,"key":"Poison Potion"},{"floor":13,"key":"Swift Potion"},{"floor":16,"key":"EssenceOfSteel"},{"floor":18,"key":"SkillPotion"},{"floor":19,"key":"AttackPotion"},{"floor":29,"key":"SteroidPotion"},{"floor":30,"key":"SneckoOil"}],"is_trial":false,"path_per_floor":["M","?","$","?","T","R","?","R","T","$","M","M","M","M","R","B",null,"M","M","?","?","$","?","R","$","T","M","M","M","M","M","R","B"],"character_chosen":"DEFECT","items_purchased":["Toxic Egg 2","Finesse+1"],"campfire_rested":1,"item_purchase_floors":[3,22],"current_hp_per_floor":[74,74,74,74,74,74,71,71,71,71,71,71,71,71,71,55,75,58,58,58,58,58,52,52,52,52,33,2,2,2,2,24,0],"gold":208,"neow_bonus":"TRANSFORM_TWO_CARDS","is_prod":false,"is_daily":false,"chose_seed":false,"campfire_upgraded":4,"win_rate":0,"timestamp":1556736736,"path_taken":["M","?","?","?","?","R","?","R","T","$","M","M","M","M","R","BOSS","M","M","?","?","$","?","R","?","T","M","M","M","M","M","R","BOSS"],"build_version":"2019-01-23","purchased_purges":2,"victory":false,"max_hp_per_floor":[75,75,75,75,75,75,75,75,75,75,75,75,75,75,75,75,75,75,75,75,75,75,75,75,75,75,75,75,75,75,75,75,75],"card_choices":[{"not_picked":["Lockon","Compile Driver","Rebound"],"picked":"SKIP","floor":1},{"not_picked":["Blizzard","Stack+1","Gash"],"picked":"SKIP","floor":11},{"not_picked":["Capacitor","Scrape","Stack+1"],"picked":"SKIP","floor":12},{"not_picked":["Force Field+1","Buffer"],"picked":"Sweeping Beam","floor":13},{"not_picked":["Turbo+1","Beam Cell"],"picked":"Scrape","floor":14},{"not_picked":["Seek+1","Multi-Cast+1"],"picked":"Creative AI","floor":16},{"not_picked":["Steam+1","Reinforced Body+1"],"picked":"Heatsinks","floor":18},{"not_picked":["Barrage","Compile Driver"],"picked":"Leap+1","floor":19},{"not_picked":["Steam+1","Chill+1","Lockon"],"picked":"SKIP","floor":27},{"not_picked":["Sweeping Beam","Ball Lightning","Recycle+1"],"picked":"SKIP","floor":28},{"not_picked":["Coolheaded+1","Leap+1"],"picked":"Sunder","floor":29},{"not_picked":["Blizzard","Go for the Eyes"],"picked":"Electrodynamics","floor":30},{"not_picked":["Barrage","Go for the Eyes"],"picked":"Darkness+1","floor":31}],"player_experience":637883,"relics_obtained":[{"floor":5,"key":"Cables"},{"floor":9,"key":"Bag of Marbles"},{"floor":26,"key":"Bronze Scales"}],"event_choices":[{"damage_healed":0,"gold_gain":275,"player_choice":"Desecrate","damage_taken":0,"max_hp_gain":0,"max_hp_loss":0,"event_name":"Golden Shrine","floor":2,"gold_loss":0,"cards_obtained":["Regret"]},{"damage_healed":0,"gold_gain":0,"player_choice":"Leave","damage_taken":0,"max_hp_gain":0,"max_hp_loss":0,"event_name":"The Cleric","floor":4,"gold_loss":0},{"damage_healed":0,"gold_gain":0,"player_choice":"Success","damage_taken":3,"relics_obtained":["Lantern"],"max_hp_gain":0,"max_hp_loss":0,"event_name":"Scrap Ooze","floor":7,"gold_loss":0},{"damage_healed":0,"gold_gain":0,"player_choice":"Smashed Altar","damage_taken":0,"max_hp_gain":0,"max_hp_loss":0,"event_name":"Forgotten Altar","floor":20,"gold_loss":0,"cards_obtained":["Decay"]},{"damage_healed":0,"gold_gain":0,"player_choice":"Ignored","damage_taken":0,"max_hp_gain":0,"max_hp_loss":0,"event_name":"Vampires","floor":21,"gold_loss":0},{"damage_healed":0,"gold_gain":0,"player_choice":"Joined the Cult","damage_taken":6,"max_hp_gain":0,"max_hp_loss":0,"event_name":"Nest","floor":23,"gold_loss":0,"cards_obtained":["RitualDagger"]}],"is_beta":false,"boss_relics":[{"not_picked":["Eternal Feather","Orrery"],"picked":"Philosopher\u0027s Stone"}],"items_purged_floors":[10,22],"is_endless":false,"potions_floor_spawned":[1,11,13,16,18,19,29,30],"killed_by":"Collector","ascension_level":0}