{"gold_per_floor":[110,110,125,46,61,89,89,102,102,119,151,151,181,195,195,272,272,260,66,86,13,13,13,13,13,82,101,128,146,164,178,178,255,255,267,267,367,367,386,386],"floor_reached":40,"playtime":2036,"items_purged":[],"score":747,"play_id":"59c0d442-a58a-4981-a48c-5e91a50c1fe0","local_time":"20190322150953","is_ascension_mode":true,"campfire_choices":[{"data":"Defragment","floor":7,"key":"SMITH"},{"floor":12,"key":"REST"},{"data":"Lockon","floor":15,"key":"SMITH"},{"data":"Defragment","floor":23,"key":"SMITH"},{"floor":25,"key":"REST"},{"floor":32,"key":"REST"}],"neow_cost":"NONE","seed_source_timestamp":162357983697933,"circlet_count":0,"master_deck":["AscendersBane","Zap+1","Dualcast","Discovery","Ball Lightning","Defragment+1","Conserve Battery","Chill","Cold Snap","Leap+1","Amplify+1","Lockon+1","Fusion+1","Fission+1","Defragment+1","Apotheosis+1","Darkness+1","Defragment","Chaos+1","Rainbow+1","Stack+1","Self Repair","Machine Learning","Go for the Eyes","Melter","Tempest+1","Streamline","Thunder Strike","Lockon","Conserve Battery+1","Blizzard","Self Repair+1","Zap+1","Conserve Battery+1"],"relics":["Cracked Core","Bottled Lightning","Toxic Egg 2","DataDisk","Regal Pillow","Nuclear Battery","Matryoshka","Oddly Smooth Stone","Pandora\u0027s Box","Pocketwatch"],"potions_floor_usage":[6,11,20,40,40],"damage_taken":[{"damage":5,"enemies":"Small Slimes","floor":1,"turns":3},{"damage":1,"enemies":"Cultist","floor":3,"turns":3},{"damage":2,"enemies":"2 Louse","floor":5,"turns":2},{"damage":16,"enemies":"Gremlin Nob","floor":6,"turns":3},{"damage":3,"enemies":"Looter","floor":8,"turns":3},{"damage":0,"enemies":"Large Slime","floor":10,"turns":4},{"damage":4,"enemies":"Lagavulin","floor":11,"turns":5},{"damage":0,"enemies":"3 Sentries","floor":13,"turns":11},{"damage":8,"enemies":"Lots of Slimes","floor":14,"turns":4},{"damage":18,"enemies":"The Guardian","floor":16,"turns":10},{"damage":5,"enemies":"2 Thieves","floor":18,"turns":4},{"damage":18,"enemies":"Shell Parasite","floor":20,"turns":5},{"damage":15,"enemies":"Snake Plant","floor":27,"turns":3},{"damage":2,"enemies":"Gremlin Leader","floor":28,"turns":7},{"damage":0,"enemies":"Sentry and Sphere","floor":29,"turns":5},{"damage":8,"enemies":"Centurion and Healer","floor":30,"turns":6},{"damage":6,"enemies":"3 Cultists","floor":31,"turns":6},{"damage":53,"enemies":"Collector","floor":33,"turns":13},{"damage":60,"enemies":"3 Darklings","floor":35,"turns":6},{"damage":0,"enemies":"Mind Bloom Boss Battle","floor":37,"turns":6},{"damage":8,"enemies":"Orb Walker","floor":39,"turns":2},{"damage":42,"enemies":"Giant Head","floor":40,"turns":7}],"seed_played":"-2044606094584153073","potions_obtained":[{"floor":1,"key":"FearPotion"},{"floor":3,"key":"SpeedPotion"},{"floor":8,"key":"FocusPotion"},{"floor":14,"key":"Fire Potion"},{"floor":20,"key":"SpeedPotion"}],"is_trial":false,"path_per_floor":["M","?","M","$","M","E","R","M","T","M","E","R","E","M","R","B",null,"M","$","M","$","?","R","?","R","T","M","E","M","M","M","R","B",null,"M","?","?","?","M","E"],"character_chosen":"DEFECT","items_purchased":["Defragment","Apotheosis+1","Defragment"],"campfire_rested":3,"item_purchase_floors":[4,19,21],"current_hp_per_floor":[63,63,62,62,60,44,44,41,41,41,37,59,59,51,51,33,65,60,60,42,42,42,42,42,75,75,60,58,58,50,54,75,32,64,11,11,28,28,40,0],"gold":386,"neow_bonus":"UPGRADE_CARD","is_prod":false,"is_daily":false,"chose_seed":false,"campfire_upgraded":3,"win_rate":0,"timestamp":1553281793,"path_taken":["M","?","M","$","M","E","R","M","T","?","E","R","E","M","R","BOSS","M","$","M","?","?","R","?","R","T","M","E","M","M","M","R","BOSS","M","?","?","?","M","E"],"build_version":"2019-01-23","purchased_purges":0,"victory":false,"max_hp_per_floor":[75,75,75,75,75,75,75,75,75,75,75,75,75,75,75,75,75,75,75,75,75,75,75,75,75,75,75,75,75,75,75,75,75,75,75,75,75,75,75,75],"card_choices":[{"not_picked":["Recycle","Barrage","Scrape"],"picked":"SKIP","floor":1},{"not_picked":["Streamline","Redo"],"picked":"Ball Lightning","floor":3},{"not_picked":["Streamline","Scrape"],"picked":"Conserve Battery","floor":5},{"not_picked":["Compile Driver","Turbo"],"picked":"Chill","floor":6},{"not_picked":["Go for the Eyes","Sweeping Beam"],"picked":"Cold Snap","floor":8},{"not_picked":["Steam Power+1","Sweeping Beam"],"picked":"Leap+1","floor":10},{"not_picked":["Conserve Battery+1","Rebound"],"picked":"Amplify+1","floor":11},{"not_picked":["Steam+1","Blizzard"],"picked":"Lockon","floor":13},{"not_picked":["Steam+1","Rebound"],"picked":"Fusion+1","floor":14},{"not_picked":["Creative AI","Meteor Strike"],"picked":"Fission+1","floor":16},{"not_picked":["Recycle+1","Redo+1"],"picked":"Defragment","floor":18},{"not_picked":["Barrage+1","Go for the Eyes"],"picked":"Darkness+1","floor":20},{"not_picked":["Static Discharge","Conserve Battery+1"],"picked":"Chaos+1","floor":27},{"not_picked":["Compile Driver","Cold Snap"],"picked":"Rainbow+1","floor":28},{"not_picked":["Redo+1","Tempest+1"],"picked":"Stack+1","floor":29},{"not_picked":["Reprogram+1","Barrage"],"picked":"Self Repair","floor":30},{"not_picked":["Beam Cell","Force Field+1","Melter"],"picked":"SKIP","floor":31},{"not_picked":["Reboot+1","Buffer"],"picked":"Machine Learning","floor":33},{"not_picked":["Beam Cell","Gash+1"],"picked":"Self Repair+1","floor":35},{"not_picked":["Auto Shields+1","Rebound+1","Reinforced Body+1"],"picked":"SKIP","floor":39}],"player_experience":439577,"relics_obtained":[{"floor":6,"key":"Bottled Lightning"},{"floor":9,"key":"Toxic Egg 2"},{"floor":11,"key":"DataDisk"},{"floor":13,"key":"Regal Pillow"},{"floor":26,"key":"Matryoshka"},{"floor":28,"key":"Oddly Smooth Stone"},{"floor":37,"key":"Pocketwatch"}],"event_choices":[{"damage_healed":0,"gold_gain":0,"player_choice":"1 cards matched","damage_taken":0,"max_hp_gain":0,"max_hp_loss":0,"event_name":"Match and Keep!","floor":2,"gold_loss":0,"cards_obtained":["Discovery"]},{"damage_healed":0,"gold_gain":0,"player_choice":"1 cards matched","damage_taken":0,"max_hp_gain":0,"max_hp_loss":0,"event_name":"Match and Keep!","floor":2,"gold_loss":0,"cards_obtained":["Discovery"]},{"damage_healed":0,"gold_gain":0,"player_choice":"Ignored","damage_taken":0,"max_hp_gain":0,"max_hp_loss":0,"event_name":"Beggar","floor":22,"gold_loss":0},{"damage_healed":0,"gold_gain":0,"player_choice":"Ignored","damage_taken":0,"max_hp_gain":0,"max_hp_loss":0,"event_name":"Vampires","floor":24,"gold_loss":0},{"damage_healed":0,"gold_gain":0,"player_choice":"Ignored","damage_taken":0,"max_hp_gain":0,"max_hp_loss":0,"event_name":"Tomb of Lord Red Mask","floor":36,"gold_loss":0},{"damage_healed":0,"gold_gain":0,"player_choice":"Fight","damage_taken":0,"max_hp_gain":0,"max_hp_loss":0,"event_name":"MindBloom","floor":37,"gold_loss":0},{"damage_healed":0,"gold_gain":0,"player_choice":"2 cards matched","damage_taken":0,"max_hp_gain":0,"max_hp_loss":0,"event_name":"Match and Keep!","floor":38,"gold_loss":0,"cards_obtained":["Zap","Conserve Battery"]}],"is_beta":false,"boss_relics":[{"not_picked":["FrozenCore","Coffee Dripper"],"picked":"Nuclear Battery"},{"not_picked":["Astrolabe","Snecko Eye"],"picked":"Pandora\u0027s Box"}],"items_purged_floors":[],"is_endless":false,"potions_floor_spawned":[1,3,8,10,14,16,20,27,29,33,37],"killed_by":"Giant Head","ascension_level":13}