{"gold_per_floor":[20,35,48,67,167,192,211,231,231,249,249,249,249,284,284,284],"floor_reached":16,"playtime":729,"items_purged":[],"score":194,"play_id":"76f6e5be-17bf-428e-b73a-0a4f1dceb391","local_time":"20181121230020","is_ascension_mode":true,"campfire_choices":[{"data":"Whirlwind","floor":11,"key":"SMITH"},{"data":"True Grit","floor":13,"key":"SMITH"},{"floor":15,"key":"REST"}],"neow_cost":"NO_GOLD","seed_source_timestamp":31145329895245,"circlet_count":0,"master_deck":["AscendersBane","Strike_R","Strike_R","Strike_R","Strike_R","Strike_R","Defend_R","Defend_R","Defend_R","Defend_R","Bash","Offering","Whirlwind+1","Battle Trance","Sword Boomerang","Wild Strike","Ghostly Armor","Heavy Blade","True Grit+1","Flame Barrier","Rupture+1"],"relics":["Burning Blood","Vajra","Mummified Hand","Frozen Egg 2"],"potions_floor_usage":[14,16],"damage_taken":[{"damage":13,"enemies":"Jaw Worm","floor":1,"turns":4},{"damage":1,"enemies":"Cultist","floor":2,"turns":3},{"damage":0,"enemies":"2 Louse","floor":3,"turns":1},{"damage":6,"enemies":"Exordium Wildlife","floor":4,"turns":2},{"damage":41,"enemies":"3 Sentries","floor":6,"turns":8},{"damage":6,"enemies":"Gremlin Gang","floor":7,"turns":1},{"damage":0,"enemies":"3 Louse","floor":8,"turns":1},{"damage":14,"enemies":"Large Slime","floor":10,"turns":5},{"damage":27,"enemies":"Lagavulin","floor":14,"turns":7},{"damage":63,"enemies":"Hexaghost","floor":16,"turns":9}],"seed_played":"1559600818529770866","potions_obtained":[{"floor":2,"key":"Poison Potion"},{"floor":10,"key":"LiquidBronze"}],"is_trial":false,"path_per_floor":["M","M","M","M","?","E","M","M","T","M","R","?","R","E","R","B"],"character_chosen":"IRONCLAD","items_purchased":[],"campfire_rested":1,"item_purchase_floors":[],"current_hp_per_floor":[61,66,72,72,72,37,37,43,43,35,35,60,60,39,61,0],"gold":284,"neow_bonus":"THREE_RARE_CARDS","is_prod":false,"is_daily":false,"chose_seed":false,"campfire_upgraded":2,"win_rate":0,"timestamp":1542870020,"path_taken":["M","M","M","M","?","E","M","M","T","?","R","?","R","E","R","BOSS"],"build_version":"2018-11-15","purchased_purges":0,"victory":false,"max_hp_per_floor":[75,75,75,75,75,75,75,75,75,75,75,75,75,75,75,75],"card_choices":[{"not_picked":["Fiend Fire","Demon Form"],"picked":"Offering","floor":0},{"not_picked":["Iron Wave","Warcry"],"picked":"Whirlwind","floor":1},{"not_picked":["Body Slam","Rupture"],"picked":"Battle Trance","floor":2},{"not_picked":["Shockwave","Blood for Blood"],"picked":"Sword Boomerang","floor":3},{"not_picked":["Bloodletting","Berserk"],"picked":"Wild Strike","floor":4},{"not_picked":["Warcry","Headbutt"],"picked":"Ghostly Armor","floor":6},{"not_picked":["Second Wind","Iron Wave"],"picked":"Heavy Blade","floor":7},{"not_picked":["Headbutt","Rage"],"picked":"True Grit","floor":8},{"not_picked":["Perfected Strike","Thunderclap"],"picked":"Flame Barrier","floor":10},{"not_picked":["Exhume","Bloodletting"],"picked":"Rupture","floor":14}],"player_experience":816303,"relics_obtained":[{"floor":6,"key":"Vajra"},{"floor":9,"key":"Mummified Hand"},{"floor":14,"key":"Frozen Egg 2"}],"event_choices":[{"damage_healed":0,"gold_gain":100,"player_choice":"Pray","damage_taken":0,"max_hp_gain":0,"max_hp_loss":0,"event_name":"Golden Shrine","floor":5,"gold_loss":0},{"damage_healed":25,"gold_gain":0,"player_choice":"Banana","damage_taken":0,"max_hp_gain":0,"max_hp_loss":0,"event_name":"Big Fish","floor":12,"gold_loss":0}],"is_beta":false,"boss_relics":[],"items_purged_floors":[],"is_endless":false,"potions_floor_spawned":[2,10],"killed_by":"Hexaghost","ascension_level":14}