{"gold_per_floor":[118,132,151,76,76,76,76,94,120,146,71,85,101,119,119,193,193,208,133,0,0,0,0,29,29,29,1,1,1,20,32,32,32],"floor_reached":33,"playtime":1143,"items_purged":["Strike_B"],"score":477,"play_id":"f0a8c671-d36a-4269-83a9-dbb88cd8689f","local_time":"20190512121158","is_ascension_mode":true,"campfire_choices":[{"data":"Genetic Algorithm","floor":7,"key":"SMITH"},{"floor":15,"key":"REST"},{"data":"Gash","floor":23,"key":"SMITH"},{"floor":25,"key":"REST"},{"data":"Seek","floor":29,"key":"SMITH"},{"floor":32,"key":"REST"}],"neow_cost":"NONE","seed_source_timestamp":42580648671231,"circlet_count":0,"master_deck":["AscendersBane","Strike_B","Strike_B+1","Defend_B+1","Defend_B","Defend_B","Zap","Dualcast","Genetic Algorithm+1","Gash+1","Undo","Glacier","Ball Lightning","Seek","Conserve Battery","J.A.X.","Seek+1","Leap","FTL","Chaos"],"relics":["Cracked Core","NeowsBlessing","DataDisk","Pen Nib","Vajra","Nuclear Battery","Potion Belt","Symbiotic Virus","Shuriken"],"potions_floor_usage":[8,14,24,31,33,33,33],"damage_taken":[{"damage":0,"enemies":"Cultist","floor":1,"turns":1},{"damage":0,"enemies":"Jaw Worm","floor":2,"turns":1},{"damage":0,"enemies":"2 Louse","floor":3,"turns":1},{"damage":19,"enemies":"Large Slime","floor":8,"turns":7},{"damage":7,"enemies":"Lagavulin","floor":10,"turns":9},{"damage":0,"enemies":"Blue Slaver","floor":12,"turns":4},{"damage":10,"enemies":"2 Fungi Beasts","floor":13,"turns":3},{"damage":0,"enemies":"Large Slime","floor":14,"turns":6},{"damage":31,"enemies":"Hexaghost","floor":16,"turns":16},{"damage":7,"enemies":"Spheric Guardian","floor":18,"turns":4},{"damage":30,"enemies":"Book of Stabbing","floor":24,"turns":7},{"damage":0,"enemies":"2 Thieves","floor":30,"turns":4},{"damage":3,"enemies":"Centurion and Healer","floor":31,"turns":7},{"damage":57,"enemies":"Champ","floor":33,"turns":9}],"seed_played":"-2686625546763818529","potions_obtained":[{"floor":1,"key":"Regen Potion"},{"floor":2,"key":"SkillPotion"},{"floor":13,"key":"Swift Potion"},{"floor":14,"key":"SteroidPotion"},{"floor":24,"key":"Weak Potion"},{"floor":30,"key":"SkillPotion"},{"floor":31,"key":"Block Potion"}],"is_trial":false,"path_per_floor":["M","M","M","?","?","?","R","M","T","E","$","M","M","M","R","B",null,"M","?","?","?","$","R","E","R","T","$","T","R","M","M","R","B"],"character_chosen":"DEFECT","items_purchased":["Leap"],"campfire_rested":3,"item_purchase_floors":[27],"current_hp_per_floor":[64,64,64,64,59,38,38,19,19,12,12,12,2,17,38,7,55,48,48,48,48,48,48,18,39,39,39,39,39,39,36,57,0],"gold":32,"neow_bonus":"THREE_ENEMY_KILL","is_prod":false,"is_daily":false,"chose_seed":false,"campfire_upgraded":3,"win_rate":0,"timestamp":1557688318,"path_taken":["M","?","M","?","?","?","R","M","T","E","$","M","M","M","R","BOSS","M","?","?","?","$","R","E","R","T","$","?","R","M","M","R","BOSS"],"build_version":"2019-01-23","purchased_purges":1,"victory":false,"max_hp_per_floor":[71,71,71,71,71,71,71,71,71,71,71,71,71,71,71,71,71,71,71,71,71,71,71,71,71,71,71,71,71,71,71,71,71],"card_choices":[{"not_picked":["Conserve Battery","Turbo"],"picked":"Genetic Algorithm","floor":1},{"not_picked":["Hologram","Reinforced Body"],"picked":"Gash","floor":2},{"not_picked":["Amplify","Cold Snap"],"picked":"Undo","floor":3},{"not_picked":["Steam Power","Self Repair"],"picked":"Glacier","floor":8},{"not_picked":["Scrape","Multi-Cast"],"picked":"Ball Lightning","floor":10},{"not_picked":["Undo","Turbo","Hologram"],"picked":"SKIP","floor":12},{"not_picked":["Compile Driver","Meteor Strike","Beam Cell"],"picked":"SKIP","floor":13},{"not_picked":["Skim","Loop","Streamline"],"picked":"SKIP","floor":14},{"not_picked":["Buffer","Reboot"],"picked":"Seek","floor":16},{"not_picked":["Barrage","Steam"],"picked":"Conserve Battery","floor":18},{"not_picked":["Tempest+1","Darkness"],"picked":"Seek","floor":24},{"not_picked":["Conserve Battery","Reprogram+1"],"picked":"FTL","floor":30},{"not_picked":["Redo","Heatsinks"],"picked":"Chaos","floor":31}],"player_experience":925530,"relics_obtained":[{"floor":9,"key":"Pen Nib"},{"floor":10,"key":"Vajra"},{"floor":24,"key":"Potion Belt"},{"floor":26,"key":"Symbiotic Virus"},{"floor":28,"key":"Shuriken"}],"event_choices":[{"cards_removed":["Strike_B"],"damage_healed":0,"gold_gain":0,"player_choice":"Card Removal","damage_taken":0,"max_hp_gain":0,"max_hp_loss":0,"event_name":"The Cleric","floor":4,"gold_loss":75},{"damage_healed":0,"gold_gain":0,"player_choice":"Success","damage_taken":5,"relics_obtained":["DataDisk"],"max_hp_gain":0,"max_hp_loss":0,"event_name":"Scrap Ooze","floor":5,"gold_loss":0},{"damage_healed":0,"gold_gain":0,"player_choice":"Entered Light","damage_taken":21,"max_hp_gain":0,"max_hp_loss":0,"event_name":"Shining Light","floor":6,"gold_loss":0,"cards_upgraded":["Defend_B","Strike_B"]},{"cards_removed":["Defend_B"],"damage_healed":0,"gold_gain":0,"player_choice":"Gave Gold","damage_taken":0,"max_hp_gain":0,"max_hp_loss":0,"event_name":"Beggar","floor":19,"gold_loss":75},{"damage_healed":0,"gold_gain":0,"player_choice":"Paid Fearfully","damage_taken":0,"max_hp_gain":0,"max_hp_loss":0,"event_name":"Masked Bandits","floor":20,"gold_loss":133},{"damage_healed":0,"gold_gain":0,"player_choice":"Obtain J.A.X.","damage_taken":0,"max_hp_gain":0,"max_hp_loss":0,"event_name":"Drug Dealer","floor":21,"gold_loss":0,"cards_obtained":["J.A.X."]}],"is_beta":false,"boss_relics":[{"not_picked":["Empty Cage","Calling Bell"],"picked":"Nuclear Battery"}],"items_purged_floors":[11],"is_endless":false,"potions_floor_spawned":[1,2,13,14,24,30,31],"killed_by":"Champ","ascension_level":16}