{"gold_per_floor":[111,111,61,61,76,107,118,152,231,231,133,152,52,52],"floor_reached":14,"playtime":480,"items_purged":["Strike_R","Strike_R"],"score":123,"play_id":"6ba55edd-ea2e-4281-b380-fd84cb816edd","local_time":"20190410172325","is_ascension_mode":false,"campfire_choices":[{"floor":10,"key":"REST"}],"neow_cost":"PERCENT_DAMAGE","seed_source_timestamp":58050908650019,"circlet_count":0,"master_deck":["Strike_R","Strike_R","Defend_R","Defend_R","Defend_R","Bash","Whirlwind","Dropkick","Armaments","Limit Break"],"relics":["Burning Blood","Torii","Juzu Bracelet","Pantograph"],"potions_floor_usage":[8],"damage_taken":[{"damage":5,"enemies":"Jaw Worm","floor":1,"turns":6},{"damage":8,"enemies":"Small Slimes","floor":5,"turns":4},{"damage":50,"enemies":"Lagavulin","floor":6,"turns":7},{"damage":2,"enemies":"Cultist","floor":7,"turns":4},{"damage":28,"enemies":"Gremlin Nob","floor":8,"turns":4},{"damage":15,"enemies":"Large Slime","floor":12,"turns":7},{"damage":20,"enemies":"3 Sentries","floor":14,"turns":5}],"seed_played":"2442288769878819339","potions_obtained":[{"floor":5,"key":"FearPotion"}],"is_trial":false,"path_per_floor":["M","?","?","$","M","E","M","E","T","R","$","M","$","E"],"character_chosen":"IRONCLAD","items_purchased":["Armaments"],"campfire_rested":1,"item_purchase_floors":[11],"current_hp_per_floor":[73,73,73,73,71,27,31,9,9,37,37,28,28,8],"gold":52,"neow_bonus":"TWENTY_PERCENT_HP_BONUS","is_prod":false,"is_daily":false,"chose_seed":false,"campfire_upgraded":0,"win_rate":0,"timestamp":1554931405,"path_taken":["M","?","?","?","?","E","M","E","T","R","$","M","$","E"],"build_version":"2019-01-23","purchased_purges":2,"victory":false,"max_hp_per_floor":[96,96,96,96,96,96,96,96,96,96,96,96,96,96],"card_choices":[{"not_picked":["Havoc","Flame Barrier","Pommel Strike"],"picked":"SKIP","floor":1},{"not_picked":["Twin Strike","Warcry"],"picked":"Whirlwind","floor":5},{"not_picked":["Havoc","Wild Strike","Sword Boomerang"],"picked":"SKIP","floor":6},{"not_picked":["Body Slam","Clothesline"],"picked":"Dropkick","floor":7},{"not_picked":["Hemokinesis","Iron Wave","Headbutt"],"picked":"SKIP","floor":8},{"not_picked":["Clothesline","Twin Strike","Limit Break"],"picked":"SKIP","floor":12},{"not_picked":["Clothesline","Twin Strike"],"picked":"Limit Break","floor":12}],"player_experience":554187,"relics_obtained":[{"floor":6,"key":"Torii"},{"floor":8,"key":"Juzu Bracelet"},{"floor":9,"key":"Pantograph"}],"event_choices":[{"cards_removed":["Strike_R"],"damage_healed":0,"gold_gain":0,"player_choice":"Forget","damage_taken":0,"max_hp_gain":0,"max_hp_loss":0,"event_name":"Living Wall","floor":2,"gold_loss":0},{"cards_removed":["Defend_R"],"damage_healed":0,"gold_gain":0,"player_choice":"Card Removal","damage_taken":0,"max_hp_gain":0,"max_hp_loss":0,"event_name":"The Cleric","floor":3,"gold_loss":50}],"is_beta":false,"boss_relics":[],"items_purged_floors":[11,13],"is_endless":false,"potions_floor_spawned":[5],"killed_by":"3 Sentries","ascension_level":0}