{"gold_per_floor":[115,128,128,128,3,29,29,45,45,63,95,110,130,165,165,260,260,276,290,290,290,300,300,314,314,314,326,236,249,149,169,169,169],"floor_reached":33,"playtime":1255,"items_purged":["Strike_R","Strike_R"],"score":271,"play_id":"a87c36c4-bd04-4981-8fed-fd29a6c20033","local_time":"20190502162016","is_ascension_mode":false,"campfire_choices":[{"data":"Bash","floor":7,"key":"SMITH"},{"floor":15,"key":"DIG"},{"floor":23,"key":"DIG"},{"data":"Armaments","floor":25,"key":"SMITH"},{"floor":32,"key":"REST"}],"neow_cost":"NONE","seed_source_timestamp":332049511579141,"circlet_count":0,"master_deck":["Strike_R","Defend_R","Defend_R","Defend_R","Defend_R","Bash+1","Twin Strike","Clothesline+1","Inflame","Whirlwind","Combust","Uppercut","Rampage","Double Tap","Shrug It Off","Body Slam","Armaments+1","Battle Trance","Feed","Shrug It Off"],"relics":["Burning Blood","Happy Flower","Mercury Hourglass","Bottled Tornado","Shovel","Strawberry","Incense Burner","Orrery","Nilry\u0027s Codex","Omamori","Shuriken"],"potions_floor_usage":[14,14,33,33,33,33,33,33],"damage_taken":[{"damage":6,"enemies":"Cultist","floor":1,"turns":3},{"damage":8,"enemies":"Jaw Worm","floor":2,"turns":3},{"damage":22,"enemies":"Gremlin Nob","floor":6,"turns":5},{"damage":0,"enemies":"2 Louse","floor":8,"turns":2},{"damage":6,"enemies":"2 Fungi Beasts","floor":10,"turns":2},{"damage":24,"enemies":"3 Sentries","floor":11,"turns":4},{"damage":14,"enemies":"Exordium Thugs","floor":12,"turns":3},{"damage":12,"enemies":"Exordium Wildlife","floor":13,"turns":2},{"damage":23,"enemies":"Lagavulin","floor":14,"turns":5},{"damage":37,"enemies":"Hexaghost","floor":16,"turns":9},{"damage":4,"enemies":"Shell Parasite","floor":18,"turns":5},{"damage":6,"enemies":"3 Byrds","floor":19,"turns":4},{"damage":32,"enemies":"Centurion and Healer","floor":22,"turns":5},{"damage":16,"enemies":"Snake Plant","floor":24,"turns":3},{"damage":20,"enemies":"Snecko","floor":27,"turns":5},{"damage":3,"enemies":"Centurion and Healer","floor":29,"turns":6},{"damage":23,"enemies":"Shelled Parasite and Fungi","floor":31,"turns":7},{"damage":51,"enemies":"Collector","floor":33,"turns":5}],"seed_played":"-2474487504356552512","potions_obtained":[{"floor":1,"key":"Regen Potion"},{"floor":8,"key":"Ancient Potion"},{"floor":10,"key":"Strength Potion"},{"floor":18,"key":"GamblersBrew"},{"floor":22,"key":"EntropicBrew"}],"is_trial":false,"path_per_floor":["M","M","$","?","$","E","R","M","T","M","E","M","M","E","R","B",null,"M","M","?","?","M","R","M","R","T","M","?","M","$","M","R","B"],"character_chosen":"IRONCLAD","items_purchased":["Clothesline"],"campfire_rested":1,"item_purchase_floors":[5],"current_hp_per_floor":[80,78,78,78,78,62,62,68,68,68,50,42,36,40,40,9,87,87,87,71,71,45,45,35,35,35,21,21,24,24,10,37,0],"gold":169,"neow_bonus":"RANDOM_COMMON_RELIC","is_prod":false,"is_daily":false,"chose_seed":false,"campfire_upgraded":2,"win_rate":0,"timestamp":1556828416,"path_taken":["M","M","?","?","$","E","R","M","T","M","E","?","M","E","R","BOSS","M","M","?","?","M","R","M","R","T","?","?","M","?","M","R","BOSS"],"build_version":"2019-01-23","purchased_purges":2,"victory":false,"max_hp_per_floor":[80,80,80,80,80,80,80,80,80,80,80,80,80,87,87,87,87,87,87,87,87,87,87,87,87,87,87,87,87,87,90,90,90],"card_choices":[{"not_picked":["Twin Strike","Sentinel","Havoc"],"picked":"SKIP","floor":1},{"not_picked":["Sentinel","Havoc"],"picked":"Twin Strike","floor":1},{"not_picked":["Body Slam","Hemokinesis","Anger"],"picked":"SKIP","floor":2},{"not_picked":["Warcry","Havoc"],"picked":"Inflame","floor":6},{"not_picked":["Hemokinesis","Wild Strike"],"picked":"Whirlwind","floor":8},{"not_picked":["Cleave","Feel No Pain"],"picked":"Combust","floor":10},{"not_picked":["Anger","Whirlwind"],"picked":"Uppercut","floor":11},{"not_picked":["Inflame","Perfected Strike","Clash"],"picked":"SKIP","floor":12},{"not_picked":["Sentinel","Dual Wield","Sever Soul"],"picked":"SKIP","floor":13},{"not_picked":["Dropkick","Exhume"],"picked":"Rampage","floor":14},{"not_picked":["Fiend Fire","Berserk"],"picked":"Double Tap","floor":16},{"not_picked":["Power Through","Twin Strike"],"picked":"Shrug It Off","floor":17},{"not_picked":["Havoc","Anger"],"picked":"Body Slam","floor":17},{"not_picked":["Body Slam","Dual Wield"],"picked":"Armaments","floor":17},{"not_picked":["Metallicize","Havoc","Dropkick"],"picked":"SKIP","floor":18},{"not_picked":["Cleave","Twin Strike+1","Havoc"],"picked":"SKIP","floor":19},{"not_picked":["Perfected Strike+1","Dual Wield","Anger"],"picked":"SKIP","floor":22},{"not_picked":["Rage","Bloodletting"],"picked":"Battle Trance","floor":24},{"not_picked":["Perfected Strike","Intimidate"],"picked":"Feed","floor":27},{"not_picked":["Thunderclap+1","Anger+1"],"picked":"Shrug It Off","floor":29},{"not_picked":["Rampage","Warcry","Pummel+1"],"picked":"SKIP","floor":31}],"player_experience":644752,"relics_obtained":[{"floor":6,"key":"Mercury Hourglass"},{"floor":9,"key":"Bottled Tornado"},{"floor":11,"key":"Shovel"},{"floor":14,"key":"Strawberry"},{"floor":15,"key":"Incense Burner"},{"floor":20,"key":"Nilry\u0027s Codex"},{"floor":23,"key":"Omamori"},{"floor":26,"key":"Shuriken"}],"event_choices":[{"cards_removed":["Strike_R"],"damage_healed":0,"gold_gain":0,"player_choice":"Purged","damage_taken":0,"max_hp_gain":0,"max_hp_loss":0,"event_name":"Purifier","floor":4,"gold_loss":0},{"damage_healed":0,"gold_gain":0,"player_choice":"Obtained Book","damage_taken":16,"max_hp_gain":0,"max_hp_loss":0,"event_name":"Cursed Tome","floor":20,"gold_loss":0},{"damage_healed":0,"gold_gain":0,"player_choice":"Ignored","damage_taken":0,"max_hp_gain":0,"max_hp_loss":0,"event_name":"Ghosts","floor":21,"gold_loss":0},{"cards_removed":["Strike_R"],"damage_healed":0,"gold_gain":0,"player_choice":"Upgrade and Remove","damage_taken":0,"max_hp_gain":0,"max_hp_loss":0,"event_name":"Designer","floor":28,"gold_loss":90,"cards_upgraded":["Clothesline"]}],"is_beta":false,"boss_relics":[{"not_picked":["Fusion Hammer","Runic Cube"],"picked":"Orrery"}],"items_purged_floors":[5,30],"is_endless":false,"potions_floor_spawned":[1,8,10,11,18,22,31],"killed_by":"Collector","ascension_level":0}