{"gold_per_floor":[115,115,139,139,164,164,3,3,30,30,30,30,53,97,97,186,186,204,224,224,305,255,255,273,273],"floor_reached":25,"playtime":1012,"items_purged":[],"score":486,"play_id":"cae02f77-5834-42d7-97d0-07fdeacda79b","local_time":"20190701235526","is_ascension_mode":true,"campfire_choices":[{"data":"Footwork","floor":6,"key":"SMITH"},{"data":"Backflip","floor":8,"key":"SMITH"},{"data":"A Thousand Cuts","floor":15,"key":"SMITH"},{"floor":23,"key":"REST"}],"neow_cost":"NONE","seed_source_timestamp":1644837083675588,"circlet_count":0,"master_deck":["AscendersBane","Strike_G+1","Strike_G+1","Strike_G+1","Strike_G+1","Strike_G+1","Defend_G+1","Defend_G+1","Defend_G+1","Defend_G+1","Defend_G+1","Survivor","Neutralize","Footwork+1","Deflect+1","Deadly Poison","Backflip+1","Bandage Up+1","A Thousand Cuts+1","Storm of Steel","Well Laid Plans+1"],"relics":["Ring of the Snake","Orichalcum","Golden Idol","Singing Bowl","Whetstone","Nunchaku","HoveringKite","Pantograph"],"potions_floor_usage":[14,16],"damage_taken":[{"damage":16,"enemies":"Jaw Worm","floor":1,"turns":8},{"damage":0,"enemies":"Small Slimes","floor":3,"turns":6},{"damage":4,"enemies":"Cultist","floor":5,"turns":4},{"damage":1,"enemies":"Looter","floor":13,"turns":4},{"damage":12,"enemies":"3 Sentries","floor":14,"turns":5},{"damage":0,"enemies":"The Guardian","floor":16,"turns":14},{"damage":13,"enemies":"Shell Parasite","floor":18,"turns":9},{"damage":35,"enemies":"3 Byrds","floor":19,"turns":7},{"damage":9,"enemies":"Snecko","floor":24,"turns":11},{"damage":49,"enemies":"Cultist and Chosen","floor":25,"turns":4}],"seed_played":"-2735102254525236144","potions_obtained":[{"floor":1,"key":"Fire Potion"},{"floor":3,"key":"PowerPotion"},{"floor":14,"key":"Energy Potion"},{"floor":24,"key":"GamblersBrew"}],"is_trial":false,"path_per_floor":["M","?","M","?","M","R","$","R","T","$","?","?","M","E","R","B",null,"M","M","?","T","?","R","M","M"],"character_chosen":"THE_SILENT","items_purchased":["Backflip","Bandage Up"],"campfire_rested":1,"item_purchase_floors":[7,7],"current_hp_per_floor":[43,43,43,43,39,39,39,39,39,39,39,59,58,54,54,60,62,55,26,26,26,26,45,44,0],"gold":273,"neow_bonus":"RANDOM_COMMON_RELIC","is_prod":false,"is_daily":false,"chose_seed":false,"campfire_upgraded":3,"win_rate":0,"timestamp":1562050526,"path_taken":["M","?","M","?","?","R","$","R","T","$","?","?","M","E","R","BOSS","M","M","?","?","?","R","M","?"],"build_version":"2019-07-01","purchased_purges":0,"victory":false,"max_hp_per_floor":[66,60,60,60,60,60,60,60,60,60,60,60,60,62,62,62,62,64,64,64,64,64,64,66,66],"card_choices":[{"not_picked":["Endless Agony","Bane"],"picked":"Footwork","floor":1},{"not_picked":["PiercingWail","Slice"],"picked":"Deflect","floor":3},{"not_picked":["Dodge and Roll","Escape Plan"],"picked":"Deadly Poison","floor":5},{"not_picked":["Dagger Spray","Poisoned Stab"],"picked":"A Thousand Cuts","floor":13},{"not_picked":["Distraction","Bane","Prepared"],"picked":"Singing Bowl","floor":14},{"not_picked":["Glass Knife","Phantasmal Killer"],"picked":"Storm of Steel","floor":16},{"not_picked":["Blade Dance","All Out Attack","Deflect"],"picked":"Singing Bowl","floor":18},{"not_picked":["Skewer","Deadly Poison"],"picked":"Well Laid Plans","floor":19},{"not_picked":["Flechettes","Well Laid Plans","Poisoned Stab"],"picked":"Singing Bowl","floor":24}],"player_experience":1118355,"relics_obtained":[{"floor":9,"key":"Whetstone"},{"floor":14,"key":"Nunchaku"},{"floor":21,"key":"Pantograph"}],"event_choices":[{"damage_healed":0,"gold_gain":0,"player_choice":"Lose Max HP","damage_taken":0,"relics_obtained":["Golden Idol"],"max_hp_gain":0,"max_hp_loss":6,"event_name":"Golden Idol","floor":2,"gold_loss":0},{"damage_healed":0,"gold_gain":0,"player_choice":"Gave Potion","damage_taken":0,"relics_obtained":["Singing Bowl"],"max_hp_gain":0,"max_hp_loss":0,"event_name":"WeMeetAgain","floor":4,"gold_loss":0},{"damage_healed":0,"gold_gain":0,"player_choice":"Grow","damage_taken":0,"max_hp_gain":0,"max_hp_loss":0,"event_name":"Living Wall","floor":11,"gold_loss":0,"cards_upgraded":["Bandage Up"]},{"damage_healed":20,"gold_gain":0,"player_choice":"Banana","damage_taken":0,"max_hp_gain":0,"max_hp_loss":0,"event_name":"Big Fish","floor":12,"gold_loss":0},{"damage_healed":0,"gold_gain":0,"player_choice":"Simplicity","damage_taken":0,"max_hp_gain":0,"max_hp_loss":0,"event_name":"Back to Basics","floor":20,"gold_loss":0,"cards_upgraded":["Strike_G","Strike_G","Strike_G","Defend_G","Defend_G","Defend_G","Defend_G","Defend_G"]},{"damage_healed":0,"gold_gain":0,"player_choice":"Upgraded Two","damage_taken":0,"max_hp_gain":0,"max_hp_loss":0,"event_name":"Designer","floor":22,"gold_loss":50,"cards_upgraded":["Well Laid Plans","Deflect"]}],"is_beta":false,"boss_relics":[{"not_picked":["Pandora\u0027s Box","Snecko Eye"],"picked":"HoveringKite"}],"items_purged_floors":[],"is_endless":false,"potions_floor_spawned":[1,3,14,24],"killed_by":"Cultist and Chosen","ascension_level":19}