{"gold_per_floor":[15,15,15,15,28,72,72,408,408,583,132,146,146,46,46,172,172,192,205,169,222,222,240,259,259,336,57,73,96,112,162,162,162],"floor_reached":33,"playtime":1435,"items_purged":["Doubt","Parasite","Accuracy+1"],"score":433,"play_id":"b67bb474-4555-49eb-ad45-70da306da4fb","local_time":"20190317201328","is_ascension_mode":true,"campfire_choices":[{"floor":15,"key":"REST"},{"floor":25,"key":"REST"},{"floor":32,"key":"REST"}],"neow_cost":"NO_GOLD","seed_source_timestamp":2591098952514289,"circlet_count":0,"master_deck":["AscendersBane","Defend_G+1","Defend_G+1","Defend_G+1","Defend_G+1","Strike_G+1","Strike_G+1","Strike_G+1","Survivor","Neutralize","Dash","Dagger Spray","Bullet Time+1","Flying Knee","Panacea+1","Dagger Spray","Glass Knife","Malaise+1","Bane+1","Terror","Catalyst","Well Laid Plans","Poisoned Stab","Catalyst","Cloak And Dagger","Footwork+1","PiercingWail"],"relics":["Ring of the Snake","Unceasing Top","Golden Idol","Blue Candle","Old Coin","Ice Cream","Bronze Scales","Oddly Smooth Stone","Astrolabe","Art of War","Pantograph","War Paint"],"potions_floor_usage":[6,8,8,16,29,30,30,33],"damage_taken":[{"damage":1,"enemies":"2 Louse","floor":1,"turns":3},{"damage":0,"enemies":"Small Slimes","floor":5,"turns":3},{"damage":23,"enemies":"Gremlin Nob","floor":6,"turns":5},{"damage":40,"enemies":"Lagavulin","floor":8,"turns":8},{"damage":1,"enemies":"Jaw Worm","floor":12,"turns":4},{"damage":38,"enemies":"Hexaghost","floor":16,"turns":16},{"damage":24,"enemies":"Spheric Guardian","floor":18,"turns":5},{"damage":0,"enemies":"Chosen","floor":19,"turns":5},{"damage":1,"enemies":"Centurion and Healer","floor":23,"turns":7},{"damage":20,"enemies":"3 Cultists","floor":24,"turns":5},{"damage":15,"enemies":"Snake Plant","floor":28,"turns":3},{"damage":2,"enemies":"Snecko","floor":29,"turns":4},{"damage":0,"enemies":"Cultist and Chosen","floor":30,"turns":6},{"damage":57,"enemies":"Champ","floor":33,"turns":14}],"seed_played":"4199394842113644144","potions_obtained":[{"floor":1,"key":"EssenceOfSteel"},{"floor":5,"key":"GamblersBrew"},{"floor":6,"key":"Fire Potion"},{"floor":13,"key":"FairyPotion"},{"floor":13,"key":"GhostInAJar"},{"floor":18,"key":"Ancient Potion"},{"floor":24,"key":"Ancient Potion"},{"floor":29,"key":"AttackPotion"},{"floor":30,"key":"Dexterity Potion"}],"is_trial":false,"path_per_floor":["M","?","?","$","M","E","?","E","T","?","$","M","?","$","R","B",null,"M","M","$","T","?","M","M","R","T","$","M","M","M","?","R","B"],"character_chosen":"THE_SILENT","items_purchased":["Panacea","Bronze Scales","Oddly Smooth Stone","Well Laid Plans","War Paint"],"campfire_rested":3,"item_purchase_floors":[11,11,11,20,27],"current_hp_per_floor":[62,62,62,62,62,39,55,15,15,15,15,14,14,14,32,6,48,24,24,24,24,24,23,3,21,21,21,6,4,4,4,22,0],"gold":162,"neow_bonus":"ONE_RARE_RELIC","is_prod":false,"is_daily":false,"chose_seed":false,"campfire_upgraded":0,"win_rate":0,"timestamp":1552868008,"path_taken":["M","?","?","$","M","E","?","E","T","?","$","?","?","$","R","BOSS","M","M","$","?","?","M","M","R","T","$","M","M","?","?","R","BOSS"],"build_version":"2019-01-23","purchased_purges":3,"victory":false,"max_hp_per_floor":[70,70,65,65,65,65,65,65,65,65,65,65,65,62,62,62,62,62,62,62,62,62,62,62,62,62,62,62,62,62,62,62,62],"card_choices":[{"not_picked":["Expertise","Deflect"],"picked":"Dash","floor":1},{"not_picked":["Reflex","Dodge and Roll"],"picked":"Dagger Spray","floor":5},{"not_picked":["Finisher","Reflex"],"picked":"Bullet Time","floor":6},{"not_picked":["Poisoned Stab","A Thousand Cuts"],"picked":"Flying Knee","floor":8},{"not_picked":["Blade Dance","Distraction"],"picked":"Dagger Spray","floor":12},{"not_picked":["Doppelganger","Unload"],"picked":"Glass Knife","floor":16},{"not_picked":["Deadly Poison","Prepared"],"picked":"Terror","floor":18},{"not_picked":["Poisoned Stab","Accuracy"],"picked":"Catalyst","floor":19},{"not_picked":["Underhanded Strike","Outmaneuver"],"picked":"Poisoned Stab","floor":23},{"not_picked":["Bane","Prepared"],"picked":"Catalyst","floor":24},{"not_picked":["Finisher","Underhanded Strike"],"picked":"Cloak And Dagger","floor":28},{"not_picked":["Slice","Outmaneuver"],"picked":"Footwork+1","floor":29},{"not_picked":["Flechettes","Sucker Punch"],"picked":"PiercingWail","floor":30}],"player_experience":409085,"relics_obtained":[{"floor":6,"key":"Blue Candle"},{"floor":8,"key":"Old Coin"},{"floor":9,"key":"Ice Cream"},{"floor":21,"key":"Art of War"},{"floor":26,"key":"Pantograph"}],"event_choices":[{"damage_healed":0,"gold_gain":0,"player_choice":"Leave","damage_taken":0,"max_hp_gain":0,"max_hp_loss":0,"event_name":"The Cleric","floor":2,"gold_loss":0},{"damage_healed":0,"gold_gain":0,"player_choice":"Lose Max HP","damage_taken":0,"relics_obtained":["Golden Idol"],"max_hp_gain":0,"max_hp_loss":5,"event_name":"Golden Idol","floor":3,"gold_loss":0},{"damage_healed":16,"gold_gain":0,"player_choice":"Healed and dodged fight","damage_taken":0,"max_hp_gain":0,"max_hp_loss":0,"event_name":"Mushrooms","floor":7,"gold_loss":0,"cards_obtained":["Parasite"]},{"damage_healed":0,"gold_gain":175,"player_choice":"AGREE","damage_taken":0,"max_hp_gain":0,"max_hp_loss":0,"event_name":"Liars Game","floor":10,"gold_loss":0,"cards_obtained":["Doubt"]},{"damage_healed":0,"gold_gain":0,"player_choice":"Got Potions","damage_taken":0,"max_hp_gain":0,"max_hp_loss":0,"event_name":"Lab","floor":13,"gold_loss":0},{"damage_healed":0,"gold_gain":0,"player_choice":"Simplicity","damage_taken":0,"max_hp_gain":0,"max_hp_loss":0,"event_name":"Back to Basics","floor":22,"gold_loss":0,"cards_upgraded":["Defend_G","Defend_G","Defend_G","Defend_G","Strike_G","Strike_G","Strike_G"]},{"damage_healed":0,"gold_gain":100,"player_choice":"Bet on Murderer","damage_taken":0,"max_hp_gain":0,"max_hp_loss":0,"event_name":"The Joust","floor":31,"gold_loss":50}],"is_beta":false,"boss_relics":[{"not_picked":["Black Star","Coffee Dripper"],"picked":"Astrolabe"}],"items_purged_floors":[11,14,27],"is_endless":false,"potions_floor_spawned":[1,5,6,18,24,29,30],"killed_by":"Champ","ascension_level":12}