{"gold_per_floor":[109,109,85,97,97,97,140,140,140,153,153,173,241,241,241,370,370,385,385,408,421,98,98,98],"floor_reached":24,"playtime":891,"items_purged":["Venomology"],"score":344,"play_id":"03811eb9-8cfe-406b-9c0a-5d52cffa4126","local_time":"20190301022356","is_ascension_mode":true,"campfire_choices":[{"data":"Dash","floor":6,"key":"SMITH"},{"data":"Neutralize","floor":8,"key":"SMITH"},{"data":"Slice","floor":11,"key":"SMITH"},{"data":"After Image","floor":15,"key":"SMITH"},{"floor":23,"key":"REST"}],"neow_cost":"NONE","seed_source_timestamp":1148656077269311,"circlet_count":0,"master_deck":["AscendersBane","Defend_G","Defend_G","Defend_G","Defend_G","Defend_G","Strike_G","Strike_G","Strike_G","Strike_G","Strike_G","Survivor","Neutralize+1","Slice+1","Dash+1","Acrobatics","Escape Plan","Accuracy","After Image+1","Parasite","Infinite Blades+1","Backflip","Flying Knee","Infinite Blades+1","Noxious Fumes"],"relics":["Ring of the Snake","NeowsBlessing","Strawberry","Golden Idol","Kunai","PreservedInsect","Tiny Chest","Sozu","MutagenicStrength","DollysMirror"],"potions_floor_usage":[16,16],"damage_taken":[{"damage":0,"enemies":"Jaw Worm","floor":1,"turns":1},{"damage":0,"enemies":"Small Slimes","floor":4,"turns":1},{"damage":0,"enemies":"3 Sentries","floor":7,"turns":1},{"damage":0,"enemies":"2 Louse","floor":10,"turns":2},{"damage":0,"enemies":"Exordium Wildlife","floor":12,"turns":6},{"damage":4,"enemies":"Lagavulin","floor":13,"turns":7},{"damage":52,"enemies":"The Guardian","floor":16,"turns":22},{"damage":28,"enemies":"3 Byrds","floor":18,"turns":9},{"damage":4,"enemies":"Shell Parasite","floor":20,"turns":7},{"damage":19,"enemies":"Shelled Parasite and Fungi","floor":21,"turns":10},{"damage":25,"enemies":"Gremlin Leader","floor":24,"turns":1}],"seed_played":"-8759280786859882741","potions_obtained":[{"floor":4,"key":"GhostInAJar"},{"floor":7,"key":"SpeedPotion"}],"is_trial":false,"path_per_floor":["M","?","?","M","?","R","E","R","T","M","R","M","E","?","R","B",null,"M","?","M","M","$","R","E"],"character_chosen":"THE_SILENT","items_purchased":["DollysMirror","Noxious Fumes"],"campfire_rested":1,"item_purchase_floors":[22,22],"current_hp_per_floor":[63,45,45,45,45,45,45,45,45,45,45,45,41,58,58,6,55,27,27,23,4,4,25,0],"gold":98,"neow_bonus":"THREE_ENEMY_KILL","is_prod":false,"is_daily":false,"chose_seed":false,"campfire_upgraded":4,"win_rate":0,"timestamp":1551425036,"path_taken":["M","?","?","M","?","R","E","R","T","M","R","M","E","?","R","BOSS","M","?","M","M","$","R","E"],"build_version":"2019-01-23","purchased_purges":1,"victory":false,"max_hp_per_floor":[70,77,77,77,71,71,71,71,71,71,71,71,71,71,71,71,71,71,71,71,71,71,71,71],"card_choices":[{"not_picked":["Underhanded Strike","Cloak And Dagger"],"picked":"Slice","floor":1},{"not_picked":["Bouncing Flask","Dodge and Roll"],"picked":"Dash","floor":4},{"not_picked":["Underhanded Strike","Setup"],"picked":"Acrobatics","floor":7},{"not_picked":["Distraction","Eviscerate"],"picked":"Escape Plan","floor":10},{"not_picked":["Concentrate","Poisoned Stab"],"picked":"Accuracy","floor":12},{"not_picked":["Eviscerate","Setup"],"picked":"After Image","floor":13},{"not_picked":["Doppelganger","Night Terror"],"picked":"Venomology","floor":16},{"not_picked":["Bane","Outmaneuver"],"picked":"Infinite Blades+1","floor":18},{"not_picked":["Outmaneuver","Sucker Punch"],"picked":"Backflip","floor":20},{"not_picked":["Backflip","Underhanded Strike"],"picked":"Flying Knee","floor":21}],"player_experience":346001,"relics_obtained":[{"floor":7,"key":"Kunai"},{"floor":9,"key":"PreservedInsect"},{"floor":13,"key":"Tiny Chest"}],"event_choices":[{"damage_healed":0,"gold_gain":0,"player_choice":"Success","damage_taken":25,"relics_obtained":["Strawberry"],"max_hp_gain":0,"max_hp_loss":0,"event_name":"Scrap Ooze","floor":2,"gold_loss":0},{"damage_healed":0,"gold_gain":0,"player_choice":"Left Gold","damage_taken":0,"max_hp_gain":0,"max_hp_loss":0,"event_name":"World of Goop","floor":3,"gold_loss":24},{"damage_healed":0,"gold_gain":0,"player_choice":"Lose Max HP","damage_taken":0,"relics_obtained":["Golden Idol"],"max_hp_gain":0,"max_hp_loss":6,"event_name":"Golden Idol","floor":5,"gold_loss":0},{"damage_healed":17,"gold_gain":0,"player_choice":"Healed and dodged fight","damage_taken":0,"max_hp_gain":0,"max_hp_loss":0,"event_name":"Mushrooms","floor":14,"gold_loss":0,"cards_obtained":["Parasite"]},{"damage_healed":0,"gold_gain":0,"player_choice":"Inject Mutagens","damage_taken":0,"relics_obtained":["MutagenicStrength"],"max_hp_gain":0,"max_hp_loss":0,"event_name":"Drug Dealer","floor":19,"gold_loss":0}],"is_beta":false,"boss_relics":[{"not_picked":["Snecko Eye","Astrolabe"],"picked":"Sozu"}],"items_purged_floors":[22],"is_endless":false,"potions_floor_spawned":[4,7,21],"killed_by":"Gremlin Leader","ascension_level":10}