{"gold_per_floor":[112,112,112,126,126,156,169,202,229,229,257,42,42,58,58,132,132,152,152,152,172,172],"floor_reached":22,"playtime":864,"items_purged":[],"score":454,"play_id":"e3ed62e0-7c17-436f-8087-5ab8fdfc62e6","local_time":"20190621182721","is_ascension_mode":true,"campfire_choices":[{"floor":10,"key":"REST"},{"data":"Loop","floor":13,"key":"SMITH"},{"data":"Blizzard","floor":15,"key":"SMITH"}],"neow_cost":"NONE","seed_source_timestamp":670701413612157,"circlet_count":0,"master_deck":["AscendersBane","Strike_B","Strike_B","Strike_B","Defend_B","Defend_B","Defend_B","Defend_B","Zap","Dualcast","Sunder","Sunder","Auto Shields","Coolheaded","Cold Snap","Loop+1","Blizzard+1","Echo Form","Writhe"],"relics":["Cracked Core","Oddly Smooth Stone","Ancient Tea Set","Potion Belt","Du-Vu Doll","Bag of Preparation","Vajra","Runic Capacitor","Runic Pyramid","Lantern"],"potions_floor_usage":[6,8,8,21],"damage_taken":[{"damage":6,"enemies":"Small Slimes","floor":1,"turns":3},{"damage":0,"enemies":"2 Louse","floor":4,"turns":2},{"damage":22,"enemies":"Lagavulin","floor":6,"turns":5},{"damage":0,"enemies":"Jaw Worm","floor":7,"turns":4},{"damage":18,"enemies":"Gremlin Nob","floor":8,"turns":4},{"damage":0,"enemies":"3 Sentries","floor":11,"turns":7},{"damage":0,"enemies":"3 Louse","floor":14,"turns":2},{"damage":8,"enemies":"The Guardian","floor":16,"turns":12},{"damage":23,"enemies":"3 Byrds","floor":18,"turns":6},{"damage":14,"enemies":"Shell Parasite","floor":21,"turns":6},{"damage":12,"enemies":"3 Cultists","floor":22,"turns":3}],"seed_played":"-272735356895037287","potions_obtained":[{"floor":1,"key":"Ancient Potion"},{"floor":4,"key":"AttackPotion"},{"floor":6,"key":"PowerPotion"},{"floor":8,"key":"Block Potion"},{"floor":16,"key":"Explosive Potion"}],"is_trial":false,"path_per_floor":["M","?","?","M","?","E","M","E","T","R","E","$","R","M","R","B",null,"M","?","?","M","M"],"character_chosen":"DEFECT","items_purchased":["Runic Capacitor"],"campfire_rested":1,"item_purchase_floors":[12],"current_hp_per_floor":[58,51,51,51,46,24,24,6,6,27,27,27,27,27,27,19,58,35,35,25,11,0],"gold":172,"neow_bonus":"RANDOM_COMMON_RELIC","is_prod":false,"is_daily":false,"chose_seed":false,"campfire_upgraded":2,"win_rate":0,"timestamp":1561156041,"path_taken":["M","?","?","M","?","E","M","E","T","R","E","$","R","M","R","BOSS","M","?","?","?","M"],"build_version":"2019-01-23","purchased_purges":0,"victory":false,"max_hp_per_floor":[71,71,71,71,71,71,71,71,71,71,71,71,71,71,71,71,71,71,71,71,71,71],"card_choices":[{"not_picked":["Turbo","Gash"],"picked":"Sunder","floor":1},{"not_picked":["Leap","Double Energy"],"picked":"Sunder","floor":4},{"not_picked":["Cold Snap","Rebound"],"picked":"Auto Shields","floor":6},{"not_picked":["Auto Shields","Hyperbeam"],"picked":"Coolheaded","floor":7},{"not_picked":["Conserve Battery","Hyperbeam"],"picked":"Cold Snap","floor":8},{"not_picked":["Barrage","Leap"],"picked":"Loop","floor":11},{"not_picked":["Tempest","Gash"],"picked":"Blizzard","floor":14},{"not_picked":["Hyperbeam","Fission"],"picked":"Echo Form","floor":16},{"not_picked":["Rebound+1","Stack","Barrage"],"picked":"SKIP","floor":18},{"not_picked":["Chaos","Steam Power","Hologram"],"picked":"SKIP","floor":21}],"player_experience":949537,"relics_obtained":[{"floor":6,"key":"Potion Belt"},{"floor":8,"key":"Du-Vu Doll"},{"floor":9,"key":"Bag of Preparation"},{"floor":11,"key":"Vajra"}],"event_choices":[{"cards_removed":["Strike_B"],"damage_healed":0,"gold_gain":0,"player_choice":"Card Removal","damage_taken":7,"max_hp_gain":0,"max_hp_loss":0,"event_name":"Golden Wing","floor":2,"gold_loss":0},{"damage_healed":0,"gold_gain":0,"player_choice":"Ignored","damage_taken":0,"max_hp_gain":0,"max_hp_loss":0,"event_name":"Liars Game","floor":3,"gold_loss":0},{"damage_healed":0,"gold_gain":0,"player_choice":"Success","damage_taken":5,"relics_obtained":["Ancient Tea Set"],"max_hp_gain":0,"max_hp_loss":0,"event_name":"Scrap Ooze","floor":5,"gold_loss":0},{"damage_healed":0,"gold_gain":0,"player_choice":"Opened","damage_taken":0,"relics_obtained":["Lantern"],"max_hp_gain":0,"max_hp_loss":0,"event_name":"The Mausoleum","floor":19,"gold_loss":0,"cards_obtained":["Writhe"]},{"damage_healed":0,"gold_gain":0,"player_choice":"Damaged","damage_taken":10,"max_hp_gain":0,"max_hp_loss":0,"event_name":"Wheel of Change","floor":20,"gold_loss":0}],"is_beta":false,"boss_relics":[{"not_picked":["Empty Cage","White Beast Statue"],"picked":"Runic Pyramid"}],"items_purged_floors":[],"is_endless":false,"potions_floor_spawned":[1,4,6,8,16],"killed_by":"3 Cultists","ascension_level":20}