{"gold_per_floor":[116,116,116,32,48,48,48,48,73,94,125,137,163,92,92,92],"floor_reached":16,"playtime":370,"items_purged":[],"score":191,"play_id":"f85d0785-0ee3-48e9-826b-f1ef541b240a","local_time":"20190625144617","is_ascension_mode":true,"campfire_choices":[{"data":"True Grit","floor":6,"key":"SMITH"},{"data":"Shockwave","floor":8,"key":"SMITH"},{"floor":12,"key":"REST"},{"floor":15,"key":"REST"}],"neow_cost":"NONE","seed_source_timestamp":1094137280443432,"circlet_count":0,"master_deck":["AscendersBane","Strike_R","Strike_R","Strike_R+1","Strike_R","Strike_R+1","Defend_R","Defend_R","Defend_R","Defend_R","Bash","Carnage","Shockwave+1","True Grit+1","Sword Boomerang","Armaments","Thunderclap","Power Through"],"relics":["Burning Blood","NeowsBlessing","Golden Idol","Smiling Mask","MawBank"],"potions_floor_usage":[11],"damage_taken":[{"damage":0,"enemies":"2 Louse","floor":1,"turns":1},{"damage":0,"enemies":"Jaw Worm","floor":5,"turns":1},{"damage":0,"enemies":"Small Slimes","floor":10,"turns":1},{"damage":65,"enemies":"3 Sentries","floor":11,"turns":10},{"damage":6,"enemies":"Looter","floor":13,"turns":4},{"damage":57,"enemies":"The Guardian","floor":16,"turns":12}],"seed_played":"-7227651873480600451","potions_obtained":[{"floor":5,"key":"FearPotion"},{"floor":11,"key":"GamblersBrew"}],"is_trial":false,"path_per_floor":["M","?","?","$","M","R","?","R","T","M","E","R","M","$","R","B"],"character_chosen":"IRONCLAD","items_purchased":["Shockwave","Power Through"],"campfire_rested":2,"item_purchase_floors":[4,14],"current_hp_per_floor":[74,51,51,51,57,57,68,68,68,68,9,29,29,29,49,0],"gold":92,"neow_bonus":"THREE_ENEMY_KILL","is_prod":false,"is_daily":false,"chose_seed":false,"campfire_upgraded":2,"win_rate":0,"timestamp":1561499177,"path_taken":["M","?","?","$","M","R","?","R","T","M","E","R","M","?","R","BOSS"],"build_version":"2019-01-23","purchased_purges":0,"victory":false,"max_hp_per_floor":[75,75,68,68,68,68,68,68,68,68,68,68,68,68,68,68],"card_choices":[{"not_picked":["Thunderclap","Anger"],"picked":"Carnage","floor":1},{"not_picked":["Cleave","Armaments"],"picked":"True Grit","floor":5},{"not_picked":["Wild Strike","Iron Wave"],"picked":"Sword Boomerang","floor":10},{"not_picked":["Double Tap","Anger"],"picked":"Armaments","floor":11},{"not_picked":["Searing Blow","Entrench"],"picked":"Thunderclap","floor":13}],"player_experience":1076175,"relics_obtained":[{"floor":9,"key":"Smiling Mask"},{"floor":11,"key":"MawBank"}],"event_choices":[{"damage_healed":0,"gold_gain":0,"player_choice":"Entered Light","damage_taken":23,"max_hp_gain":0,"max_hp_loss":0,"event_name":"Shining Light","floor":2,"gold_loss":0,"cards_upgraded":["Strike_R","Strike_R"]},{"damage_healed":0,"gold_gain":0,"player_choice":"Lose Max HP","damage_taken":0,"relics_obtained":["Golden Idol"],"max_hp_gain":0,"max_hp_loss":7,"event_name":"Golden Idol","floor":3,"gold_loss":0},{"damage_healed":22,"gold_gain":0,"player_choice":"Banana","damage_taken":0,"max_hp_gain":0,"max_hp_loss":0,"event_name":"Big Fish","floor":7,"gold_loss":0}],"is_beta":false,"boss_relics":[],"items_purged_floors":[],"is_endless":false,"potions_floor_spawned":[5,11],"killed_by":"The Guardian","ascension_level":19}