{"gold_per_floor":[14,31,42,42,62,81,115,125,148,49,49,49,49,68,68,145,145,155,155,175,175,9,9,29,304,381,381,57,57,67,86,86,86],"floor_reached":33,"playtime":1321,"items_purged":["Strike_R","Regret"],"score":523,"play_id":"161e526d-5481-4c24-8bee-34179d8cd06a","local_time":"20190526194213","is_ascension_mode":true,"campfire_choices":[{"floor":11,"key":"REST"},{"data":"Feed","floor":13,"key":"SMITH"},{"data":"Armaments","floor":15,"key":"SMITH"},{"floor":23,"key":"REST"},{"data":"Bash","floor":27,"key":"SMITH"},{"floor":32,"key":"REST"}],"neow_cost":"NO_GOLD","seed_source_timestamp":785800192675785,"circlet_count":0,"master_deck":["AscendersBane","Strike_R","Strike_R","Strike_R","Defend_R","Defend_R","Defend_R","Defend_R","Bash+1","Feed+1","Uppercut+1","Spot Weakness+1","Battle Trance","Shrug It Off","Evolve","Ghostly Armor","Twin Strike","Armaments+1","Bludgeon","Reaper","Sword Boomerang","Shrug It Off","Reaper"],"relics":["Burning Blood","Dream Catcher","Juzu Bracelet","White Beast Statue","MutagenicStrength","Meat on the Bone","ClockworkSouvenir"],"potions_floor_usage":[7,8,16,16,24,30,33,33],"damage_taken":[{"damage":6,"enemies":"Cultist","floor":1,"turns":3},{"damage":11,"enemies":"Small Slimes","floor":2,"turns":3},{"damage":7,"enemies":"Jaw Worm","floor":3,"turns":4},{"damage":20,"enemies":"Red Slaver","floor":5,"turns":4},{"damage":9,"enemies":"2 Fungi Beasts","floor":6,"turns":3},{"damage":25,"enemies":"Lagavulin","floor":7,"turns":7},{"damage":17,"enemies":"Lots of Slimes","floor":8,"turns":5},{"damage":9,"enemies":"Red Slaver","floor":14,"turns":7},{"damage":25,"enemies":"Slime Boss","floor":16,"turns":10},{"damage":38,"enemies":"2 Thieves","floor":18,"turns":5},{"damage":41,"enemies":"Chosen","floor":20,"turns":7},{"damage":22,"enemies":"Snake Plant","floor":24,"turns":5},{"damage":13,"enemies":"Snecko","floor":30,"turns":5},{"damage":69,"enemies":"3 Cultists","floor":31,"turns":6},{"damage":103,"enemies":"Collector","floor":33,"turns":8}],"seed_played":"-2378821266954274797","potions_obtained":[{"floor":1,"key":"Weak Potion"},{"floor":5,"key":"LiquidBronze"},{"floor":7,"key":"FearPotion"},{"floor":12,"key":"PowerPotion"},{"floor":18,"key":"EssenceOfSteel"},{"floor":20,"key":"SpeedPotion"},{"floor":24,"key":"Regen Potion"},{"floor":30,"key":"Ancient Potion"},{"floor":31,"key":"SkillPotion"}],"is_trial":false,"path_per_floor":["M","M","M","?","M","M","E","M","T","$","R","?","R","M","R","B",null,"M","?","M","?","$","R","M","?","T","R","$","$","M","M","R","B"],"character_chosen":"IRONCLAD","items_purchased":["Twin Strike","Reaper","ClockworkSouvenir"],"campfire_rested":3,"item_purchase_floors":[10,22,28],"current_hp_per_floor":[71,69,71,46,35,35,16,8,8,8,35,35,35,32,32,13,73,45,45,10,10,10,39,31,31,31,31,31,31,50,27,58,0],"gold":86,"neow_bonus":"THREE_RARE_CARDS","is_prod":false,"is_daily":false,"chose_seed":false,"campfire_upgraded":3,"win_rate":0,"timestamp":1558914133,"path_taken":["M","?","M","?","M","M","E","M","T","$","R","?","R","M","R","BOSS","M","?","M","?","$","R","M","?","T","R","?","$","M","M","R","BOSS"],"build_version":"2019-01-23","purchased_purges":2,"victory":false,"max_hp_per_floor":[78,81,84,84,87,90,90,93,93,93,93,93,93,93,93,93,93,97,97,97,97,97,97,101,101,101,101,101,101,101,105,105,105],"card_choices":[{"not_picked":["Limit Break","Dark Embrace"],"picked":"Feed","floor":0},{"not_picked":["Blood for Blood","Body Slam"],"picked":"Uppercut","floor":1},{"not_picked":["Searing Blow","Shrug It Off"],"picked":"Spot Weakness","floor":2},{"not_picked":["Rage","Cleave"],"picked":"Battle Trance","floor":3},{"not_picked":["True Grit","Headbutt","Wild Strike"],"picked":"SKIP","floor":5},{"not_picked":["Clothesline","Iron Wave"],"picked":"Shrug It Off","floor":6},{"not_picked":["Infernal Blade","Combust"],"picked":"Evolve","floor":7},{"not_picked":["Headbutt","Clash"],"picked":"Ghostly Armor","floor":8},{"not_picked":["Bloodletting","Flex"],"picked":"Armaments","floor":11},{"not_picked":["Burning Pact","Havoc","Clothesline"],"picked":"SKIP","floor":14},{"not_picked":["Dark Embrace","Barricade"],"picked":"Bludgeon","floor":16},{"not_picked":["Perfected Strike","Headbutt+1","Infernal Blade"],"picked":"SKIP","floor":18},{"not_picked":["Heavy Blade","Seeing Red","Reckless Charge"],"picked":"SKIP","floor":20},{"not_picked":["Seeing Red","Headbutt"],"picked":"Sword Boomerang","floor":23},{"not_picked":["Perfected Strike","Twin Strike"],"picked":"Shrug It Off","floor":24},{"not_picked":["Perfected Strike+1","Wild Strike","Feel No Pain"],"picked":"SKIP","floor":30},{"not_picked":["Anger","Iron Wave","Armaments"],"picked":"SKIP","floor":31},{"not_picked":["Pommel Strike","Uppercut"],"picked":"Reaper","floor":32}],"player_experience":769922,"relics_obtained":[{"floor":7,"key":"Dream Catcher"},{"floor":9,"key":"Juzu Bracelet"},{"floor":26,"key":"Meat on the Bone"}],"event_choices":[{"damage_healed":0,"gold_gain":0,"player_choice":"Entered Light","damage_taken":25,"max_hp_gain":0,"max_hp_loss":0,"event_name":"Shining Light","floor":4,"gold_loss":0,"cards_upgraded":["Spot Weakness","Uppercut"]},{"damage_healed":0,"gold_gain":0,"player_choice":"Got Potions","damage_taken":0,"max_hp_gain":0,"max_hp_loss":0,"event_name":"Lab","floor":12,"gold_loss":0},{"damage_healed":0,"gold_gain":0,"player_choice":"Inject Mutagens","damage_taken":0,"relics_obtained":["MutagenicStrength"],"max_hp_gain":0,"max_hp_loss":0,"event_name":"Drug Dealer","floor":19,"gold_loss":0},{"cards_removed":["Strike_R"],"damage_healed":0,"gold_gain":0,"player_choice":"Card Removal","damage_taken":0,"max_hp_gain":0,"max_hp_loss":0,"event_name":"Wheel of Change","floor":21,"gold_loss":0},{"damage_healed":0,"gold_gain":275,"player_choice":"Desecrate","damage_taken":0,"max_hp_gain":0,"max_hp_loss":0,"event_name":"Golden Shrine","floor":25,"gold_loss":0,"cards_obtained":["Regret"]}],"is_beta":false,"boss_relics":[{"not_picked":["Eternal Feather","Calling Bell"],"picked":"White Beast Statue"}],"items_purged_floors":[10,28],"is_endless":false,"potions_floor_spawned":[1,5,7,18,20,24,30,31],"killed_by":"Collector","ascension_level":20}