{"gold_per_floor":[109,109,128,53,53,79,34,34,34,34,53,83,96,114,114,217,217,236,236,236,65,165,165,193,18,45,63,63,79,114,131,131,131],"floor_reached":33,"playtime":1383,"items_purged":["Doubt","Strike_R"],"score":362,"play_id":"c9092f0c-7469-4511-8d78-55b5c8097db2","local_time":"20190205183919","is_ascension_mode":true,"campfire_choices":[{"floor":8,"key":"REST"},{"data":"Double Tap","floor":10,"key":"SMITH"},{"data":"Whirlwind","floor":15,"key":"SMITH"},{"data":"Armaments","floor":23,"key":"SMITH"},{"floor":28,"key":"REST"},{"floor":32,"key":"REST"}],"neow_cost":"CURSE","seed_source_timestamp":467009371050845,"circlet_count":0,"master_deck":["Strike_R","Strike_R","Strike_R","Defend_R","Defend_R","Defend_R","Defend_R","Bash","Double Tap+1","Headbutt","Spot Weakness","Thunderclap","Iron Wave","Whirlwind+1","Pummel","Heavy Blade","Pommel Strike","Double Tap","Thunderclap","Clash","Inflame","Armaments+1","Apotheosis","Heavy Blade","Reaper","True Grit","Heavy Blade"],"relics":["Burning Blood","Mango","Strawberry","Smiling Mask","Sozu","Ornamental Fan","Dead Branch","Mummified Hand","Bottled Lightning","Boot","Dream Catcher"],"potions_floor_usage":[22,30,33],"damage_taken":[{"damage":7,"enemies":"2 Louse","floor":1,"turns":5},{"damage":10,"enemies":"Small Slimes","floor":3,"turns":3},{"damage":40,"enemies":"3 Sentries","floor":6,"turns":9},{"damage":2,"enemies":"Jaw Worm","floor":11,"turns":2},{"damage":29,"enemies":"Gremlin Nob","floor":12,"turns":4},{"damage":11,"enemies":"Looter","floor":13,"turns":2},{"damage":3,"enemies":"Blue Slaver","floor":14,"turns":3},{"damage":51,"enemies":"Slime Boss","floor":16,"turns":8},{"damage":11,"enemies":"Spheric Guardian","floor":18,"turns":3},{"damage":23,"enemies":"Colosseum Slavers","floor":22,"turns":4},{"damage":28,"enemies":"Colosseum Nobs","floor":22,"turns":4},{"damage":32,"enemies":"Slavers","floor":24,"turns":3},{"damage":7,"enemies":"Shell Parasite","floor":27,"turns":2},{"damage":18,"enemies":"Centurion and Healer","floor":29,"turns":4},{"damage":26,"enemies":"Book of Stabbing","floor":30,"turns":4},{"damage":19,"enemies":"Snake Plant","floor":31,"turns":4},{"damage":75,"enemies":"Automaton","floor":33,"turns":6}],"seed_played":"-4581245090446537734","potions_obtained":[{"floor":6,"key":"PowerPotion"},{"floor":11,"key":"SpeedPotion"},{"floor":16,"key":"EssenceOfSteel"}],"is_trial":false,"path_per_floor":["M","?","M","$","?","E","$","R","T","R","M","E","M","M","R","B",null,"M","?","?","$","?","R","E","$","T","M","R","M","E","M","R","B"],"character_chosen":"IRONCLAD","items_purchased":["Iron Wave","Clash","Inflame","Apotheosis"],"campfire_rested":3,"item_purchase_floors":[7,21,21,25],"current_hp_per_floor":[79,79,75,75,68,48,48,76,83,83,87,64,59,62,62,17,101,96,96,96,96,57,57,31,31,31,30,60,48,28,15,45,0],"gold":131,"neow_bonus":"THREE_RARE_CARDS","is_prod":false,"is_daily":false,"chose_seed":false,"campfire_upgraded":3,"win_rate":0,"timestamp":1549409959,"path_taken":["M","?","M","$","?","E","?","R","T","R","M","E","M","M","R","BOSS","M","?","?","$","?","R","E","?","T","M","R","M","E","M","R","BOSS"],"build_version":"2019-01-23","purchased_purges":2,"victory":false,"max_hp_per_floor":[80,80,80,80,80,94,94,94,101,101,101,101,101,101,101,101,101,101,101,101,101,101,101,101,101,101,101,101,101,101,101,101,101],"card_choices":[{"not_picked":["Reaper","Limit Break"],"picked":"Double Tap","floor":0},{"not_picked":["Warcry","Rage"],"picked":"Headbutt","floor":1},{"not_picked":["Carnage","Clash"],"picked":"Spot Weakness","floor":3},{"not_picked":["Bloodletting","Berserk"],"picked":"Thunderclap","floor":6},{"not_picked":["Havoc","Sword Boomerang"],"picked":"Whirlwind","floor":11},{"not_picked":["Thunderclap","Twin Strike"],"picked":"Pummel","floor":12},{"not_picked":["Wild Strike","Twin Strike"],"picked":"Heavy Blade","floor":13},{"not_picked":["Body Slam","Sever Soul"],"picked":"Pommel Strike","floor":14},{"not_picked":["Impervious","Offering"],"picked":"Double Tap","floor":16},{"not_picked":["Body Slam+1","Warcry+1"],"picked":"Thunderclap","floor":18},{"not_picked":["Havoc","Ghostly Armor"],"picked":"Armaments","floor":22},{"not_picked":["Corruption+1","Infernal Blade","Thunderclap"],"picked":"SKIP","floor":24},{"not_picked":["Second Wind","Reckless Charge"],"picked":"Heavy Blade","floor":27},{"not_picked":["Warcry","Thunderclap+1"],"picked":"Reaper","floor":29},{"not_picked":["Twin Strike+1","Headbutt","Thunderclap"],"picked":"SKIP","floor":30},{"not_picked":["Headbutt+1","Pommel Strike"],"picked":"True Grit","floor":31},{"not_picked":["Armaments","Twin Strike"],"picked":"Heavy Blade","floor":32}],"player_experience":160947,"relics_obtained":[{"floor":6,"key":"Mango"},{"floor":9,"key":"Strawberry"},{"floor":12,"key":"Smiling Mask"},{"floor":22,"key":"Dead Branch"},{"floor":22,"key":"Mummified Hand"},{"floor":24,"key":"Bottled Lightning"},{"floor":26,"key":"Boot"},{"floor":30,"key":"Dream Catcher"}],"event_choices":[{"damage_healed":0,"gold_gain":0,"player_choice":"Ignored","damage_taken":0,"max_hp_gain":0,"max_hp_loss":0,"event_name":"Liars Game","floor":2,"gold_loss":0},{"cards_removed":["Strike_R"],"damage_healed":0,"gold_gain":0,"player_choice":"Card Removal","damage_taken":7,"max_hp_gain":0,"max_hp_loss":0,"event_name":"Golden Wing","floor":5,"gold_loss":0},{"damage_healed":0,"gold_gain":0,"player_choice":"Opened","damage_taken":0,"relics_obtained":["Ornamental Fan"],"max_hp_gain":0,"max_hp_loss":0,"event_name":"The Mausoleum","floor":19,"gold_loss":0},{"damage_healed":0,"gold_gain":0,"player_choice":"Ignored","damage_taken":0,"max_hp_gain":0,"max_hp_loss":0,"event_name":"Ghosts","floor":20,"gold_loss":0},{"damage_healed":0,"gold_gain":0,"player_choice":"Fight","damage_taken":0,"max_hp_gain":0,"max_hp_loss":0,"event_name":"Colosseum","floor":22,"gold_loss":0},{"damage_healed":0,"gold_gain":0,"player_choice":"Fought Nobs","damage_taken":0,"max_hp_gain":0,"max_hp_loss":0,"event_name":"Colosseum","floor":22,"gold_loss":0}],"is_beta":false,"boss_relics":[{"not_picked":["Busted Crown","Tiny House"],"picked":"Sozu"}],"items_purged_floors":[4,21],"is_endless":false,"potions_floor_spawned":[6,11,16,18,24,30,31],"killed_by":"Automaton","ascension_level":3}