{"gold_per_floor":[114,128,128,177,194,222,222,238,238,273,273,273,312,332,332,456,519,508,508,14,14,30,30,30,30,30,30],"floor_reached":27,"playtime":736,"items_purged":[],"score":252,"play_id":"87d7b9c0-037e-4bd2-81c3-9586cf0d9e54","local_time":"20190630113742","is_ascension_mode":true,"campfire_choices":[{"data":"Anger","floor":7,"key":"SMITH"},{"data":"Dual Wield","floor":12,"key":"SMITH"},{"data":"Double Tap","floor":15,"key":"SMITH"},{"data":"Armaments","floor":23,"key":"SMITH"},{"data":"Barricade","floor":25,"key":"SMITH"}],"neow_cost":"NONE","seed_source_timestamp":1166345164895691,"circlet_count":0,"master_deck":["Strike_R","Strike_R","Strike_R","Strike_R","Strike_R","Defend_R+1","Defend_R","Defend_R","Defend_R","Bash","Anger+1","Hemokinesis+1","Anger+1","Hemokinesis","Dual Wield+1","Double Tap+1","Flame Barrier","Anger","Barricade+1","Cleave","Armaments+1","Bloodletting+1","Fire Breathing+1"],"relics":["Burning Blood","NeowsBlessing","Vajra","Bronze Scales","Anchor","Calipers","Golden Idol","Omamori","Tiny House","Toxic Egg 2","Whetstone","Bottled Tornado","Blood Vial"],"potions_floor_usage":[13,13,13,16,18,27],"damage_taken":[{"damage":0,"enemies":"Cultist","floor":1,"turns":1},{"damage":0,"enemies":"Jaw Worm","floor":2,"turns":1},{"damage":0,"enemies":"2 Louse","floor":5,"turns":1},{"damage":42,"enemies":"Lagavulin","floor":6,"turns":4},{"damage":10,"enemies":"2 Fungi Beasts","floor":8,"turns":2},{"damage":19,"enemies":"3 Sentries","floor":10,"turns":4},{"damage":5,"enemies":"Gremlin Nob","floor":13,"turns":4},{"damage":3,"enemies":"Blue Slaver","floor":14,"turns":2},{"damage":23,"enemies":"Hexaghost","floor":16,"turns":8},{"damage":10,"enemies":"2 Thieves","floor":18,"turns":4},{"damage":50,"enemies":"Colosseum Slavers","floor":19,"turns":5},{"damage":4,"enemies":"3 Byrds","floor":22,"turns":4},{"damage":45,"enemies":"Slavers","floor":27,"turns":3}],"seed_played":"-197435778558840929","potions_obtained":[{"floor":1,"key":"SkillPotion"},{"floor":2,"key":"Dexterity Potion"},{"floor":8,"key":"SkillPotion"},{"floor":13,"key":"EssenceOfSteel"},{"floor":17,"key":"Weak Potion"},{"floor":22,"key":"BloodPotion"}],"is_trial":false,"path_per_floor":["M","M","?","T","M","E","R","M","T","E","?","R","E","M","R","B",null,"M","?","$","?","M","R","T","R","T","E"],"character_chosen":"IRONCLAD","items_purchased":["Armaments","Toxic Egg 2","Whetstone","Bloodletting+1"],"campfire_rested":0,"item_purchase_floors":[20,20,20,20],"current_hp_per_floor":[80,80,80,80,80,44,44,40,40,27,27,27,28,31,31,14,79,75,31,31,31,33,33,33,33,33,0],"gold":30,"neow_bonus":"THREE_ENEMY_KILL","is_prod":false,"is_daily":false,"chose_seed":false,"campfire_upgraded":5,"win_rate":0,"timestamp":1561919862,"path_taken":["M","?","?","?","M","E","R","?","T","E","?","R","E","M","R","BOSS","M","?","$","?","M","R","?","R","T","E"],"build_version":"2019-01-23","purchased_purges":0,"victory":false,"max_hp_per_floor":[80,80,80,80,80,80,80,80,80,80,74,74,74,74,74,74,79,79,79,79,79,79,79,79,79,79,79],"card_choices":[{"not_picked":["Searing Blow","Body Slam"],"picked":"Anger","floor":1},{"not_picked":["Wild Strike","Bloodletting"],"picked":"Hemokinesis","floor":2},{"not_picked":["Sword Boomerang","Wild Strike"],"picked":"Anger","floor":5},{"not_picked":["Twin Strike","Perfected Strike"],"picked":"Hemokinesis","floor":6},{"not_picked":["Clash","Searing Blow"],"picked":"Dual Wield","floor":8},{"not_picked":["Wild Strike","Demon Form"],"picked":"Double Tap","floor":10},{"not_picked":["Inflame","Power Through"],"picked":"Flame Barrier","floor":13},{"not_picked":["Thunderclap","Wild Strike"],"picked":"Anger","floor":14},{"not_picked":["Bludgeon","Feed"],"picked":"Barricade","floor":16},{"not_picked":["Combust","Searing Blow"],"picked":"Cleave","floor":17},{"not_picked":["True Grit","Iron Wave","Whirlwind"],"picked":"SKIP","floor":18},{"not_picked":["Bloodletting+1","Rage+1"],"picked":"Fire Breathing+1","floor":22}],"player_experience":52904,"relics_obtained":[{"floor":4,"key":"Vajra"},{"floor":6,"key":"Bronze Scales"},{"floor":9,"key":"Anchor"},{"floor":10,"key":"Calipers"},{"floor":13,"key":"Omamori"},{"floor":24,"key":"Bottled Tornado"},{"floor":26,"key":"Blood Vial"}],"event_choices":[{"damage_healed":0,"gold_gain":0,"player_choice":"Ignored","damage_taken":0,"max_hp_gain":0,"max_hp_loss":0,"event_name":"Liars Game","floor":3,"gold_loss":0},{"damage_healed":0,"gold_gain":0,"player_choice":"Lose Max HP","damage_taken":0,"relics_obtained":["Golden Idol"],"max_hp_gain":0,"max_hp_loss":6,"event_name":"Golden Idol","floor":11,"gold_loss":0},{"damage_healed":0,"gold_gain":0,"player_choice":"Fight","damage_taken":0,"max_hp_gain":0,"max_hp_loss":0,"event_name":"Colosseum","floor":19,"gold_loss":0},{"damage_healed":0,"gold_gain":0,"player_choice":"Fled From Nobs","damage_taken":0,"max_hp_gain":0,"max_hp_loss":0,"event_name":"Colosseum","floor":19,"gold_loss":0},{"damage_healed":0,"gold_gain":0,"player_choice":"Ignored","damage_taken":0,"max_hp_gain":0,"max_hp_loss":0,"event_name":"Ghosts","floor":21,"gold_loss":0}],"is_beta":false,"boss_relics":[{"not_picked":["Empty Cage","Velvet Choker"],"picked":"Tiny House"}],"items_purged_floors":[],"is_endless":false,"potions_floor_spawned":[1,2,8,13,22],"killed_by":"Slavers","ascension_level":2}