{"gold_per_floor":[20,33,48,48,48,48,48,48,75,75,88,88,102,127,127,202,202,222,222,147,158,0,0,0,15,41,63,75,101,113,144,156,168],"floor_reached":33,"playtime":935,"items_purged":["Parasite"],"score":579,"play_id":"55f49dbf-1ba0-4e4a-9780-07243130547a","local_time":"20190625161807","is_ascension_mode":true,"campfire_choices":[{"data":"Heavy Blade","floor":6,"key":"SMITH"},{"data":"Evolve","floor":10,"key":"SMITH"},{"data":"Spot Weakness","floor":12,"key":"SMITH"},{"data":"Inflame","floor":15,"key":"SMITH"},{"floor":23,"key":"REST"},{"floor":30,"key":"REST"},{"floor":32,"key":"REST"}],"neow_cost":"NO_GOLD","seed_source_timestamp":1099081821387993,"circlet_count":0,"master_deck":["AscendersBane","Strike_R","Strike_R","Strike_R","Strike_R","Strike_R","Defend_R","Defend_R","Defend_R","Defend_R","Bash","Evolve+1","Heavy Blade+1","Infernal Blade+1","Spot Weakness+1","Inflame","Inflame+1","Immolate","Shrug It Off","Thunderclap","Shrug It Off","Headbutt","Shrug It Off","Headbutt+1"],"relics":["Burning Blood","Pocketwatch","Bag of Preparation","Ancient Tea Set","Strawberry","Sozu","Vajra","MawBank"],"potions_floor_usage":[13,14,16],"damage_taken":[{"damage":10,"enemies":"Small Slimes","floor":1,"turns":3},{"damage":9,"enemies":"2 Louse","floor":2,"turns":4},{"damage":14,"enemies":"Jaw Worm","floor":3,"turns":4},{"damage":35,"enemies":"Large Slime","floor":11,"turns":6},{"damage":0,"enemies":"2 Fungi Beasts","floor":13,"turns":3},{"damage":20,"enemies":"3 Sentries","floor":14,"turns":4},{"damage":0,"enemies":"Slime Boss","floor":16,"turns":6},{"damage":18,"enemies":"3 Byrds","floor":18,"turns":4},{"damage":11,"enemies":"Spheric Guardian","floor":21,"turns":3},{"damage":3,"enemies":"Cultist and Chosen","floor":25,"turns":4},{"damage":49,"enemies":"Shelled Parasite and Fungi","floor":27,"turns":5},{"damage":16,"enemies":"Snake Plant","floor":29,"turns":3},{"damage":22,"enemies":"3 Cultists","floor":31,"turns":4},{"damage":86,"enemies":"Collector","floor":33,"turns":6}],"seed_played":"-7885330507614621906","potions_obtained":[{"floor":1,"key":"SpeedPotion"},{"floor":11,"key":"Strength Potion"},{"floor":14,"key":"Dexterity Potion"}],"is_trial":false,"path_per_floor":["M","M","M","?","?","R","?","T","T","R","M","R","M","E","R","B",null,"M","?","$","M","$","R","?","M","T","M","?","M","R","M","R","B"],"character_chosen":"IRONCLAD","items_purchased":["Vajra"],"campfire_rested":3,"item_purchase_floors":[22],"current_hp_per_floor":[64,61,53,53,53,53,71,71,71,71,42,42,48,41,41,47,73,61,37,37,32,32,57,74,77,77,34,34,24,49,33,58,0],"gold":168,"neow_bonus":"ONE_RARE_RELIC","is_prod":false,"is_daily":false,"chose_seed":false,"campfire_upgraded":4,"win_rate":0,"timestamp":1561504687,"path_taken":["M","M","M","?","?","R","?","?","T","R","?","R","M","E","R","BOSS","M","?","$","M","$","R","?","M","T","M","?","M","R","?","R","BOSS"],"build_version":"2019-01-23","purchased_purges":1,"victory":false,"max_hp_per_floor":[75,75,75,75,75,75,75,75,75,75,75,75,75,82,82,82,82,82,87,84,84,84,84,84,84,84,84,84,84,84,84,84,84],"card_choices":[{"not_picked":["Heavy Blade","Havoc"],"picked":"Evolve","floor":1},{"not_picked":["Sentinel","True Grit"],"picked":"Heavy Blade","floor":2},{"not_picked":["Warcry","Flex"],"picked":"Infernal Blade","floor":3},{"not_picked":["Heavy Blade","Cleave"],"picked":"Spot Weakness","floor":11},{"not_picked":["Body Slam","Havoc"],"picked":"Inflame","floor":13},{"not_picked":["Rupture","Cleave"],"picked":"Inflame","floor":14},{"not_picked":["Dark Embrace","Bludgeon"],"picked":"Immolate","floor":16},{"not_picked":["Second Wind","Thunderclap"],"picked":"Shrug It Off","floor":18},{"not_picked":["Warcry","Clothesline"],"picked":"Thunderclap","floor":21},{"not_picked":["Inflame","Armaments"],"picked":"Shrug It Off","floor":25},{"not_picked":["Carnage","Power Through"],"picked":"Headbutt","floor":27},{"not_picked":["Clash","Exhume"],"picked":"Shrug It Off","floor":29},{"not_picked":["Sentinel","Iron Wave"],"picked":"Headbutt+1","floor":31}],"player_experience":1080678,"relics_obtained":[{"floor":8,"key":"Bag of Preparation"},{"floor":9,"key":"Ancient Tea Set"},{"floor":14,"key":"Strawberry"},{"floor":26,"key":"MawBank"}],"event_choices":[{"damage_healed":0,"gold_gain":0,"player_choice":"Grow","damage_taken":0,"max_hp_gain":0,"max_hp_loss":0,"event_name":"Living Wall","floor":4,"gold_loss":0,"cards_upgraded":["Infernal Blade"]},{"damage_healed":0,"gold_gain":0,"player_choice":"Leave","damage_taken":0,"max_hp_gain":0,"max_hp_loss":0,"event_name":"The Cleric","floor":5,"gold_loss":0},{"damage_healed":18,"gold_gain":0,"player_choice":"Healed and dodged fight","damage_taken":0,"max_hp_gain":0,"max_hp_loss":0,"event_name":"Mushrooms","floor":7,"gold_loss":0,"cards_obtained":["Parasite"]},{"damage_healed":0,"gold_gain":0,"player_choice":"Shed Blood","damage_taken":29,"max_hp_gain":5,"max_hp_loss":0,"event_name":"Forgotten Altar","floor":19,"gold_loss":0},{"damage_healed":17,"gold_gain":0,"player_choice":"Heal","damage_taken":0,"max_hp_gain":0,"max_hp_loss":0,"event_name":"The Library","floor":24,"gold_loss":0},{"damage_healed":0,"gold_gain":0,"player_choice":"Ignored","damage_taken":0,"max_hp_gain":0,"max_hp_loss":0,"event_name":"Cursed Tome","floor":28,"gold_loss":0}],"is_beta":false,"boss_relics":[{"not_picked":["Mark of Pain","Snecko Eye"],"picked":"Sozu"}],"items_purged_floors":[20],"is_endless":false,"potions_floor_spawned":[1,11,14,25,27,29],"killed_by":"Collector","ascension_level":19}