{"gold_per_floor":[119,119,119,138,152,152,186,186,186,214,214,225,236,27,27,122,122,132,81,81,81,93,93,108,108],"floor_reached":25,"playtime":1060,"items_purged":[],"score":338,"play_id":"1a14c560-9a4f-4fe1-8edf-ad02b651197a","local_time":"20190226192020","is_ascension_mode":true,"campfire_choices":[{"data":"Zap","floor":6,"key":"SMITH"},{"floor":8,"key":"REST"},{"floor":11,"key":"REST"},{"floor":15,"key":"REST"},{"floor":23,"key":"REST"}],"neow_cost":"NONE","seed_source_timestamp":950251716897644,"circlet_count":0,"master_deck":["AscendersBane","Strike_B","Strike_B","Strike_B","Defend_B","Defend_B","Defend_B+1","Defend_B","Zap+1","Dualcast+1","Blind","Gash","Coolheaded","Beam Cell","Ball Lightning","Sunder","Sweeping Beam","White Noise","Ball Lightning","Core Surge","Gash","J.A.X.","Self Repair"],"relics":["Cracked Core","NlothsMask","Calipers","Omamori","War Paint","Philosopher\u0027s Stone","Blue Candle"],"potions_floor_usage":[10,12,16,25,25],"damage_taken":[{"damage":1,"enemies":"Small Slimes","floor":1,"turns":4},{"damage":3,"enemies":"2 Louse","floor":4,"turns":3},{"damage":0,"enemies":"Cultist","floor":5,"turns":4},{"damage":37,"enemies":"3 Sentries","floor":7,"turns":12},{"damage":18,"enemies":"Gremlin Nob","floor":10,"turns":4},{"damage":5,"enemies":"Lots of Slimes","floor":12,"turns":2},{"damage":8,"enemies":"Exordium Wildlife","floor":13,"turns":3},{"damage":39,"enemies":"Hexaghost","floor":16,"turns":10},{"damage":24,"enemies":"Shell Parasite","floor":18,"turns":5},{"damage":6,"enemies":"Chosen","floor":22,"turns":4},{"damage":32,"enemies":"Shelled Parasite and Fungi","floor":24,"turns":6},{"damage":28,"enemies":"Slavers","floor":25,"turns":1}],"seed_played":"-8741171172503723968","potions_obtained":[{"floor":4,"key":"Explosive Potion"},{"floor":7,"key":"AttackPotion"},{"floor":10,"key":"Block Potion"},{"floor":22,"key":"FearPotion"},{"floor":24,"key":"Swift Potion"}],"is_trial":false,"path_per_floor":["M","?","?","M","M","R","E","R","T","E","R","M","M","$","R","B",null,"M","$","T","?","M","R","M","E"],"character_chosen":"DEFECT","items_purchased":["War Paint","Ball Lightning","Gash"],"campfire_rested":4,"item_purchase_floors":[14,14,19],"current_hp_per_floor":[67,60,60,57,57,57,20,42,42,24,46,41,33,33,55,16,60,36,36,36,36,30,52,27,0],"gold":108,"neow_bonus":"RANDOM_COLORLESS","is_prod":false,"is_daily":false,"chose_seed":false,"campfire_upgraded":1,"win_rate":0,"timestamp":1551226820,"path_taken":["M","?","?","M","?","R","E","R","T","E","R","M","M","$","R","BOSS","M","$","?","?","M","R","M","E"],"build_version":"2019-01-23","purchased_purges":0,"victory":false,"max_hp_per_floor":[75,75,75,75,75,75,75,75,75,75,75,75,75,75,75,75,75,75,75,75,75,75,75,75,75],"card_choices":[{"not_picked":["Recycle","Go for the Eyes"],"picked":"Gash","floor":1},{"not_picked":["Auto Shields","Leap"],"picked":"Coolheaded","floor":4},{"not_picked":["Reprogram","Skim"],"picked":"Beam Cell","floor":5},{"not_picked":["Melter","Lockon"],"picked":"Ball Lightning","floor":7},{"not_picked":["Go for the Eyes","Conserve Battery"],"picked":"Sunder","floor":10},{"not_picked":["Streamline","Barrage"],"picked":"Sweeping Beam","floor":12},{"not_picked":["Reboot","FTL"],"picked":"White Noise","floor":13},{"not_picked":["Rainbow","Multi-Cast"],"picked":"Core Surge","floor":16},{"not_picked":["Reprogram","Streamline","White Noise"],"picked":"SKIP","floor":18},{"not_picked":["Double Energy","Ball Lightning"],"picked":"Self Repair","floor":22},{"not_picked":["Ball Lightning","Sweeping Beam","Rebound"],"picked":"SKIP","floor":24}],"player_experience":326278,"relics_obtained":[{"floor":7,"key":"Calipers"},{"floor":10,"key":"Omamori"},{"floor":20,"key":"Blue Candle"}],"event_choices":[{"cards_removed":["Strike_B"],"damage_healed":0,"gold_gain":0,"player_choice":"Card Removal","damage_taken":7,"max_hp_gain":0,"max_hp_loss":0,"event_name":"Golden Wing","floor":2,"gold_loss":0},{"damage_healed":0,"gold_gain":0,"player_choice":"Trade","damage_taken":0,"relics_obtained":["NlothsMask"],"max_hp_gain":0,"max_hp_loss":0,"event_name":"FaceTrader","floor":3,"gold_loss":0},{"damage_healed":0,"gold_gain":0,"player_choice":"Obtain J.A.X.","damage_taken":0,"max_hp_gain":0,"max_hp_loss":0,"event_name":"Drug Dealer","floor":21,"gold_loss":0,"cards_obtained":["J.A.X."]}],"is_beta":false,"boss_relics":[{"not_picked":["Coffee Dripper","Lizard Tail"],"picked":"Philosopher\u0027s Stone"}],"items_purged_floors":[],"is_endless":false,"potions_floor_spawned":[4,7,10,22,24],"killed_by":"Slavers","ascension_level":12}