{"gold_per_floor":[115,130,4,4,22,49,62,62,114,128,142,173,173,188,188,288,288,288,288],"floor_reached":19,"playtime":2400,"items_purged":["Strike_B"],"score":290,"play_id":"d773b4e7-1aad-4358-8c69-b67a05f0d09c","local_time":"20190222231325","is_ascension_mode":true,"campfire_choices":[{"data":"Self Repair","floor":8.0,"key":"SMITH"},{"data":"Hyperbeam","floor":13.0,"key":"SMITH"},{"data":"Dualcast","floor":15.0,"key":"SMITH"}],"neow_cost":"NONE","seed_source_timestamp":0,"circlet_count":0,"master_deck":["AscendersBane","Strike_B","Strike_B","Strike_B","Defend_B+1","Defend_B","Defend_B","Defend_B","Zap+1","Dualcast+1","Hyperbeam+1","Gash","Conserve Battery","Self Repair+1","BootSequence","Conserve Battery","Ball Lightning","Go for the Eyes","Fission"],"special_seed":0,"relics":["Cracked Core","Singing Bowl","Strawberry","Bag of Marbles","Ectoplasm"],"potions_floor_usage":[],"damage_taken":[{"damage":1.0,"enemies":"Cultist","floor":1.0,"turns":3.0},{"damage":0.0,"enemies":"2 Louse","floor":2.0,"turns":2.0},{"damage":4.0,"enemies":"Jaw Worm","floor":5.0,"turns":2.0},{"damage":25.0,"enemies":"3 Sentries","floor":6.0,"turns":6.0},{"damage":0.0,"enemies":"Large Slime","floor":7.0,"turns":6.0},{"damage":0.0,"enemies":"3 Louse","floor":10.0,"turns":1.0},{"damage":0.0,"enemies":"Gremlin Gang","floor":11.0,"turns":3.0},{"damage":15.0,"enemies":"Lagavulin","floor":12.0,"turns":8.0},{"damage":0.0,"enemies":"Red Slaver","floor":14.0,"turns":3.0},{"damage":19.0,"enemies":"The Guardian","floor":16.0,"turns":10.0},{"damage":26,"enemies":"Spheric Guardian","floor":18,"turns":6},{"damage":65,"enemies":"3 Byrds","floor":19,"turns":6}],"seed_played":"5985109196265809234","potions_obtained":[{"floor":6.0,"key":"FearPotion"},{"floor":11.0,"key":"SkillPotion"},{"floor":16.0,"key":"Weak Potion"}],"is_trial":false,"path_per_floor":["M","M","$","?","M","E","M","R","T","M","M","E","R","M","R","B",null,"M","M"],"character_chosen":"DEFECT","items_purchased":["Conserve Battery"],"campfire_rested":0,"item_purchase_floors":[3],"current_hp_per_floor":[67,67,67,52,48,30,37,37,44,46,56,53,53,63,63,54,78,64,0],"gold":288,"neow_bonus":"ONE_RANDOM_RARE_CARD","is_prod":false,"is_daily":false,"chose_seed":false,"campfire_upgraded":3,"win_rate":0,"timestamp":1550895205,"path_taken":["M","M","?","?","M","E","M","R","T","M","M","E","R","M","R","BOSS","M","M"],"build_version":"2019-01-23","purchased_purges":1,"victory":false,"max_hp_per_floor":[75,75,75,75,75,75,75,75,82,84,84,86,86,86,86,86,86,88,88],"card_choices":[{"not_picked":["Stack","Steam"],"picked":"Gash","floor":1.0},{"not_picked":["Turbo","Aggregate","FTL"],"picked":"SKIP","floor":2.0},{"not_picked":["Force Field","Leap"],"picked":"Self Repair","floor":5.0},{"not_picked":["Recycle","Loop"],"picked":"BootSequence","floor":6.0},{"not_picked":["Thunder Strike","Sweeping Beam"],"picked":"Conserve Battery","floor":7.0},{"not_picked":["Stack","Lockon","Sweeping Beam"],"picked":"Singing Bowl","floor":10.0},{"not_picked":["Leap","Turbo"],"picked":"Ball Lightning","floor":11.0},{"not_picked":["Compile Driver","Chaos","Turbo"],"picked":"Singing Bowl","floor":12.0},{"not_picked":["Reinforced Body","Hologram"],"picked":"Go for the Eyes","floor":14.0},{"not_picked":["Seek","Reboot"],"picked":"Fission","floor":16.0},{"not_picked":["Steam+1","Beam Cell","Redo"],"picked":"Singing Bowl","floor":18}],"player_experience":310442,"relics_obtained":[{"floor":6.0,"key":"Singing Bowl"},{"floor":9.0,"key":"Strawberry"},{"floor":12.0,"key":"Bag of Marbles"}],"event_choices":[{"damage_healed":0.0,"max_hp_gain":0.0,"max_hp_loss":0.0,"gold_gain":0.0,"event_name":"Shining Light","player_choice":"Entered Light","floor":4.0,"gold_loss":0.0,"damage_taken":15.0,"cards_upgraded":["Zap","Defend_B"]}],"is_beta":false,"boss_relics":[{"not_picked":["Tiny House","Velvet Choker"],"picked":"Ectoplasm"}],"items_purged_floors":[3],"is_endless":false,"potions_floor_spawned":[6,11,12,14,16],"killed_by":"3 Byrds","ascension_level":12}