{"gold_per_floor":[115,190,208,178,193,193,211,211,282,282,296,79,99,158,158,158],"floor_reached":16,"playtime":488,"items_purged":[],"score":170,"play_id":"4bccce4d-44a9-43c6-a274-593f3e1da54d","local_time":"20190606203045","is_ascension_mode":true,"campfire_choices":[{"data":"Whirlwind","floor":6,"key":"SMITH"},{"data":"Inflame","floor":8,"key":"SMITH"},{"data":"Clothesline","floor":15,"key":"SMITH"}],"neow_cost":"NONE","seed_source_timestamp":450610218928111,"circlet_count":0,"master_deck":["AscendersBane","Strike_R","Strike_R","Strike_R","Strike_R","Strike_R","Defend_R","Defend_R","Defend_R","Defend_R","Bash","Clothesline+1","Cleave","Whirlwind+1","Inflame+1","Twin Strike","True Grit","Cleave","Clothesline"],"relics":["Burning Blood","Frozen Egg 2","Lantern","Anchor","Omamori"],"potions_floor_usage":[7,14,16,16],"damage_taken":[{"damage":9,"enemies":"Small Slimes","floor":1,"turns":4},{"damage":9,"enemies":"2 Louse","floor":3,"turns":3},{"damage":6,"enemies":"Cultist","floor":5,"turns":3},{"damage":6,"enemies":"Exordium Wildlife","floor":7,"turns":2},{"damage":11,"enemies":"Blue Slaver","floor":11,"turns":3},{"damage":5,"enemies":"Large Slime","floor":13,"turns":4},{"damage":12,"enemies":"Gremlin Nob","floor":14,"turns":3},{"damage":47,"enemies":"Hexaghost","floor":16,"turns":8}],"seed_played":"-8877545329651245930","potions_obtained":[{"floor":4,"key":"Block Potion"},{"floor":4,"key":"SpeedPotion"},{"floor":7,"key":"SteroidPotion"},{"floor":14,"key":"Strength Potion"}],"is_trial":false,"path_per_floor":["M","?","M","?","M","R","M","R","T","?","M","$","M","?","R","B"],"character_chosen":"IRONCLAD","items_purchased":["Anchor","True Grit"],"campfire_rested":0,"item_purchase_floors":[12,12],"current_hp_per_floor":[72,61,58,58,58,58,58,58,58,53,48,48,49,43,43,0],"gold":158,"neow_bonus":"TEN_PERCENT_HP_BONUS","is_prod":false,"is_daily":false,"chose_seed":false,"campfire_upgraded":3,"win_rate":0,"timestamp":1559878245,"path_taken":["M","?","M","?","?","R","M","R","T","?","M","$","M","?","R","BOSS"],"build_version":"2019-01-23","purchased_purges":0,"victory":false,"max_hp_per_floor":[82,82,82,82,82,82,82,82,82,82,82,82,82,82,82,82],"card_choices":[{"not_picked":["Evolve","Clash"],"picked":"Clothesline","floor":1},{"not_picked":["Body Slam","Rage"],"picked":"Cleave","floor":3},{"not_picked":["True Grit","Pommel Strike"],"picked":"Whirlwind","floor":5},{"not_picked":["Armaments","Searing Blow"],"picked":"Inflame","floor":7},{"not_picked":["Infernal Blade","Sword Boomerang"],"picked":"Twin Strike","floor":11},{"not_picked":["Body Slam","Bloodletting"],"picked":"Cleave","floor":13},{"not_picked":["Fire Breathing+1","Perfected Strike"],"picked":"Clothesline","floor":14}],"player_experience":960810,"relics_obtained":[{"floor":9,"key":"Frozen Egg 2"},{"floor":14,"key":"Omamori"}],"event_choices":[{"damage_healed":0,"gold_gain":75,"player_choice":"Gather Gold","damage_taken":11,"max_hp_gain":0,"max_hp_loss":0,"event_name":"World of Goop","floor":2,"gold_loss":0},{"damage_healed":0,"gold_gain":0,"player_choice":"Bought 2 Potions","damage_taken":0,"max_hp_gain":0,"max_hp_loss":0,"event_name":"The Woman in Blue","floor":4,"gold_loss":0},{"damage_healed":0,"gold_gain":0,"player_choice":"Success","damage_taken":5,"relics_obtained":["Lantern"],"max_hp_gain":0,"max_hp_loss":0,"event_name":"Scrap Ooze","floor":10,"gold_loss":0},{"damage_healed":0,"gold_gain":30,"player_choice":"Searched \u00272\u0027 times","damage_taken":0,"max_hp_gain":0,"max_hp_loss":0,"event_name":"Dead Adventurer","floor":14,"gold_loss":0}],"is_beta":false,"boss_relics":[],"items_purged_floors":[],"is_endless":false,"potions_floor_spawned":[7,11,14],"killed_by":"Hexaghost","ascension_level":17}