{"gold_per_floor":[112,125,145,155,171,200,200,235,260,289,289,349,393,457,457,553,553,589,630,34,64,123,180,180,207,258,272,304,304,358,75,75,176,176,194,194,204,284,284,284,315,315,341,395,395,423,434,481,493,601,613,663,675,704,28,43,70,70,107,160,160,187,187,198,14,14,110,110,123,45,45,70,85,110,110,127,127],"floor_reached":77,"playtime":3035,"items_purged":["Forethought+1"],"score":2129,"play_id":"9cdd315f-9e35-4611-af12-46af68c05419","local_time":"20190629070116","daily_mods":["Draft","Vintage","Colorless Cards","Heirloom","DeadlyEvents","Elite Swarm","Terminal"],"is_ascension_mode":false,"campfire_choices":[{"data":"Armaments","floor":7,"key":"SMITH"},{"data":"Armaments","floor":11,"key":"SMITH"},{"data":"Barricade","floor":15,"key":"SMITH"},{"data":"Enlightenment","floor":24,"key":"SMITH"},{"data":"Seeing Red","floor":29,"key":"SMITH"},{"data":"Apotheosis","floor":32,"key":"SMITH"},{"data":"Infernal Blade","floor":40,"key":"SMITH"},{"data":"Body Slam","floor":42,"key":"SMITH"},{"data":"Body Slam","floor":45,"key":"SMITH"},{"data":"Offering","floor":49,"key":"SMITH"},{"data":"Evolve","floor":58,"key":"SMITH"},{"data":"Immolate","floor":61,"key":"SMITH"},{"data":"Anger","floor":66,"key":"SMITH"},{"data":"Armaments+1","floor":75,"key":"PURGE"}],"neow_cost":"","seed_source_timestamp":1054763745734847,"circlet_count":0,"master_deck":["Demon Form","Wraith Form v2","Echo Form","Anger+1","Seeing Red+1","Body Slam+1","Armaments+1","Thunderclap+1","Evolve+1","Infernal Blade+1","Anger+1","Thunderclap+1","Spot Weakness+1","Body Slam+1","Body Slam+1","Immolate+1","Offering+1","HandOfGreed+1","Barricade+1","Immolate+1","Enlightenment+1","Berserk+1","Mayhem+1","Dark Embrace+1","Apotheosis+1","Anger+1","Combust+1","Panache+1","Body Slam+1","Juggernaut+1","Berserk+1","Secret Weapon+1","Feed+1","Bludgeon+1","Feel No Pain+1","Shrug It Off+1","Double Tap+1","Violence+1","Inflame+1","Thunderclap+1","Exhume+1","Mind Blast+1","Mayhem+1","Anger+1","Fiend Fire+1","Feed+1"],"relics":["Burning Blood","Pocketwatch","Centennial Puzzle","Unceasing Top","Red Skull","Whetstone","Anchor","Torii","Ice Cream","Omamori","Molten Egg 2","Thread and Needle","Mummified Hand","Tiny Chest","Black Star","Strawberry","Sundial","Potion Belt","Pantograph","MealTicket","Red Mask","Incense Burner","Frozen Egg 2","Lantern","PreservedInsect","Regal Pillow","Happy Flower","Bottled Tornado","Blood Vial","Pen Nib","Shuriken","Gremlin Horn","Bronze Scales","Philosopher\u0027s Stone","Mango","Pear","Oddly Smooth Stone","Ginger","Toxic Egg 2","Turnip","Orichalcum","Vajra","Meat on the Bone","Boot","Bag of Marbles","Nunchaku","MawBank","Ornamental Fan","Blue Candle","Snecko Eye","Darkstone Periapt","War Paint","Dream Catcher","Ancient Tea Set","Singing Bowl","Sling","Kunai","Bottled Flame","Art of War","Bag of Preparation","Astrolabe","The Courier","Peace Pipe","Gambling Chip","Bird Faced Urn"],"potions_floor_usage":[6,6,6,23,23,23,23,33,33,54,72,72,76],"damage_taken":[{"damage":13,"enemies":"Cultist","floor":1,"turns":5},{"damage":1,"enemies":"Jaw Worm","floor":2,"turns":5},{"damage":7,"enemies":"2 Louse","floor":3,"turns":4},{"damage":5,"enemies":"Looter","floor":4,"turns":2},{"damage":10,"enemies":"Blue Slaver","floor":5,"turns":4},{"damage":9,"enemies":"Gremlin Nob","floor":6,"turns":3},{"damage":10,"enemies":"3 Sentries","floor":8,"turns":5},{"damage":7,"enemies":"Gremlin Nob","floor":10,"turns":3},{"damage":2,"enemies":"3 Sentries","floor":12,"turns":4},{"damage":0,"enemies":"Red Slaver","floor":13,"turns":1},{"damage":1,"enemies":"3 Louse","floor":14,"turns":2},{"damage":1,"enemies":"Slime Boss","floor":16,"turns":5},{"damage":6,"enemies":"3 Byrds","floor":18,"turns":2},{"damage":6,"enemies":"Spheric Guardian","floor":19,"turns":1},{"damage":0,"enemies":"Masked Bandits","floor":21,"turns":2},{"damage":18,"enemies":"3 Cultists","floor":22,"turns":4},{"damage":9,"enemies":"Slavers","floor":23,"turns":2},{"damage":0,"enemies":"Gremlin Leader","floor":25,"turns":2},{"damage":6,"enemies":"Shelled Parasite and Fungi","floor":27,"turns":2},{"damage":6,"enemies":"Book of Stabbing","floor":28,"turns":2},{"damage":6,"enemies":"Slavers","floor":30,"turns":2},{"damage":1,"enemies":"Collector","floor":33,"turns":3},{"damage":6,"enemies":"3 Shapes","floor":35,"turns":1},{"damage":7,"enemies":"3 Darklings","floor":37,"turns":2},{"damage":0,"enemies":"2 Orb Walkers","floor":38,"turns":3},{"damage":35,"enemies":"Nemesis","floor":41,"turns":3},{"damage":2,"enemies":"Reptomancer","floor":44,"turns":2},{"damage":2,"enemies":"Nemesis","floor":46,"turns":3},{"damage":1,"enemies":"Writhing Mass","floor":47,"turns":2},{"damage":6,"enemies":"Giant Head","floor":48,"turns":2},{"damage":8,"enemies":"Time Eater","floor":50,"turns":3},{"damage":6,"enemies":"2 Louse","floor":52,"turns":1},{"damage":1,"enemies":"Cultist","floor":54,"turns":1},{"damage":0,"enemies":"Jaw Worm","floor":56,"turns":1},{"damage":0,"enemies":"3 Sentries","floor":57,"turns":2},{"damage":0,"enemies":"Exordium Wildlife","floor":59,"turns":1},{"damage":0,"enemies":"Lagavulin","floor":62,"turns":1},{"damage":0,"enemies":"Large Slime","floor":64,"turns":1},{"damage":7,"enemies":"Hexaghost","floor":67,"turns":2},{"damage":6,"enemies":"Shell Parasite","floor":69,"turns":1},{"damage":0,"enemies":"Book of Stabbing","floor":72,"turns":3},{"damage":0,"enemies":"3 Byrds","floor":73,"turns":3},{"damage":26,"enemies":"Slavers","floor":74,"turns":2},{"damage":0,"enemies":"Shelled Parasite and Fungi","floor":76,"turns":1},{"damage":0,"enemies":"Book of Stabbing","floor":77,"turns":1}],"seed_played":"2662409784941668215","potions_obtained":[{"floor":2,"key":"Poison Potion"},{"floor":3,"key":"AttackPotion"},{"floor":5,"key":"Regen Potion"},{"floor":8,"key":"AttackPotion"},{"floor":10,"key":"Explosive Potion"},{"floor":13,"key":"Dexterity Potion"},{"floor":21,"key":"Fire Potion"},{"floor":25,"key":"FearPotion"},{"floor":30,"key":"SteroidPotion"},{"floor":41,"key":"Weak Potion"},{"floor":44,"key":"Weak Potion"},{"floor":48,"key":"GamblersBrew"},{"floor":50,"key":"AttackPotion"},{"floor":52,"key":"SteroidPotion"},{"floor":54,"key":"Fruit Juice"},{"floor":56,"key":"Swift Potion"},{"floor":74,"key":"Poison Potion"}],"is_trial":true,"path_per_floor":["M","M","M","M","M","E","R","E","T","E","R","E","M","M","R","B",null,"M","M","$","?","M","E","R","E","T","M","E","R","E","$","R","B",null,"M","T","M","?","T","R","E","R","T","E","R","E","M","E","R","B",null,"M","?","M","$","M","E","R","M","T","R","E","?","M","$","R","B",null,"M","$","?","E","M","E","R","M","E"],"character_chosen":"IRONCLAD","items_purchased":["Potion Belt","Pantograph","MealTicket","Bronze Scales","Anger+1","Combust+1","Ancient Tea Set","Singing Bowl","Sling","Feel No Pain+1","Shrug It Off+1","Inflame+1","Flash of Steel+1","Thunderclap+1","Anger+1"],"campfire_rested":0,"item_purchase_floors":[20,20,20,31,31,31,55,55,55,55,55,65,65,65,70],"current_hp_per_floor":[72,77,76,75,71,71,71,67,67,66,66,67,66,65,64,63,62,68,67,66,65,53,50,50,56,56,56,56,56,56,55,54,53,52,65,74,73,72,71,70,41,41,41,47,47,53,60,62,61,59,59,58,51,61,60,59,58,57,56,55,54,53,42,54,54,53,52,51,50,49,48,51,50,42,42,47,47],"gold":127,"neow_bonus":"","is_prod":false,"is_daily":false,"chose_seed":false,"campfire_upgraded":13,"win_rate":0,"timestamp":1561816876,"path_taken":["M","M","M","?","M","E","R","E","T","E","R","E","M","M","R","BOSS","M","M","$","?","M","E","R","E","T","M","E","R","E","?","R","BOSS","M","?","M","?","?","R","E","R","T","E","R","E","M","E","R","BOSS","M","?","M","$","M","E","R","M","T","R","E","?","M","$","R","BOSS","M","$","?","?","M","E","R","M","E"],"build_version":"2019-01-23","purchased_purges":1,"victory":false,"max_hp_per_floor":[78,77,76,75,74,73,72,71,70,69,68,67,66,65,64,63,62,68,67,66,65,64,63,62,61,60,59,58,57,56,55,54,53,52,65,74,73,72,71,70,69,68,67,66,65,64,63,62,61,60,59,58,57,61,60,59,58,57,56,55,54,53,52,55,54,53,52,51,50,49,48,51,50,49,48,47,47],"card_choices":[{"not_picked":["Panacea","Flex"],"picked":"Anger","floor":0},{"not_picked":["Power Through","Trip"],"picked":"Forethought","floor":0},{"not_picked":["Twin Strike","Heavy Blade"],"picked":"Discovery","floor":0},{"not_picked":["True Grit","Clothesline"],"picked":"Seeing Red","floor":0},{"not_picked":["Flex","Havoc"],"picked":"Body Slam","floor":0},{"not_picked":["Warcry","Thunderclap"],"picked":"Armaments","floor":0},{"not_picked":["Feel No Pain","Cleave"],"picked":"Thunderclap","floor":0},{"not_picked":["Twin Strike","Dropkick"],"picked":"Evolve","floor":0},{"not_picked":["Cleave","Sword Boomerang"],"picked":"Infernal Blade","floor":0},{"not_picked":["PanicButton","Bandage Up"],"picked":"Armaments","floor":0},{"not_picked":["Havoc","Purity"],"picked":"Anger","floor":0},{"not_picked":["Clash","Rupture"],"picked":"Thunderclap","floor":0},{"not_picked":["Pommel Strike","Whirlwind"],"picked":"Spot Weakness","floor":0},{"not_picked":["Rage","Clothesline"],"picked":"Body Slam","floor":0},{"not_picked":["Perfected Strike","Second Wind"],"picked":"Body Slam","floor":0},{"not_picked":["Metamorphosis","Master of Strategy"],"picked":"Immolate","floor":6},{"not_picked":["Brutality","Transmutation"],"picked":"Offering","floor":8},{"not_picked":["The Bomb","Offering"],"picked":"HandOfGreed","floor":10},{"not_picked":["The Bomb","Metamorphosis"],"picked":"Barricade","floor":12},{"not_picked":["Brutality","Magnetism"],"picked":"Immolate+1","floor":16},{"not_picked":["Twin Strike+1","Heavy Blade+1"],"picked":"Enlightenment","floor":21},{"not_picked":["Exhume","Metamorphosis"],"picked":"Berserk","floor":23},{"not_picked":["Secret Technique","Chrysalis"],"picked":"Mayhem+1","floor":25},{"not_picked":["Double Tap","Immolate+1"],"picked":"Dark Embrace+1","floor":28},{"not_picked":["Exhume","Metamorphosis"],"picked":"Apotheosis","floor":30},{"not_picked":["Brutality+1","Berserk+1"],"picked":"Panache+1","floor":33},{"not_picked":["Iron Wave+1","Bandage Up+1"],"picked":"Body Slam+1","floor":38},{"not_picked":["HandOfGreed+1","Apotheosis+1"],"picked":"Juggernaut+1","floor":41},{"not_picked":["Magnetism+1","Metamorphosis+1"],"picked":"Berserk+1","floor":44},{"not_picked":["HandOfGreed+1","Barricade+1"],"picked":"Secret Weapon+1","floor":46},{"not_picked":["Transmutation+1","Offering+1"],"picked":"Feed+1","floor":48},{"not_picked":["The Bomb+1","Feed+1"],"picked":"Bludgeon+1","floor":50},{"not_picked":["Thinking Ahead+1","Reaper+1"],"picked":"Double Tap+1","floor":57},{"not_picked":["Master of Strategy+1","Thinking Ahead+1"],"picked":"Violence+1","floor":62},{"not_picked":["Feed+1","Bludgeon+1"],"picked":"Exhume+1","floor":67},{"not_picked":["Immolate+1","Barricade+1"],"picked":"Fiend Fire+1","floor":72},{"not_picked":["Chrysalis+1","Double Tap+1"],"picked":"Feed+1","floor":74}],"player_experience":39188,"relics_obtained":[{"floor":1,"key":"Centennial Puzzle"},{"floor":2,"key":"Unceasing Top"},{"floor":3,"key":"Red Skull"},{"floor":4,"key":"Whetstone"},{"floor":5,"key":"Anchor"},{"floor":6,"key":"Torii"},{"floor":8,"key":"Ice Cream"},{"floor":9,"key":"Omamori"},{"floor":10,"key":"Molten Egg 2"},{"floor":12,"key":"Thread and Needle"},{"floor":13,"key":"Mummified Hand"},{"floor":14,"key":"Tiny Chest"},{"floor":18,"key":"Strawberry"},{"floor":19,"key":"Sundial"},{"floor":21,"key":"Red Mask"},{"floor":22,"key":"Incense Burner"},{"floor":23,"key":"Frozen Egg 2"},{"floor":23,"key":"Lantern"},{"floor":25,"key":"PreservedInsect"},{"floor":25,"key":"Regal Pillow"},{"floor":26,"key":"Happy Flower"},{"floor":27,"key":"Bottled Tornado"},{"floor":28,"key":"Blood Vial"},{"floor":28,"key":"Pen Nib"},{"floor":30,"key":"Shuriken"},{"floor":30,"key":"Gremlin Horn"},{"floor":35,"key":"Mango"},{"floor":36,"key":"Pear"},{"floor":37,"key":"Oddly Smooth Stone"},{"floor":38,"key":"Ginger"},{"floor":39,"key":"Toxic Egg 2"},{"floor":41,"key":"Turnip"},{"floor":41,"key":"Orichalcum"},{"floor":43,"key":"Vajra"},{"floor":44,"key":"Meat on the Bone"},{"floor":44,"key":"Boot"},{"floor":46,"key":"Bag of Marbles"},{"floor":46,"key":"Nunchaku"},{"floor":47,"key":"MawBank"},{"floor":48,"key":"Ornamental Fan"},{"floor":48,"key":"Blue Candle"},{"floor":52,"key":"Darkstone Periapt"},{"floor":54,"key":"Dream Catcher"},{"floor":56,"key":"Kunai"},{"floor":59,"key":"Bottled Flame"},{"floor":60,"key":"Art of War"},{"floor":64,"key":"Bag of Preparation"},{"floor":69,"key":"The Courier"},{"floor":73,"key":"Gambling Chip"},{"floor":76,"key":"Bird Faced Urn"}],"event_choices":[{"damage_healed":0,"gold_gain":0,"player_choice":"Fought Bandits","damage_taken":0,"max_hp_gain":0,"max_hp_loss":0,"event_name":"Masked Bandits","floor":21,"gold_loss":0},{"damage_healed":0,"gold_gain":0,"player_choice":"Fight","damage_taken":0,"max_hp_gain":0,"max_hp_loss":0,"event_name":"Mysterious Sphere","floor":38,"gold_loss":0},{"damage_healed":0,"gold_gain":0,"player_choice":"Success","damage_taken":7,"relics_obtained":["War Paint"],"max_hp_gain":0,"max_hp_loss":0,"event_name":"Scrap Ooze","floor":53,"gold_loss":0},{"damage_healed":0,"gold_gain":0,"player_choice":"Entered Light","damage_taken":11,"max_hp_gain":0,"max_hp_loss":0,"event_name":"Shining Light","floor":63,"gold_loss":0,"cards_upgraded":["Thunderclap","Thunderclap"]},{"damage_healed":0,"gold_gain":0,"player_choice":"Opened","damage_taken":0,"relics_obtained":["Peace Pipe"],"max_hp_gain":0,"max_hp_loss":0,"event_name":"The Mausoleum","floor":71,"gold_loss":0}],"is_beta":false,"boss_relics":[{"not_picked":["Eternal Feather","Coffee Dripper"],"picked":"Black Star"},{"not_picked":["Velvet Choker","Runic Pyramid"],"picked":"Philosopher\u0027s Stone"},{"not_picked":["Sozu","Calling Bell"],"picked":"Snecko Eye"},{"not_picked":["Sozu","Black Blood"],"picked":"Astrolabe"}],"items_purged_floors":[70],"is_endless":true,"potions_floor_spawned":[2,3,5,8,10,13,18,21,25,30,41,44,48,50,52,54,56,59,62,69,74],"killed_by":"Book of Stabbing","ascension_level":0}