{"gold_per_floor":[114,132,132,150,160,193,193,220,220,220,220,251,262,262,262,361,361,381,401,416,416,4,4,4,20,65,81,81],"floor_reached":28,"playtime":2350,"items_purged":["Defend_R"],"score":240,"play_id":"70dc5366-d647-4b81-957e-e77ab35e7e75","local_time":"20190429002035","is_ascension_mode":false,"campfire_choices":[{"floor":7,"key":"REST"},{"floor":11,"key":"REST"},{"data":"Armaments","floor":15,"key":"SMITH"},{"data":"Body Slam","floor":23,"key":"SMITH"}],"neow_cost":"NONE","seed_source_timestamp":52249686456285,"circlet_count":0,"master_deck":["Strike_R","Strike_R","Strike_R","Defend_R","Defend_R","Defend_R","Bash","Carnage","Thunderclap","Clash","Searing Blow","Pommel Strike","Cleave","Iron Wave","Armaments+1","Impervious","Body Slam+1","Flame Barrier","Pommel Strike","Body Slam+1","Shrug It Off","Sentinel","Second Wind","Armaments","Iron Wave"],"relics":["Burning Blood","Pantograph","Potion Belt","Red Skull","Meat on the Bone","Centennial Puzzle","Eternal Feather","Smiling Mask"],"potions_floor_usage":[16,16,16,19,28,28],"damage_taken":[{"damage":6,"enemies":"Jaw Worm","floor":1,"turns":3},{"damage":0,"enemies":"Small Slimes","floor":2,"turns":2},{"damage":0,"enemies":"2 Louse","floor":4,"turns":2},{"damage":11,"enemies":"Red Slaver","floor":5,"turns":3},{"damage":21,"enemies":"Lagavulin","floor":6,"turns":5},{"damage":37,"enemies":"3 Sentries","floor":8,"turns":9},{"damage":11,"enemies":"Gremlin Nob","floor":12,"turns":3},{"damage":7,"enemies":"Blue Slaver","floor":13,"turns":2},{"damage":53,"enemies":"Hexaghost","floor":16,"turns":12},{"damage":14,"enemies":"Chosen","floor":18,"turns":5},{"damage":33,"enemies":"Shell Parasite","floor":19,"turns":6},{"damage":37,"enemies":"Sentry and Sphere","floor":20,"turns":8},{"damage":12,"enemies":"Snecko","floor":25,"turns":5},{"damage":16,"enemies":"Snake Plant","floor":27,"turns":4},{"damage":62,"enemies":"Gremlin Leader","floor":28,"turns":7}],"seed_played":"6105362807468887171","potions_obtained":[{"floor":4,"key":"Block Potion"},{"floor":6,"key":"Dexterity Potion"},{"floor":8,"key":"EssenceOfSteel"},{"floor":18,"key":"Fire Potion"},{"floor":27,"key":"Swift Potion"}],"is_trial":false,"path_per_floor":["M","M","?","M","M","E","R","E","T","?","R","E","M","?","R","B",null,"M","M","M","?","$","R","?","M","T","M","E"],"character_chosen":"IRONCLAD","items_purchased":["Body Slam","Shrug It Off","Feel No Pain","Sentinel","Strength Potion","Poison Potion"],"campfire_rested":2,"item_purchase_floors":[22,22,22,22,22,22],"current_hp_per_floor":[80,80,80,80,75,60,80,49,49,49,73,68,67,64,64,45,80,72,57,38,38,38,50,50,56,56,58,0],"gold":81,"neow_bonus":"TRANSFORM_CARD","is_prod":false,"is_daily":false,"chose_seed":false,"campfire_upgraded":2,"win_rate":0.0,"timestamp":1556522435,"path_taken":["M","M","?","M","M","E","R","E","T","?","R","E","M","?","R","BOSS","M","M","M","?","$","R","?","?","T","M","E"],"build_version":"2019-01-23","purchased_purges":1,"victory":false,"max_hp_per_floor":[80,80,80,80,80,80,80,80,80,80,80,80,80,80,80,80,80,80,80,80,80,80,80,80,80,80,80,80],"card_choices":[{"not_picked":["Whirlwind","Battle Trance"],"picked":"Thunderclap","floor":1},{"not_picked":["Entrench","Clothesline"],"picked":"Clash","floor":2},{"not_picked":["Intimidate","Sword Boomerang","True Grit"],"picked":"SKIP","floor":4},{"not_picked":["True Grit","Flex"],"picked":"Pommel Strike","floor":5},{"not_picked":["Bludgeon","Thunderclap"],"picked":"Cleave","floor":6},{"not_picked":["True Grit","Uppercut","Combust"],"picked":"SKIP","floor":8},{"not_picked":["Sword Boomerang","Pummel"],"picked":"Iron Wave","floor":12},{"not_picked":["Pummel","Feel No Pain"],"picked":"Armaments","floor":13},{"not_picked":["Dark Embrace","Juggernaut"],"picked":"Impervious","floor":16},{"not_picked":["Clothesline","Intimidate"],"picked":"Body Slam+1","floor":18},{"not_picked":["Dropkick","Body Slam"],"picked":"Flame Barrier","floor":19},{"not_picked":["Metallicize+1","True Grit+1"],"picked":"Pommel Strike","floor":20},{"not_picked":["Corruption","Perfected Strike"],"picked":"Armaments","floor":25},{"not_picked":["Limit Break","Wild Strike"],"picked":"Iron Wave","floor":27}],"player_experience":44096,"relics_obtained":[{"floor":6,"key":"Pantograph"},{"floor":8,"key":"Potion Belt"},{"floor":9,"key":"Red Skull"},{"floor":12,"key":"Meat on the Bone"},{"floor":26,"key":"Smiling Mask"}],"event_choices":[{"damage_healed":0,"gold_gain":0,"cards_transformed":["Strike_R"],"player_choice":"Change","damage_taken":0,"max_hp_gain":0,"max_hp_loss":0,"event_name":"Living Wall","floor":3,"gold_loss":0,"cards_obtained":["Searing Blow"]},{"damage_healed":0,"gold_gain":0,"player_choice":"Ignored","damage_taken":0,"max_hp_gain":0,"max_hp_loss":0,"event_name":"Liars Game","floor":10,"gold_loss":0},{"damage_healed":0,"gold_gain":0,"player_choice":"Success","damage_taken":3,"relics_obtained":["Centennial Puzzle"],"max_hp_gain":0,"max_hp_loss":0,"event_name":"Scrap Ooze","floor":14,"gold_loss":0},{"damage_healed":0,"gold_gain":0,"player_choice":"Ignored","damage_taken":0,"max_hp_gain":0,"max_hp_loss":0,"event_name":"The Mausoleum","floor":21,"gold_loss":0},{"damage_healed":0,"gold_gain":0,"cards_transformed":["Feel No Pain"],"player_choice":"Transformed","damage_taken":0,"max_hp_gain":0,"max_hp_loss":0,"event_name":"Transmorgrifier","floor":24,"gold_loss":0,"cards_obtained":["Second Wind"]}],"is_beta":false,"boss_relics":[{"not_picked":["Lizard Tail","Mark of Pain"],"picked":"Eternal Feather"}],"items_purged_floors":[22],"is_endless":false,"potions_floor_spawned":[4,6,8,18,27],"killed_by":"Gremlin Leader","ascension_level":0}