{"gold_per_floor":[113,133,133,61,77,77,110,110,187,257,257,282,325,275,275,403,403,416,439,477,498,498,498,513,513,513,529,609,100,113,130,130,226,226,236,236,236,248,248,248,648,648,648,665,251,263,113,125,125,125],"floor_reached":50,"playtime":2360,"items_purged":["Decay","Writhe","Injury"],"score":502,"play_id":"54ae946d-8339-47ef-b097-5360a2435cb4","local_time":"20190508195312","is_ascension_mode":false,"campfire_choices":[{"data":"Combust","floor":6,"key":"SMITH"},{"data":"Bash","floor":11,"key":"SMITH"},{"data":"Fiend Fire","floor":15,"key":"SMITH"},{"data":"Demon Form","floor":23,"key":"SMITH"},{"floor":32,"key":"REST"},{"data":"Armaments","floor":40,"key":"SMITH"},{"data":"True Grit","floor":42,"key":"SMITH"},{"data":"Rupture","floor":49,"key":"SMITH"}],"neow_cost":"CURSE","seed_source_timestamp":171870252395161,"circlet_count":0,"master_deck":["Strike_R","Strike_R","Strike_R","Defend_R","Defend_R","Defend_R","Defend_R","Bash+1","Fiend Fire+1","Combust+1","Reaper","Demon Form+1","Armaments+1","Uppercut+1","Rupture+1","Blood for Blood+1","Shrug It Off","True Grit+1","Twin Strike+1","Thunderclap+1","Feed+1","Impervious","Blood for Blood+1","Parasite","Thunderclap+1","Heavy Blade+1"],"relics":["Burning Blood","Boot","Bloody Idol","Molten Egg 2","Paper Frog","Gremlin Horn","Cursed Key","Red Mask","Juzu Bracelet","Bottled Lightning","Mummified Hand","ClockworkSouvenir","Eternal Feather","Old Coin","Question Card","Magic Flower"],"potions_floor_usage":[16,16,16,24,27,33,50,50,50],"damage_taken":[{"damage":10,"enemies":"Jaw Worm","floor":1,"turns":5},{"damage":7,"enemies":"Small Slimes","floor":2,"turns":3},{"damage":1,"enemies":"2 Louse","floor":5,"turns":2},{"damage":22,"enemies":"Gremlin Nob","floor":7,"turns":4},{"damage":31,"enemies":"3 Sentries","floor":10,"turns":5},{"damage":10,"enemies":"Looter","floor":12,"turns":2},{"damage":30,"enemies":"3 Sentries","floor":13,"turns":5},{"damage":36,"enemies":"Slime Boss","floor":16,"turns":7},{"damage":28,"enemies":"2 Thieves","floor":18,"turns":3},{"damage":24,"enemies":"Shell Parasite","floor":19,"turns":4},{"damage":60,"enemies":"Masked Bandits","floor":20,"turns":4},{"damage":20,"enemies":"Cultist and Chosen","floor":21,"turns":5},{"damage":29,"enemies":"Centurion and Healer","floor":24,"turns":5},{"damage":11,"enemies":"Snake Plant","floor":27,"turns":4},{"damage":11,"enemies":"Snecko","floor":30,"turns":4},{"damage":22,"enemies":"Centurion and Healer","floor":31,"turns":5},{"damage":55,"enemies":"Automaton","floor":33,"turns":7},{"damage":4,"enemies":"Orb Walker","floor":35,"turns":3},{"damage":16,"enemies":"3 Shapes","floor":38,"turns":4},{"damage":23,"enemies":"Mind Bloom Boss Battle","floor":41,"turns":4},{"damage":35,"enemies":"Jaw Worm Horde","floor":44,"turns":4},{"damage":26,"enemies":"Writhing Mass","floor":46,"turns":7},{"damage":14,"enemies":"Maw","floor":48,"turns":7},{"damage":83,"enemies":"Donu and Deca","floor":50,"turns":6}],"seed_played":"-6209291799689810499","potions_obtained":[{"floor":7,"key":"Swift Potion"},{"floor":10,"key":"Energy Potion"},{"floor":12,"key":"GamblersBrew"},{"floor":16,"key":"LiquidBronze"},{"floor":21,"key":"Energy Potion"},{"floor":24,"key":"AttackPotion"},{"floor":30,"key":"Dexterity Potion"},{"floor":38,"key":"SteroidPotion"},{"floor":41,"key":"Poison Potion"},{"floor":46,"key":"PowerPotion"}],"is_trial":false,"path_per_floor":["M","M","?","$","M","R","E","?","T","?","R","M","E","?","R","B",null,"M","M","?","M","?","R","M","?","T","M","T","$","M","M","R","B",null,"M","?","?","M","?","R","?","R","T","M","$","M","$","M","R","B"],"character_chosen":"IRONCLAD","items_purchased":["Reaper","ClockworkSouvenir","Rupture","Blood for Blood+1","Shrug It Off","True Grit","Magic Flower","Heavy Blade+1"],"campfire_rested":1,"item_purchase_floors":[4,29,29,29,29,29,45,47],"current_hp_per_floor":[76,75,68,68,73,73,61,61,61,49,49,45,36,36,36,21,74,52,51,14,27,27,27,25,25,25,25,30,30,30,57,74,44,74,78,78,78,77,77,82,75,82,82,78,78,82,82,82,82,0],"gold":125,"neow_bonus":"THREE_RARE_CARDS","is_prod":false,"is_daily":false,"chose_seed":false,"campfire_upgraded":7,"win_rate":0,"timestamp":1557359592,"path_taken":["M","M","?","$","M","R","E","?","T","?","R","M","E","?","R","BOSS","M","M","?","M","?","R","M","?","T","M","?","$","M","M","R","BOSS","M","?","?","M","?","R","?","R","T","M","$","M","$","M","R","BOSS"],"build_version":"2019-01-23","purchased_purges":3,"victory":false,"max_hp_per_floor":[80,80,80,80,80,80,80,74,74,74,74,74,74,74,74,74,74,74,74,74,74,74,74,74,74,74,74,74,74,74,74,74,74,74,78,78,78,82,82,82,82,82,82,82,82,82,82,82,82,82],"card_choices":[{"not_picked":["Exhume","Berserk"],"picked":"Fiend Fire","floor":0},{"not_picked":["Pommel Strike","Power Through"],"picked":"Combust","floor":1},{"not_picked":["Headbutt","Twin Strike","Clothesline"],"picked":"SKIP","floor":2},{"not_picked":["Bloodletting","Havoc","Perfected Strike"],"picked":"SKIP","floor":5},{"not_picked":["Anger","Flex","Dark Embrace"],"picked":"SKIP","floor":7},{"not_picked":["Infernal Blade","Wild Strike+1","Heavy Blade+1"],"picked":"SKIP","floor":12},{"not_picked":["Warcry","Metallicize","Rage"],"picked":"SKIP","floor":13},{"not_picked":["Reaper+1","Berserk"],"picked":"Demon Form","floor":16},{"not_picked":["Warcry+1","Inflame","Sever Soul+1"],"picked":"SKIP","floor":18},{"not_picked":["Carnage+1","Perfected Strike+1"],"picked":"Armaments","floor":19},{"not_picked":["Clash+1","Disarm","Havoc"],"picked":"SKIP","floor":21},{"not_picked":["Shrug It Off","Cleave+1"],"picked":"Uppercut+1","floor":24},{"not_picked":["Havoc+1","Brutality","Armaments"],"picked":"SKIP","floor":27},{"not_picked":["Perfected Strike+1","Flex"],"picked":"Twin Strike+1","floor":30},{"not_picked":["Cleave+1","Perfected Strike+1"],"picked":"Thunderclap+1","floor":31},{"not_picked":["Impervious","Brutality"],"picked":"Feed+1","floor":33},{"not_picked":["Havoc+1","Intimidate+1","Rampage+1"],"picked":"SKIP","floor":35},{"not_picked":["Warcry+1","Flex+1","Wild Strike+1"],"picked":"SKIP","floor":38},{"not_picked":["Iron Wave+1","Power Through+1"],"picked":"Impervious","floor":41},{"not_picked":["Headbutt+1","Ghostly Armor","Corruption"],"picked":"Blood for Blood+1","floor":44},{"not_picked":["Havoc+1","Twin Strike+1","Clash+1"],"picked":"Thunderclap+1","floor":46},{"not_picked":["Heavy Blade+1","Reckless Charge+1","Searing Blow+1","Inflame+1"],"picked":"SKIP","floor":48}],"player_experience":675755,"relics_obtained":[{"floor":7,"key":"Boot"},{"floor":9,"key":"Molten Egg 2"},{"floor":10,"key":"Paper Frog"},{"floor":13,"key":"Gremlin Horn"},{"floor":20,"key":"Red Mask"},{"floor":26,"key":"Bottled Lightning"},{"floor":28,"key":"Mummified Hand"},{"floor":41,"key":"Old Coin"},{"floor":43,"key":"Question Card"}],"event_choices":[{"cards_removed":["Doubt"],"damage_healed":0,"gold_gain":0,"player_choice":"Card Removal","damage_taken":7,"max_hp_gain":0,"max_hp_loss":0,"event_name":"Golden Wing","floor":3,"gold_loss":0},{"damage_healed":0,"gold_gain":0,"player_choice":"Lose Max HP","damage_taken":0,"relics_obtained":["Golden Idol"],"max_hp_gain":0,"max_hp_loss":6,"event_name":"Golden Idol","floor":8,"gold_loss":0},{"damage_healed":0,"gold_gain":0,"player_choice":"Searched \u00272\u0027 times","damage_taken":0,"max_hp_gain":0,"max_hp_loss":0,"event_name":"Dead Adventurer","floor":10,"gold_loss":0},{"cards_removed":["Strike_R"],"damage_healed":0,"gold_gain":0,"player_choice":"Card Removal","damage_taken":0,"max_hp_gain":0,"max_hp_loss":0,"event_name":"The Cleric","floor":14,"gold_loss":50},{"damage_healed":0,"gold_gain":0,"player_choice":"Fought Bandits","damage_taken":0,"max_hp_gain":0,"max_hp_loss":0,"event_name":"Masked Bandits","floor":20,"gold_loss":0},{"damage_healed":0,"gold_gain":0,"player_choice":"Gave Idol","damage_taken":0,"relics_obtained":["Bloody Idol"],"max_hp_gain":0,"max_hp_loss":0,"event_name":"Forgotten Altar","floor":22,"relics_lost":["Golden Idol"],"gold_loss":0},{"damage_healed":0,"gold_gain":0,"player_choice":"Opened","damage_taken":0,"relics_obtained":["Juzu Bracelet"],"max_hp_gain":0,"max_hp_loss":0,"event_name":"The Mausoleum","floor":25,"gold_loss":0},{"damage_healed":0,"gold_gain":0,"player_choice":"Memory 1","damage_taken":0,"max_hp_gain":0,"max_hp_loss":0,"event_name":"SensoryStone","floor":36,"gold_loss":0},{"cards_removed":["Strike_R"],"damage_healed":0,"gold_gain":0,"player_choice":"Removed Attack","damage_taken":0,"max_hp_gain":0,"max_hp_loss":0,"event_name":"Falling","floor":37,"gold_loss":0},{"damage_healed":0,"gold_gain":0,"player_choice":"Ignored","damage_taken":0,"max_hp_gain":0,"max_hp_loss":0,"event_name":"Mysterious Sphere","floor":39,"gold_loss":0},{"damage_healed":0,"gold_gain":0,"player_choice":"Fight","damage_taken":0,"max_hp_gain":0,"max_hp_loss":0,"event_name":"MindBloom","floor":41,"gold_loss":0}],"is_beta":false,"boss_relics":[{"not_picked":["Mark of Pain","Busted Crown"],"picked":"Cursed Key"},{"not_picked":["Pandora\u0027s Box","Runic Dome"],"picked":"Eternal Feather"}],"items_purged_floors":[29,45,47],"is_endless":false,"potions_floor_spawned":[7,10,12,16,21,24,30,38,41,46,48],"killed_by":"Donu and Deca","ascension_level":0}