{"gold_per_floor":[114,165,165,177,188,218,234,263,263,281,281,122,150,150,150,150],"floor_reached":16,"playtime":885,"items_purged":["Strike_B"],"score":120,"play_id":"188898ef-b578-421b-8a1e-0e4d83e91ba0","local_time":"20190503204621","is_ascension_mode":false,"campfire_choices":[{"floor":11,"key":"REST"},{"data":"Forethought","floor":15,"key":"SMITH"}],"neow_cost":"NONE","seed_source_timestamp":472862305203691,"circlet_count":0,"master_deck":["Strike_B","Strike_B","Strike_B","Defend_B","Defend_B","Defend_B","Defend_B","Zap","Dualcast","Hyperbeam","Beam Cell","Reinforced Body","Sweeping Beam","Sweeping Beam","Ball Lightning","Rebound","Forethought+1"],"relics":["Cracked Core","Bag of Preparation","Bag of Marbles","Calipers","Lantern"],"potions_floor_usage":[5,6,8,13],"damage_taken":[{"damage":0,"enemies":"2 Louse","floor":1,"turns":2},{"damage":0,"enemies":"Jaw Worm","floor":4,"turns":1},{"damage":0,"enemies":"Cultist","floor":5,"turns":3},{"damage":25,"enemies":"3 Sentries","floor":6,"turns":6},{"damage":9,"enemies":"Blue Slaver","floor":7,"turns":3},{"damage":24,"enemies":"Gremlin Nob","floor":8,"turns":4},{"damage":0,"enemies":"Exordium Wildlife","floor":10,"turns":1},{"damage":7,"enemies":"3 Sentries","floor":13,"turns":3},{"damage":67,"enemies":"Hexaghost","floor":16,"turns":9}],"seed_played":"2768440826674918597","potions_obtained":[{"floor":1,"key":"Regen Potion"},{"floor":4,"key":"FearPotion"},{"floor":7,"key":"FocusPotion"},{"floor":10,"key":"PowerPotion"}],"is_trial":false,"path_per_floor":["M","?","T","M","M","E","M","E","T","M","R","$","E","?","R","B"],"character_chosen":"DEFECT","items_purchased":["Forethought"],"campfire_rested":1,"item_purchase_floors":[12],"current_hp_per_floor":[75,75,75,75,75,59,50,26,26,26,48,48,41,66,66,0],"gold":150,"neow_bonus":"ONE_RANDOM_RARE_CARD","is_prod":false,"is_daily":false,"chose_seed":false,"campfire_upgraded":1,"win_rate":0,"timestamp":1556941581,"path_taken":["M","?","?","M","M","E","M","E","T","M","R","$","E","?","R","BOSS"],"build_version":"2019-01-23","purchased_purges":1,"victory":false,"max_hp_per_floor":[75,75,75,75,75,75,75,75,75,75,75,75,75,75,75,75],"card_choices":[{"not_picked":["Tempest","Chill"],"picked":"Beam Cell","floor":1},{"not_picked":["Turbo","Stack"],"picked":"Reinforced Body","floor":4},{"not_picked":["Steam","Coolheaded"],"picked":"Sweeping Beam","floor":5},{"not_picked":["Stack","Cold Snap"],"picked":"Sweeping Beam","floor":6},{"not_picked":["Loop","Static Discharge"],"picked":"Ball Lightning","floor":7},{"not_picked":["Compile Driver","Multi-Cast","Scrape"],"picked":"SKIP","floor":8},{"not_picked":["Hologram","Ball Lightning"],"picked":"Rebound","floor":10},{"not_picked":["Beam Cell","Gash","Redo"],"picked":"SKIP","floor":13}],"player_experience":100130,"relics_obtained":[{"floor":6,"key":"Bag of Preparation"},{"floor":8,"key":"Bag of Marbles"},{"floor":9,"key":"Calipers"},{"floor":13,"key":"Lantern"}],"event_choices":[{"damage_healed":0,"gold_gain":51,"player_choice":"Gained Gold","damage_taken":0,"max_hp_gain":0,"max_hp_loss":0,"event_name":"Golden Wing","floor":2,"gold_loss":0},{"damage_healed":25,"gold_gain":0,"player_choice":"Banana","damage_taken":0,"max_hp_gain":0,"max_hp_loss":0,"event_name":"Big Fish","floor":14,"gold_loss":0}],"is_beta":false,"boss_relics":[],"items_purged_floors":[12],"is_endless":false,"potions_floor_spawned":[1,4,7,10],"killed_by":"Hexaghost","ascension_level":0}