{"gold_per_floor":[111,111,124,124,144,144,174,186,248,292,229,241,284,306,318,330],"floor_reached":16,"playtime":915,"items_purged":[],"score":236,"play_id":"02948633-ffa2-46d0-874c-97198e42183c","local_time":"20190622091231","is_ascension_mode":true,"campfire_choices":[{"data":"Bash","floor":6,"key":"SMITH"},{"data":"Spot Weakness","floor":8,"key":"SMITH"},{"data":"Feel No Pain","floor":15,"key":"SMITH"}],"neow_cost":"NONE","seed_source_timestamp":49354633230610,"circlet_count":0,"master_deck":["AscendersBane","Strike_R","Strike_R","Strike_R","Strike_R","Defend_R","Defend_R","Defend_R","Defend_R","Bash+1","Twin Strike","Clothesline","Feel No Pain+1","Spot Weakness+1","Uppercut+1","Headbutt"],"relics":["Burning Blood","Lantern","WarpedTongs","MawBank","Bag of Preparation","Smiling Mask","Pantograph"],"potions_floor_usage":[7,16,16],"damage_taken":[{"damage":4,"enemies":"2 Louse","floor":1,"turns":4},{"damage":3,"enemies":"Cultist","floor":3,"turns":3},{"damage":9,"enemies":"Small Slimes","floor":5,"turns":4},{"damage":11,"enemies":"Gremlin Nob","floor":7,"turns":3},{"damage":28,"enemies":"3 Sentries","floor":10,"turns":7},{"damage":22,"enemies":"Lagavulin","floor":13,"turns":5},{"damage":18,"enemies":"Exordium Wildlife","floor":14,"turns":5},{"damage":48,"enemies":"Slime Boss","floor":16,"turns":8}],"seed_played":"-6178076300533643912","potions_obtained":[{"floor":3,"key":"AttackPotion"},{"floor":5,"key":"Dexterity Potion"},{"floor":13,"key":"GamblersBrew"}],"is_trial":false,"path_per_floor":["M","?","M","?","M","R","E","R","T","E","?","?","E","M","R","B"],"character_chosen":"IRONCLAD","items_purchased":[],"campfire_rested":0,"item_purchase_floors":[],"current_hp_per_floor":[70,70,73,73,70,70,65,65,65,43,43,43,27,15,15,0],"gold":330,"neow_bonus":"RANDOM_COMMON_RELIC","is_prod":false,"is_daily":false,"chose_seed":false,"campfire_upgraded":3,"win_rate":0,"timestamp":1561209151,"path_taken":["M","?","?","?","?","R","E","R","T","E","?","?","E","M","R","BOSS"],"build_version":"2019-01-23","purchased_purges":0,"victory":false,"max_hp_per_floor":[75,75,75,75,75,75,75,75,75,75,75,75,75,75,75,75],"card_choices":[{"not_picked":["Second Wind","Flex"],"picked":"Twin Strike","floor":1},{"not_picked":["Body Slam","Clothesline","Ghostly Armor"],"picked":"SKIP","floor":3},{"not_picked":["Body Slam","Ghostly Armor"],"picked":"Clothesline","floor":3},{"not_picked":["Heavy Blade","Blood for Blood","Anger"],"picked":"SKIP","floor":5},{"not_picked":["Body Slam","Berserk"],"picked":"Spot Weakness","floor":7},{"not_picked":["Blood for Blood","Havoc"],"picked":"Uppercut","floor":10},{"not_picked":["Hemokinesis","Iron Wave"],"picked":"Headbutt","floor":13},{"not_picked":["Rupture","Armaments","Anger"],"picked":"SKIP","floor":14}],"player_experience":956048,"relics_obtained":[{"floor":7,"key":"MawBank"},{"floor":9,"key":"Bag of Preparation"},{"floor":10,"key":"Smiling Mask"},{"floor":13,"key":"Pantograph"}],"event_choices":[{"damage_healed":0,"gold_gain":0,"player_choice":"Rummage","damage_taken":0,"relics_obtained":["WarpedTongs"],"max_hp_gain":0,"max_hp_loss":0,"event_name":"Accursed Blacksmith","floor":2,"gold_loss":0,"cards_obtained":["Pain"]},{"damage_healed":0,"gold_gain":0,"cards_transformed":["Strike_R"],"player_choice":"Transformed","damage_taken":0,"max_hp_gain":0,"max_hp_loss":0,"event_name":"Transmorgrifier","floor":4,"gold_loss":0,"cards_obtained":["Feel No Pain"]},{"cards_removed":["Pain"],"damage_healed":0,"gold_gain":0,"player_choice":"Card Removal","damage_taken":0,"max_hp_gain":0,"max_hp_loss":0,"event_name":"The Cleric","floor":11,"gold_loss":75},{"damage_healed":0,"gold_gain":0,"player_choice":"Grow","damage_taken":0,"max_hp_gain":0,"max_hp_loss":0,"event_name":"Living Wall","floor":12,"gold_loss":0,"cards_upgraded":["Uppercut"]}],"is_beta":false,"boss_relics":[],"items_purged_floors":[],"is_endless":false,"potions_floor_spawned":[3,5,13],"killed_by":"Slime Boss","ascension_level":20}