{"gold_per_floor":[99,99,13,13,13,13,13,13,13,0,0,0,0,0,0,0],"floor_reached":16,"playtime":881,"items_purged":[],"score":199,"play_id":"e86cad30-d702-47b6-8412-542b8006322b","local_time":"20190527191730","is_ascension_mode":true,"campfire_choices":[{"data":"Footwork","floor":6,"key":"SMITH"},{"floor":13,"key":"REST"},{"floor":15,"key":"REST"}],"neow_cost":"NONE","seed_source_timestamp":871159201814982,"circlet_count":0,"master_deck":["AscendersBane","Defend_G","Defend_G","Defend_G","Defend_G","Defend_G","Strike_G","Strike_G","Strike_G","Strike_G","Survivor","Neutralize","Dash","Dodge and Roll","Blur","Reflex","Footwork+1","Dash","Poisoned Stab","Venomology"],"relics":["Ectoplasm","Tiny Chest","Potion Belt"],"potions_floor_usage":[7,7,12,16],"damage_taken":[{"damage":0,"enemies":"2 Louse","floor":1,"turns":3},{"damage":0,"enemies":"Cultist","floor":2,"turns":4},{"damage":2,"enemies":"Jaw Worm","floor":5,"turns":4},{"damage":58,"enemies":"Lagavulin","floor":7,"turns":16},{"damage":9,"enemies":"Large Slime","floor":8,"turns":11},{"damage":0,"enemies":"Looter","floor":10,"turns":4},{"damage":0,"enemies":"Red Slaver","floor":12,"turns":5},{"damage":64,"enemies":"Slime Boss","floor":16,"turns":17}],"seed_played":"1159986493989083823","potions_obtained":[{"floor":1,"key":"LiquidBronze"},{"floor":2,"key":"Explosive Potion"},{"floor":5,"key":"Regen Potion"},{"floor":10,"key":"GamblersBrew"}],"is_trial":false,"path_per_floor":["M","M","$","?","M","R","E","M","T","M","$","M","R","?","R","B"],"character_chosen":"THE_SILENT","items_purchased":["Blur"],"campfire_rested":2,"item_purchase_floors":[3],"current_hp_per_floor":[59,59,59,59,57,57,14,5,5,5,5,5,24,24,43,0],"gold":0,"neow_bonus":"BOSS_RELIC","is_prod":false,"is_daily":false,"chose_seed":false,"campfire_upgraded":1,"win_rate":0,"timestamp":1558999050,"path_taken":["M","M","$","?","M","R","E","M","T","?","$","M","R","?","R","BOSS"],"build_version":"2019-01-23","purchased_purges":0,"victory":false,"max_hp_per_floor":[66,66,66,66,66,66,66,66,66,66,66,66,66,66,66,66],"card_choices":[{"not_picked":["Flechettes","Catalyst"],"picked":"Dash","floor":1},{"not_picked":["Deflect","Slice"],"picked":"Dodge and Roll","floor":2},{"not_picked":["Riddle With Holes","Backflip"],"picked":"Footwork","floor":5},{"not_picked":["Endless Agony","Prepared"],"picked":"Dash","floor":7},{"not_picked":["Dodge and Roll","Dagger Throw"],"picked":"Poisoned Stab","floor":8},{"not_picked":["Blade Dance","PiercingWail","Endless Agony"],"picked":"SKIP","floor":10},{"not_picked":["Blade Dance","Quick Slash"],"picked":"Venomology","floor":12}],"player_experience":776936,"relics_obtained":[{"floor":7,"key":"Tiny Chest"},{"floor":9,"key":"Potion Belt"}],"event_choices":[{"damage_healed":0,"gold_gain":0,"cards_transformed":["Strike_G"],"player_choice":"Transformed","damage_taken":0,"max_hp_gain":0,"max_hp_loss":0,"event_name":"Transmorgrifier","floor":4,"gold_loss":0,"cards_obtained":["Reflex"]},{"damage_healed":0,"gold_gain":0,"player_choice":"Ignored","damage_taken":0,"max_hp_gain":0,"max_hp_loss":0,"event_name":"Shining Light","floor":14,"gold_loss":0}],"is_beta":false,"boss_relics":[],"items_purged_floors":[],"is_endless":false,"potions_floor_spawned":[1,2,5,10],"killed_by":"Slime Boss","ascension_level":19}