{"gold_per_floor":[118,134,153,171,189,217,217,243,243,38,57,70,89,89],"floor_reached":14,"playtime":743,"items_purged":[],"score":262,"play_id":"03641f3d-ab0a-4e72-8736-f6b10ab4d165","local_time":"20190608085808","is_ascension_mode":true,"campfire_choices":[{"floor":7,"key":"REST"}],"neow_cost":"NONE","seed_source_timestamp":377349306420883,"circlet_count":0,"master_deck":["AscendersBane","Strike_B","Strike_B","Strike_B","Strike_B","Defend_B","Defend_B","Defend_B","Defend_B","Zap","Dualcast","Core Surge","White Noise","Conserve Battery","Darkness","Capacitor","Genetic Algorithm","Consume","Beam Cell","Sunder","Loop+1","Chill","Buffer+1"],"relics":["Cracked Core","Blood Vial","Potion Belt","Frozen Egg 2"],"potions_floor_usage":[6,14,14],"damage_taken":[{"damage":1,"enemies":"Cultist","floor":1,"turns":3},{"damage":7,"enemies":"Jaw Worm","floor":2,"turns":3},{"damage":0,"enemies":"2 Louse","floor":3,"turns":1},{"damage":21,"enemies":"Exordium Thugs","floor":4,"turns":5},{"damage":12,"enemies":"Looter","floor":5,"turns":3},{"damage":20,"enemies":"Gremlin Nob","floor":6,"turns":4},{"damage":0,"enemies":"Lagavulin","floor":8,"turns":5},{"damage":16,"enemies":"Blue Slaver","floor":11,"turns":3},{"damage":7,"enemies":"2 Fungi Beasts","floor":12,"turns":3},{"damage":0,"enemies":"Looter","floor":13,"turns":4},{"damage":13,"enemies":"3 Sentries","floor":14,"turns":2}],"seed_played":"-4814604103715748226","potions_obtained":[{"floor":4,"key":"Swift Potion"},{"floor":6,"key":"SteroidPotion"},{"floor":12,"key":"Poison Potion"},{"floor":13,"key":"SpeedPotion"}],"is_trial":false,"path_per_floor":["M","M","M","M","M","E","R","E","T","$","M","M","M","E"],"character_chosen":"DEFECT","items_purchased":["Consume","Beam Cell","Sunder"],"campfire_rested":1,"item_purchase_floors":[10,10,10],"current_hp_per_floor":[63,56,56,35,23,3,24,26,26,26,12,7,9,0],"gold":89,"neow_bonus":"ONE_RANDOM_RARE_CARD","is_prod":false,"is_daily":false,"chose_seed":false,"campfire_upgraded":0,"win_rate":0,"timestamp":1559998688,"path_taken":["M","M","M","?","?","E","R","E","T","$","M","M","M","E"],"build_version":"2019-01-23","purchased_purges":0,"victory":false,"max_hp_per_floor":[71,71,71,71,71,71,71,71,71,71,71,71,71,71],"card_choices":[{"not_picked":["Sweeping Beam","Steam"],"picked":"White Noise","floor":1},{"not_picked":["Gash","Stack"],"picked":"Conserve Battery","floor":2},{"not_picked":["Redo","Rebound"],"picked":"Darkness","floor":3},{"not_picked":["Barrage","All For One","Compile Driver"],"picked":"SKIP","floor":4},{"not_picked":["Stack","Leap"],"picked":"Capacitor","floor":5},{"not_picked":["Hologram","Leap"],"picked":"Genetic Algorithm","floor":6},{"not_picked":["Barrage","Conserve Battery","Streamline"],"picked":"SKIP","floor":8},{"not_picked":["Beam Cell","Recycle"],"picked":"Loop+1","floor":11},{"not_picked":["Tempest","Rebound"],"picked":"Chill","floor":12},{"not_picked":["BootSequence","Force Field"],"picked":"Buffer+1","floor":13}],"player_experience":864572,"relics_obtained":[{"floor":6,"key":"Blood Vial"},{"floor":8,"key":"Potion Belt"},{"floor":9,"key":"Frozen Egg 2"}],"event_choices":[],"is_beta":false,"boss_relics":[],"items_purged_floors":[],"is_endless":false,"potions_floor_spawned":[4,6,12,13],"killed_by":"3 Sentries","ascension_level":20}