{"gold_per_floor":[115,115,115,128,203,233,233,44,94,94,44,44,54,67,67,169,169,169,116,116,116,116,116,116,116,116,116,116,116,116,116,116,116],"floor_reached":33,"playtime":1027,"items_purged":["Regret"],"score":268,"play_id":"e67b394d-9295-4973-83b6-1068e34f5fa7","local_time":"20190507134401","is_ascension_mode":false,"campfire_choices":[{"data":"Shrug It Off","floor":7,"key":"SMITH"},{"data":"Searing Blow","floor":10,"key":"SMITH"},{"data":"Searing Blow+1","floor":12,"key":"SMITH"},{"data":"Heavy Blade","floor":15,"key":"SMITH"},{"data":"Armaments","floor":23,"key":"SMITH"},{"floor":32,"key":"REST"}],"neow_cost":"NONE","seed_source_timestamp":64649123169389,"circlet_count":0,"master_deck":["Strike_R","Strike_R","Strike_R","Strike_R","Defend_R","Defend_R","Defend_R","Defend_R","Bash+1","Shrug It Off+1","Spot Weakness","Searing Blow+2","Heavy Blade+1","Double Tap","Shrug It Off","Armaments+1","Dark Embrace","Body Slam","Combust+1","Heavy Blade"],"relics":["Burning Blood","NeowsBlessing","Singing Bowl","Blood Vial","Juzu Bracelet","Ectoplasm","Ornamental Fan","GremlinMask"],"potions_floor_usage":[14,16,24,33],"damage_taken":[{"damage":0,"enemies":"2 Louse","floor":1,"turns":1},{"damage":0,"enemies":"Jaw Worm","floor":4,"turns":1},{"damage":0,"enemies":"Gremlin Nob","floor":6,"turns":1},{"damage":0,"enemies":"Small Slimes","floor":13,"turns":4},{"damage":6,"enemies":"Exordium Thugs","floor":14,"turns":3},{"damage":85,"enemies":"Slime Boss","floor":16,"turns":14},{"damage":0,"enemies":"3 Byrds","floor":18,"turns":6},{"damage":11,"enemies":"Spheric Guardian","floor":22,"turns":5},{"damage":34,"enemies":"Chosen and Byrds","floor":24,"turns":6},{"damage":31,"enemies":"Colosseum Slavers","floor":27,"turns":4},{"damage":3,"enemies":"Centurion and Healer","floor":28,"turns":5},{"damage":25,"enemies":"Snake Plant","floor":30,"turns":4},{"damage":61,"enemies":"Collector","floor":33,"turns":5}],"seed_played":"-8619019152139385396","potions_obtained":[{"floor":6,"key":"BloodPotion"},{"floor":13,"key":"AttackPotion"},{"floor":16,"key":"Poison Potion"},{"floor":30,"key":"Strength Potion"}],"is_trial":false,"path_per_floor":["M","?","?","M","?","E","R","$","T","R","?","R","M","M","R","B",null,"M","$","?","?","M","R","M","$","T","?","M","?","M","?","R","B"],"character_chosen":"IRONCLAD","items_purchased":["Spot Weakness","Searing Blow","Armaments"],"campfire_rested":1,"item_purchase_floors":[8,8,19],"current_hp_per_floor":[80,80,80,82,71,77,77,77,77,77,77,77,82,84,84,13,84,84,84,84,84,79,79,55,55,55,32,37,37,22,22,48,0],"gold":116,"neow_bonus":"THREE_ENEMY_KILL","is_prod":false,"is_daily":false,"chose_seed":false,"campfire_upgraded":5,"win_rate":0,"timestamp":1557251041,"path_taken":["M","?","?","M","?","E","R","$","T","R","?","R","M","M","R","BOSS","M","$","?","?","M","R","M","$","T","?","M","?","M","?","R","BOSS"],"build_version":"2019-01-23","purchased_purges":1,"victory":false,"max_hp_per_floor":[80,80,80,82,82,82,82,82,82,82,82,82,82,84,84,84,84,84,84,84,84,84,84,86,86,86,86,86,86,88,88,88,88],"card_choices":[{"not_picked":["Flex","Anger","Metallicize"],"picked":"SKIP","floor":1},{"not_picked":["Twin Strike","Power Through","Battle Trance"],"picked":"Singing Bowl","floor":4},{"not_picked":["Flex","Brutality"],"picked":"Shrug It Off","floor":6},{"not_picked":["Thunderclap","Sword Boomerang"],"picked":"Heavy Blade","floor":13},{"not_picked":["Corruption","Rage","Clash"],"picked":"Singing Bowl","floor":14},{"not_picked":["Immolate","Berserk"],"picked":"Double Tap","floor":16},{"not_picked":["Anger","Body Slam"],"picked":"Shrug It Off","floor":18},{"not_picked":["Shockwave+1","Reckless Charge"],"picked":"Combust+1","floor":22},{"not_picked":["Entrench+1","Disarm","Anger"],"picked":"Singing Bowl","floor":24},{"not_picked":["Anger","Headbutt"],"picked":"Heavy Blade","floor":28},{"not_picked":["Pommel Strike","Evolve","Intimidate"],"picked":"Singing Bowl","floor":30}],"player_experience":664711,"relics_obtained":[{"floor":6,"key":"Blood Vial"},{"floor":9,"key":"Juzu Bracelet"},{"floor":26,"key":"Ornamental Fan"}],"event_choices":[{"damage_healed":0,"gold_gain":0,"player_choice":"Grow","damage_taken":0,"max_hp_gain":0,"max_hp_loss":0,"event_name":"Living Wall","floor":2,"gold_loss":0,"cards_upgraded":["Bash"]},{"damage_healed":0,"gold_gain":0,"player_choice":"Box","damage_taken":0,"relics_obtained":["Singing Bowl"],"max_hp_gain":0,"max_hp_loss":0,"event_name":"Big Fish","floor":3,"gold_loss":0,"cards_obtained":["Regret"]},{"damage_healed":0,"gold_gain":75,"player_choice":"Gather Gold","damage_taken":11,"max_hp_gain":0,"max_hp_loss":0,"event_name":"World of Goop","floor":5,"gold_loss":0},{"cards_removed":["Strike_R"],"damage_healed":0,"gold_gain":0,"player_choice":"Card Removal","damage_taken":0,"max_hp_gain":0,"max_hp_loss":0,"event_name":"The Cleric","floor":11,"gold_loss":50},{"damage_healed":0,"gold_gain":0,"player_choice":"Ignored","damage_taken":0,"max_hp_gain":0,"max_hp_loss":0,"event_name":"Ghosts","floor":20,"gold_loss":0},{"damage_healed":0,"gold_gain":0,"player_choice":"2 cards matched","damage_taken":0,"max_hp_gain":0,"max_hp_loss":0,"event_name":"Match and Keep!","floor":21,"gold_loss":0,"cards_obtained":["Dark Embrace","Body Slam"]},{"damage_healed":0,"gold_gain":0,"player_choice":"Fight","damage_taken":0,"max_hp_gain":0,"max_hp_loss":0,"event_name":"Colosseum","floor":27,"gold_loss":0},{"damage_healed":0,"gold_gain":0,"player_choice":"Fled From Nobs","damage_taken":0,"max_hp_gain":0,"max_hp_loss":0,"event_name":"Colosseum","floor":27,"gold_loss":0},{"damage_healed":0,"gold_gain":0,"player_choice":"Trade","damage_taken":0,"relics_obtained":["GremlinMask"],"max_hp_gain":0,"max_hp_loss":0,"event_name":"FaceTrader","floor":29,"gold_loss":0}],"is_beta":false,"boss_relics":[{"not_picked":["Astrolabe","White Beast Statue"],"picked":"Ectoplasm"}],"items_purged_floors":[8],"is_endless":false,"potions_floor_spawned":[6,13,16,27,30],"killed_by":"Collector","ascension_level":0}