{"gold_per_floor":[217,15,26,26,26,61,41,58,81,81,91,101,101,116,116,194,194,214,248,248,265,70,70,70,70,70,80,5,16,30,45,45,45],"floor_reached":33,"playtime":998,"items_purged":["Strike_R"],"score":486,"play_id":"09813117-bd35-433d-873e-1a1298c3399c","local_time":"20190406182220","is_ascension_mode":true,"campfire_choices":[{"floor":10,"key":"REST"},{"data":"Bash","floor":15,"key":"SMITH"},{"floor":23,"key":"REST"},{"floor":32,"key":"REST"}],"neow_cost":"NONE","seed_source_timestamp":87708379751508,"circlet_count":0,"master_deck":["AscendersBane","Strike_R","Strike_R","Strike_R","Strike_R","Defend_R","Defend_R","Defend_R","Defend_R","Bash+1","Rampage","Inflame","Iron Wave","Carnage","Inflame","Cleave","Carnage","Bash","Immolate","Armaments+1","Heavy Blade","Iron Wave","Reaper","Armaments","Rage","Pummel","Flame Barrier+1"],"relics":["Burning Blood","Vajra","Red Skull","Potion Belt","Anchor","Sozu","Red Mask","Lantern","Oddly Smooth Stone"],"potions_floor_usage":[8,11,11,16,21,31],"damage_taken":[{"damage":13,"enemies":"Cultist","floor":1,"turns":5},{"damage":8,"enemies":"2 Louse","floor":3,"turns":3},{"damage":40,"enemies":"3 Sentries","floor":6,"turns":9},{"damage":7,"enemies":"Small Slimes","floor":8,"turns":3},{"damage":0,"enemies":"Gremlin Gang","floor":11,"turns":4},{"damage":3,"enemies":"Blue Slaver","floor":12,"turns":3},{"damage":0,"enemies":"Lots of Slimes","floor":14,"turns":2},{"damage":56,"enemies":"The Guardian","floor":16,"turns":10},{"damage":8,"enemies":"2 Thieves","floor":18,"turns":3},{"damage":42,"enemies":"Masked Bandits","floor":19,"turns":4},{"damage":0,"enemies":"Chosen","floor":21,"turns":3},{"damage":7,"enemies":"Shelled Parasite and Fungi","floor":27,"turns":2},{"damage":2,"enemies":"Snake Plant","floor":29,"turns":2},{"damage":55,"enemies":"Cultist and Chosen","floor":30,"turns":6},{"damage":0,"enemies":"Centurion and Healer","floor":31,"turns":3},{"damage":69,"enemies":"Collector","floor":33,"turns":8}],"seed_played":"-5271133610997352450","potions_obtained":[{"floor":1,"key":"LiquidBronze"},{"floor":3,"key":"Ancient Potion"},{"floor":7,"key":"BloodPotion"},{"floor":8,"key":"LiquidBronze"},{"floor":12,"key":"LiquidBronze"},{"floor":14,"key":"Regen Potion"}],"is_trial":false,"path_per_floor":["M","$","M","?","$","E","?","M","T","R","M","M","?","M","R","B",null,"M","?","T","M","$","R","$","?","T","M","$","M","M","M","R","B"],"character_chosen":"IRONCLAD","items_purchased":["Inflame","Vajra","Reaper","Armaments"],"campfire_rested":3,"item_purchase_floors":[2,2,22,22],"current_hp_per_floor":[61,61,59,54,54,20,20,26,26,48,54,57,57,63,63,13,60,58,22,22,28,28,50,50,50,50,49,49,53,9,24,46,0],"gold":45,"neow_bonus":"HUNDRED_GOLD","is_prod":false,"is_daily":false,"chose_seed":false,"campfire_upgraded":1,"win_rate":0,"timestamp":1554589340,"path_taken":["M","?","?","?","$","E","?","M","T","R","?","M","?","?","R","BOSS","M","?","?","M","$","R","?","?","T","?","$","?","M","M","R","BOSS"],"build_version":"2019-01-23","purchased_purges":1,"victory":false,"max_hp_per_floor":[75,75,75,75,75,75,75,75,75,75,75,75,75,75,75,75,75,75,75,75,75,75,75,75,75,75,75,75,75,75,75,75,75],"card_choices":[{"not_picked":["Flame Barrier","Flex"],"picked":"Rampage","floor":1},{"not_picked":["Anger","True Grit"],"picked":"Iron Wave","floor":3},{"not_picked":["Rampage","Fire Breathing"],"picked":"Carnage","floor":6},{"not_picked":["Power Through","Body Slam","Pommel Strike"],"picked":"SKIP","floor":8},{"not_picked":["Sword Boomerang","Power Through"],"picked":"Inflame","floor":11},{"not_picked":["Carnage","Reckless Charge"],"picked":"Cleave","floor":12},{"not_picked":["Flex","Second Wind","Reckless Charge"],"picked":"SKIP","floor":14},{"not_picked":["Exhume","Feed"],"picked":"Immolate","floor":16},{"not_picked":["Shrug It Off","Flex"],"picked":"Armaments","floor":18},{"not_picked":["Anger+1","Burning Pact"],"picked":"Heavy Blade","floor":19},{"not_picked":["Body Slam","Power Through"],"picked":"Iron Wave","floor":21},{"not_picked":["Anger","Havoc+1","Inflame"],"picked":"SKIP","floor":27},{"not_picked":["Dark Embrace","Clash"],"picked":"Rage","floor":29},{"not_picked":["Hemokinesis","Infernal Blade"],"picked":"Pummel","floor":30},{"not_picked":["Spot Weakness+1","Intimidate"],"picked":"Flame Barrier+1","floor":31}],"player_experience":528392,"relics_obtained":[{"floor":6,"key":"Potion Belt"},{"floor":9,"key":"Anchor"},{"floor":19,"key":"Red Mask"},{"floor":20,"key":"Lantern"},{"floor":26,"key":"Oddly Smooth Stone"}],"event_choices":[{"damage_healed":0,"gold_gain":0,"player_choice":"Success","damage_taken":5,"relics_obtained":["Red Skull"],"max_hp_gain":0,"max_hp_loss":0,"event_name":"Scrap Ooze","floor":4,"gold_loss":0},{"damage_healed":0,"gold_gain":0,"player_choice":"Bought 1 Potion","damage_taken":0,"max_hp_gain":0,"max_hp_loss":0,"event_name":"The Woman in Blue","floor":7,"gold_loss":0},{"damage_healed":0,"gold_gain":0,"player_choice":"2 cards matched","damage_taken":0,"max_hp_gain":0,"max_hp_loss":0,"event_name":"Match and Keep!","floor":13,"gold_loss":0,"cards_obtained":["Carnage","Bash"]},{"damage_healed":0,"gold_gain":0,"player_choice":"Fought Bandits","damage_taken":0,"max_hp_gain":0,"max_hp_loss":0,"event_name":"Masked Bandits","floor":19,"gold_loss":0},{"damage_healed":0,"gold_gain":0,"player_choice":"Upgraded","damage_taken":0,"max_hp_gain":0,"max_hp_loss":0,"event_name":"Upgrade Shrine","floor":25,"gold_loss":0,"cards_upgraded":["Armaments"]}],"is_beta":false,"boss_relics":[{"not_picked":["Philosopher\u0027s Stone","Runic Cube"],"picked":"Sozu"}],"items_purged_floors":[28],"is_endless":false,"potions_floor_spawned":[1,3,8,12,14,18,19,21],"killed_by":"Collector","ascension_level":19}