{"gold_per_floor":[109,119,119,119,130,130,165,175,227,246,171,171,182,197,197,295,295,295,295,96,96,96,96,96,96,96,96,96,96,96,96,96,96],"floor_reached":33,"playtime":1814,"items_purged":["Strike_R"],"score":296,"play_id":"ecd56c97-878b-4f2d-8758-cd06ce3186f0","local_time":"20190510222602","is_ascension_mode":false,"campfire_choices":[{"data":"Headbutt","floor":6.0,"key":"SMITH"},{"data":"Exhume","floor":12.0,"key":"SMITH"},{"floor":15.0,"key":"REST"},{"floor":27,"key":"REST"},{"data":"Immolate","floor":32,"key":"SMITH"}],"neow_cost":"NONE","seed_source_timestamp":0,"circlet_count":0,"master_deck":["Strike_R+1","Strike_R","Strike_R","Defend_R","Defend_R","Defend_R","Defend_R","Bash+1","Whirlwind+1","Headbutt+1","Ghostly Armor","Searing Blow","Exhume+1","Immolate+1","Immolate+1","Seeing Red","Combust+1","Battle Trance+1"],"special_seed":0,"relics":["Burning Blood","Dodecahedron","Vajra","Ectoplasm","DollysMirror","Potion Belt","Question Card"],"potions_floor_usage":[25,25,33],"damage_taken":[{"damage":11.0,"enemies":"Jaw Worm","floor":1.0,"turns":5.0},{"damage":4.0,"enemies":"2 Louse","floor":2.0,"turns":2.0},{"damage":1.0,"enemies":"Cultist","floor":5.0,"turns":3.0},{"damage":9.0,"enemies":"3 Sentries","floor":7.0,"turns":3.0},{"damage":14.0,"enemies":"Exordium Thugs","floor":8.0,"turns":5.0},{"damage":5.0,"enemies":"Looter","floor":10.0,"turns":3.0},{"damage":11.0,"enemies":"Red Slaver","floor":13.0,"turns":3.0},{"damage":9.0,"enemies":"Large Slime","floor":14.0,"turns":5.0},{"damage":59.0,"enemies":"The Guardian","floor":16.0,"turns":15.0},{"damage":27,"enemies":"3 Byrds","floor":18,"turns":4},{"damage":0,"enemies":"Shell Parasite","floor":23,"turns":2},{"damage":0,"enemies":"Slavers","floor":24,"turns":1},{"damage":23,"enemies":"Shelled Parasite and Fungi","floor":25,"turns":5},{"damage":0,"enemies":"Sentry and Sphere","floor":29,"turns":3},{"damage":6,"enemies":"3 Cultists","floor":30,"turns":3},{"damage":5,"enemies":"Snecko","floor":31,"turns":3},{"damage":81,"enemies":"Champ","floor":33,"turns":11}],"seed_played":"8851898733536015497","potions_obtained":[{"floor":1.0,"key":"Strength Potion"},{"floor":5.0,"key":"Poison Potion"},{"floor":10.0,"key":"BloodPotion"},{"floor":14.0,"key":"SpeedPotion"},{"floor":18,"key":"AttackPotion"},{"floor":23,"key":"Energy Potion"},{"floor":31,"key":"Strength Potion"}],"is_trial":false,"path_per_floor":["M","M","?","?","M","R","E","M","T","M","$","R","M","M","R","B",null,"M","?","$","?","?","M","E","M","T","R","?","M","M","M","R","B"],"character_chosen":"IRONCLAD","items_purchased":["DollysMirror"],"campfire_rested":2,"item_purchase_floors":[20],"current_hp_per_floor":[83,85,67,67,72,72,69,61,61,62,62,62,65,62,88,35,88,67,50,50,50,50,56,62,45,45,72,72,78,78,79,79,0],"gold":96,"neow_bonus":"TEN_PERCENT_HP_BONUS","is_prod":false,"is_daily":false,"chose_seed":false,"campfire_upgraded":3,"win_rate":0,"timestamp":1557552362,"path_taken":["M","M","?","?","M","R","E","?","T","M","$","R","M","M","R","BOSS","M","?","$","?","?","M","E","?","T","R","?","M","M","M","R","BOSS"],"build_version":"2019-01-23","purchased_purges":1,"victory":false,"max_hp_per_floor":[88,88,88,88,88,88,88,88,88,88,88,88,88,88,88,88,88,88,93,93,93,93,93,93,93,93,93,93,93,93,93,93,93],"card_choices":[{"not_picked":["Hemokinesis","Headbutt"],"picked":"Whirlwind","floor":1.0},{"not_picked":["Heavy Blade","Entrench"],"picked":"Headbutt","floor":2.0},{"not_picked":["Inflame","Infernal Blade"],"picked":"Ghostly Armor","floor":5.0},{"not_picked":["True Grit","Heavy Blade","Wild Strike"],"picked":"SKIP","floor":7.0},{"not_picked":["Entrench","Clothesline"],"picked":"Searing Blow","floor":8.0},{"not_picked":["Ghostly Armor","Clash"],"picked":"Exhume","floor":10.0},{"not_picked":["Warcry","Feel No Pain","True Grit"],"picked":"SKIP","floor":13.0},{"not_picked":["Havoc","Body Slam","Intimidate"],"picked":"SKIP","floor":14.0},{"not_picked":["Feed","Reaper"],"picked":"Immolate","floor":16.0},{"not_picked":["Intimidate","Seeing Red+1","Sever Soul"],"picked":"SKIP","floor":18},{"not_picked":["Clash+1","Sword Boomerang+1"],"picked":"Seeing Red","floor":23},{"not_picked":["Burning Pact","Bloodletting"],"picked":"Combust+1","floor":24},{"not_picked":["Rage","Perfected Strike+1","Sword Boomerang"],"picked":"SKIP","floor":25},{"not_picked":["Flex","Perfected Strike","Combust"],"picked":"Battle Trance+1","floor":29},{"not_picked":["Sentinel","Body Slam","Feel No Pain","Havoc"],"picked":"SKIP","floor":30},{"not_picked":["Twin Strike","Thunderclap","Pommel Strike","Perfected Strike+1"],"picked":"SKIP","floor":31}],"player_experience":158952,"relics_obtained":[{"floor":7.0,"key":"Dodecahedron"},{"floor":9.0,"key":"Vajra"},{"floor":24,"key":"Potion Belt"},{"floor":26,"key":"Question Card"}],"event_choices":[{"damage_healed":0.0,"max_hp_gain":0.0,"max_hp_loss":0.0,"gold_gain":0.0,"event_name":"Shining Light","player_choice":"Entered Light","floor":3.0,"gold_loss":0.0,"damage_taken":18.0,"cards_upgraded":["Strike_R","Bash"]},{"damage_healed":0.0,"max_hp_gain":0.0,"max_hp_loss":0.0,"gold_gain":0.0,"event_name":"Upgrade Shrine","player_choice":"Upgraded","floor":4.0,"gold_loss":0.0,"damage_taken":0.0,"cards_upgraded":["Whirlwind"]},{"damage_healed":0,"gold_gain":0,"player_choice":"Shed Blood","damage_taken":22,"max_hp_gain":5,"max_hp_loss":0,"event_name":"Forgotten Altar","floor":19,"gold_loss":0},{"damage_healed":0,"gold_gain":0,"player_choice":"Ignored","damage_taken":0,"max_hp_gain":0,"max_hp_loss":0,"event_name":"Cursed Tome","floor":21,"gold_loss":0},{"damage_healed":0,"gold_gain":0,"player_choice":"Upgraded","damage_taken":0,"max_hp_gain":0,"max_hp_loss":0,"event_name":"Upgrade Shrine","floor":22,"gold_loss":0,"cards_upgraded":["Immolate"]},{"cards_removed":["Strike_R"],"damage_healed":0,"gold_gain":0,"player_choice":"Purged","damage_taken":0,"max_hp_gain":0,"max_hp_loss":0,"event_name":"Purifier","floor":28,"gold_loss":0}],"is_beta":false,"boss_relics":[{"not_picked":["Black Star","Busted Crown"],"picked":"Ectoplasm"}],"items_purged_floors":[11],"is_endless":false,"potions_floor_spawned":[1,5,10,14,18,23,31],"killed_by":"Champ","ascension_level":0}