{"gold_per_floor":[118,169,169,103,117,142,142,168,195,229,229,105,105,138,138,138],"floor_reached":16,"playtime":695,"items_purged":["Strike_G"],"score":252,"play_id":"3212a79b-f7bd-499d-b304-423b3ddbff67","local_time":"20190225191255","is_ascension_mode":true,"campfire_choices":[{"data":"Flying Knee","floor":7,"key":"SMITH"},{"floor":11,"key":"REST"},{"floor":13,"key":"REST"},{"data":"Footwork","floor":15,"key":"SMITH"}],"neow_cost":"NONE","seed_source_timestamp":863773366180020,"circlet_count":0,"master_deck":["Defend_G","Defend_G","Defend_G+1","Defend_G","Defend_G","Strike_G","Strike_G","Strike_G","Strike_G+1","Survivor","Neutralize","Backstab","Escape Plan","Flying Knee+1","Quick Slash","Footwork+1","Deflect"],"relics":["Ring of the Snake","NeowsBlessing","Art of War","The Specimen","Sundial","Smiling Mask","Lantern","Frozen Egg 2"],"potions_floor_usage":[14,16],"damage_taken":[{"damage":0,"enemies":"Jaw Worm","floor":1,"turns":1},{"damage":0,"enemies":"Small Slimes","floor":5,"turns":1},{"damage":0,"enemies":"Gremlin Nob","floor":6,"turns":1},{"damage":19,"enemies":"3 Sentries","floor":8,"turns":10},{"damage":26,"enemies":"Lagavulin","floor":10,"turns":9},{"damage":0,"enemies":"3 Sentries","floor":14,"turns":6},{"damage":50,"enemies":"Hexaghost","floor":16,"turns":16}],"seed_played":"-9011111500288895452","potions_obtained":[{"floor":5,"key":"Weak Potion"},{"floor":8,"key":"PowerPotion"}],"is_trial":false,"path_per_floor":["M","?","?","?","M","E","R","E","T","E","R","$","R","E","R","B"],"character_chosen":"THE_SILENT","items_purchased":["Footwork"],"campfire_rested":2,"item_purchase_floors":[12],"current_hp_per_floor":[63,63,49,49,49,49,49,30,30,4,25,25,46,46,46,0],"gold":138,"neow_bonus":"THREE_ENEMY_KILL","is_prod":false,"is_daily":false,"chose_seed":false,"campfire_upgraded":2,"win_rate":0,"timestamp":1551139975,"path_taken":["M","?","?","?","M","E","R","E","T","E","R","$","R","E","R","BOSS"],"build_version":"2019-01-23","purchased_purges":1,"victory":false,"max_hp_per_floor":[70,70,70,70,70,70,70,70,70,70,70,70,70,70,70,70],"card_choices":[{"not_picked":["Prepared","Riddle With Holes"],"picked":"Backstab","floor":1},{"not_picked":["Deflect","Acrobatics"],"picked":"Escape Plan","floor":5},{"not_picked":["Underhanded Strike","Dagger Throw"],"picked":"Flying Knee","floor":6},{"not_picked":["Acrobatics","Outmaneuver","Grand Finale"],"picked":"SKIP","floor":8},{"not_picked":["Underhanded Strike","Skewer"],"picked":"Quick Slash","floor":10},{"not_picked":["Flying Knee","Underhanded Strike"],"picked":"Deflect","floor":14}],"player_experience":321940,"relics_obtained":[{"floor":6,"key":"The Specimen"},{"floor":8,"key":"Sundial"},{"floor":9,"key":"Smiling Mask"},{"floor":10,"key":"Lantern"},{"floor":14,"key":"Frozen Egg 2"}],"event_choices":[{"damage_healed":0,"gold_gain":51,"player_choice":"Gained Gold","damage_taken":0,"max_hp_gain":0,"max_hp_loss":0,"event_name":"Golden Wing","floor":2,"gold_loss":0},{"damage_healed":0,"gold_gain":0,"player_choice":"Entered Light","damage_taken":14,"max_hp_gain":0,"max_hp_loss":0,"event_name":"Shining Light","floor":3,"gold_loss":0,"cards_upgraded":["Strike_G","Defend_G"]},{"damage_healed":0,"gold_gain":0,"player_choice":"Paid Gold","damage_taken":0,"relics_obtained":["Art of War"],"max_hp_gain":0,"max_hp_loss":0,"event_name":"WeMeetAgain","floor":4,"gold_loss":66}],"is_beta":false,"boss_relics":[],"items_purged_floors":[12],"is_endless":false,"potions_floor_spawned":[5,8],"killed_by":"Hexaghost","ascension_level":9}