{"gold_per_floor":[118,118,189,209,30,61,61,78,78,78,78,93,120,120],"floor_reached":14,"playtime":456,"items_purged":["Strike_G"],"score":132,"play_id":"e79676ad-00f1-408b-94f5-e9488564c1fd","local_time":"20190217021917","is_ascension_mode":true,"campfire_choices":[{"floor":7.0,"key":"REST"}],"neow_cost":"NONE","seed_source_timestamp":0,"circlet_count":0,"master_deck":["Defend_G","Defend_G+1","Defend_G","Defend_G","Strike_G","Strike_G","Strike_G","Strike_G+1","Survivor","Neutralize","Predator","Well Laid Plans","Dagger Spray","Caltrops","Sucker Punch","Accuracy","Footwork","Leg Sweep"],"special_seed":0,"relics":["Ring of the Snake","Regal Pillow","Shovel","Pantograph","Blue Candle","Bottled Lightning"],"potions_floor_usage":[],"damage_taken":[{"damage":5.0,"enemies":"Jaw Worm","floor":1.0,"turns":7.0},{"damage":1.0,"enemies":"Small Slimes","floor":4.0,"turns":3.0},{"damage":12.0,"enemies":"3 Sentries","floor":6.0,"turns":5.0},{"damage":1.0,"enemies":"Cultist","floor":8.0,"turns":4.0},{"damage":23.0,"enemies":"3 Louse","floor":12.0,"turns":3.0},{"damage":34.0,"enemies":"Gremlin Nob","floor":13.0,"turns":5.0},{"damage":0,"enemies":"Large Slime","floor":14,"turns":1}],"seed_played":"3114996752209023916","potions_obtained":[{"floor":1.0,"key":"Strength Potion"},{"floor":4.0,"key":"SpeedPotion"}],"is_trial":false,"path_per_floor":["M","?","?","M","$","E","R","M","T","T","?","M","E","M"],"character_chosen":"THE_SILENT","items_purchased":["Dagger Spray","Caltrops"],"campfire_rested":1,"item_purchase_floors":[5,5],"current_hp_per_floor":[58,44,44,43,43,31,67,66,66,66,66,43,9,9],"gold":120,"neow_bonus":"RANDOM_COMMON_RELIC","is_prod":false,"is_daily":false,"chose_seed":false,"campfire_upgraded":0,"win_rate":0,"timestamp":1550387957,"path_taken":["M","?","?","M","$","E","R","?","T","?","?","M","E","M"],"build_version":"2019-01-23","purchased_purges":1,"victory":false,"max_hp_per_floor":[70,70,70,70,70,70,70,70,70,70,70,70,70,70],"card_choices":[{"not_picked":["Deflect","Calculated Gamble"],"picked":"Predator","floor":1.0},{"not_picked":["Flying Knee","Eviscerate"],"picked":"Well Laid Plans","floor":4.0},{"not_picked":["Predator","Prepared","Slice"],"picked":"SKIP","floor":6.0},{"not_picked":["Flechettes","Setup"],"picked":"Sucker Punch","floor":8.0},{"not_picked":["Backflip","Acrobatics"],"picked":"Footwork","floor":12.0},{"not_picked":["All Out Attack","Quick Slash"],"picked":"Leg Sweep","floor":13.0}],"player_experience":266288,"relics_obtained":[{"floor":6.0,"key":"Shovel"},{"floor":9.0,"key":"Pantograph"},{"floor":10.0,"key":"Blue Candle"},{"floor":13.0,"key":"Bottled Lightning"}],"event_choices":[{"damage_healed":0.0,"max_hp_gain":0.0,"max_hp_loss":0.0,"gold_gain":0.0,"event_name":"Shining Light","player_choice":"Entered Light","floor":2.0,"gold_loss":0.0,"damage_taken":14.0,"cards_upgraded":["Strike_G","Defend_G"]},{"damage_healed":0.0,"max_hp_gain":0.0,"max_hp_loss":0.0,"gold_gain":71.0,"event_name":"Golden Wing","player_choice":"Gained Gold","floor":3.0,"gold_loss":0.0,"damage_taken":0.0},{"damage_healed":0.0,"max_hp_gain":0.0,"max_hp_loss":0.0,"gold_gain":0.0,"cards_transformed":["Defend_G"],"event_name":"Transmorgrifier","player_choice":"Transformed","floor":11.0,"gold_loss":0.0,"damage_taken":0.0,"cards_obtained":["Accuracy"]}],"is_beta":false,"boss_relics":[],"items_purged_floors":[5],"is_endless":false,"potions_floor_spawned":[1,4],"killed_by":"Large Slime","ascension_level":7}