{"gold_per_floor":[113,123,135,135,153,153,188,208,232,13,13,13,48,73,73,169,169,194,194,157,201,224,263,178,232,279,294,307,307,307,178,178,273,273,293,146,271,604,622,652,672,701,701,240,255,287,305,305,305,305],"floor_reached":51,"playtime":2596,"items_purged":["Strike_B"],"score":1418,"play_id":"9c7ae20a-381b-415d-a245-ca50bb4d151a","local_time":"20190323152941","is_ascension_mode":true,"campfire_choices":[{"data":"Dualcast","floor":6,"key":"SMITH"},{"floor":15,"key":"REST"},{"floor":29,"key":"REST"},{"data":"Buffer","floor":32,"key":"SMITH"},{"data":"Amplify","floor":49,"key":"SMITH"}],"neow_cost":"NONE","seed_source_timestamp":249385259109894,"circlet_count":0,"master_deck":["AscendersBane","Strike_B","Defend_B","Defend_B","Zap+1","Dualcast+1","FTL","Sweeping Beam","Electrodynamics","Conserve Battery","Coolheaded","Leap","Coolheaded","Buffer+1","Thunder Strike","Ball Lightning","Capacitor","White Noise","Cold Snap","Amplify+1","Biased Cognition","Lockon+1","Loop+1","Seek+1","Heatsinks","BootSequence","Capacitor","Consume","Hologram","Finesse"],"relics":["Cracked Core","Gremlin Horn","Bag of Preparation","ClockworkSouvenir","Centennial Puzzle","Omamori","Philosopher\u0027s Stone","Strawberry","Red Mask","Darkstone Periapt","Pantograph","DataDisk","Smiling Mask","Astrolabe","Happy Flower","Mango","Oddly Smooth Stone","Mummified Hand","Art of War","Membership Card","Girya","Bag of Marbles","Bird Faced Urn"],"potions_floor_usage":[7,23,23,27,27,27,50,50],"damage_taken":[{"damage":4,"enemies":"Small Slimes","floor":1,"turns":3},{"damage":1,"enemies":"Cultist","floor":2,"turns":3},{"damage":9,"enemies":"Jaw Worm","floor":3,"turns":3},{"damage":0,"enemies":"2 Fungi Beasts","floor":5,"turns":3},{"damage":18,"enemies":"Lagavulin","floor":7,"turns":4},{"damage":0,"enemies":"Exordium Wildlife","floor":8,"turns":3},{"damage":3,"enemies":"Gremlin Nob","floor":13,"turns":3},{"damage":1,"enemies":"Blue Slaver","floor":14,"turns":3},{"damage":3,"enemies":"Slime Boss","floor":16,"turns":10},{"damage":0,"enemies":"Spheric Guardian","floor":18,"turns":4},{"damage":0,"enemies":"Masked Bandits","floor":21,"turns":2},{"damage":18,"enemies":"2 Thieves","floor":22,"turns":4},{"damage":36,"enemies":"Book of Stabbing","floor":23,"turns":5},{"damage":0,"enemies":"Sentry and Sphere","floor":27,"turns":5},{"damage":0,"enemies":"Shelled Parasite and Fungi","floor":28,"turns":4},{"damage":0,"enemies":"Automaton","floor":33,"turns":10},{"damage":10,"enemies":"3 Darklings","floor":35,"turns":2},{"damage":0,"enemies":"Mind Bloom Boss Battle","floor":37,"turns":5},{"damage":0,"enemies":"Orb Walker","floor":39,"turns":4},{"damage":0,"enemies":"Reptomancer","floor":40,"turns":4},{"damage":0,"enemies":"Jaw Worm Horde","floor":41,"turns":2},{"damage":11,"enemies":"Giant Head","floor":42,"turns":8},{"damage":0,"enemies":"Sphere and 2 Shapes","floor":45,"turns":3},{"damage":21,"enemies":"Nemesis","floor":46,"turns":5},{"damage":0,"enemies":"Transient","floor":47,"turns":5},{"damage":41,"enemies":"Time Eater","floor":50,"turns":11}],"seed_played":"-8346527299008351316","potions_obtained":[{"floor":2,"key":"PowerPotion"},{"floor":3,"key":"Dexterity Potion"},{"floor":8,"key":"LiquidBronze"},{"floor":23,"key":"EntropicBrew"},{"floor":35,"key":"Poison Potion"},{"floor":40,"key":"Regen Potion"}],"is_trial":false,"path_per_floor":["M","M","M","?","M","R","E","M","T","$","?","?","E","M","R","B",null,"M","?","$","?","M","E","?","T","T","M","M","R","$","$","R","B",null,"M","$","?","?","M","E","M","E","T","$","M","E","M","?","R","B",null],"character_chosen":"DEFECT","items_purchased":["ClockworkSouvenir","Gash","Capacitor","Amplify","Happy Flower","Membership Card","Girya","Bag of Marbles","Capacitor"],"campfire_rested":2,"item_purchase_floors":[10,10,20,31,36,44,44,44,44],"current_hp_per_floor":[60,59,50,43,43,43,25,25,25,25,25,25,22,21,40,37,59,59,66,66,66,48,12,12,12,12,24,24,45,45,45,45,70,72,62,62,87,87,87,87,87,76,76,76,76,55,73,73,73,71],"gold":305,"neow_bonus":"UPGRADE_CARD","is_prod":false,"is_daily":false,"chose_seed":false,"campfire_upgraded":3,"win_rate":0,"timestamp":1553369381,"path_taken":["M","M","M","?","M","R","E","M","T","$","?","?","E","M","R","BOSS","M","?","$","?","?","E","?","?","T","M","M","R","?","$","R","BOSS","M","$","?","?","M","E","M","E","T","$","M","E","M","?","R","BOSS"],"build_version":"2019-01-23","purchased_purges":1,"victory":true,"max_hp_per_floor":[71,71,71,71,71,71,71,71,71,71,66,66,66,66,66,66,66,66,73,73,73,73,73,73,73,73,73,73,73,73,73,73,73,73,73,73,87,87,87,87,87,87,87,87,87,87,87,87,87,87],"card_choices":[{"not_picked":["Hologram","Force Field"],"picked":"FTL","floor":1},{"not_picked":["Genetic Algorithm","Turbo"],"picked":"Sweeping Beam","floor":2},{"not_picked":["Defragment","Steam Power"],"picked":"Electrodynamics","floor":3},{"not_picked":["Redo","Compile Driver"],"picked":"Conserve Battery","floor":5},{"not_picked":["White Noise","Lockon"],"picked":"Coolheaded","floor":7},{"not_picked":["Barrage","Auto Shields"],"picked":"Leap","floor":8},{"not_picked":["Heatsinks","Aggregate"],"picked":"Coolheaded","floor":13},{"not_picked":["Turbo","Steam Power"],"picked":"Buffer","floor":14},{"not_picked":["Electrodynamics","Fission"],"picked":"Thunder Strike","floor":16},{"not_picked":["Go for the Eyes","Streamline"],"picked":"Ball Lightning","floor":18},{"not_picked":["Melter","Genetic Algorithm"],"picked":"White Noise","floor":22},{"not_picked":["All For One","Barrage","Hello World"],"picked":"SKIP","floor":23},{"not_picked":["Steam","Hologram"],"picked":"Cold Snap","floor":27},{"not_picked":["Beam Cell","Gash","Streamline"],"picked":"SKIP","floor":28},{"not_picked":["Machine Learning","Electrodynamics"],"picked":"Biased Cognition","floor":33},{"not_picked":["Rip and Tear","Compile Driver"],"picked":"Heatsinks","floor":35},{"not_picked":["Compile Driver","Rip and Tear","Redo"],"picked":"SKIP","floor":39},{"not_picked":["Compile Driver","Rip and Tear","Redo"],"picked":"SKIP","floor":39},{"not_picked":["Electrodynamics","Leap"],"picked":"BootSequence","floor":40},{"not_picked":["Go for the Eyes","Rebound","Barrage+1"],"picked":"SKIP","floor":41},{"not_picked":["Hello World+1","BootSequence","Turbo+1"],"picked":"SKIP","floor":42},{"not_picked":["Barrage","Go for the Eyes"],"picked":"Consume","floor":45},{"not_picked":["Double Energy","Compile Driver","Reinforced Body"],"picked":"SKIP","floor":46},{"not_picked":["Gash","Sweeping Beam"],"picked":"Hologram","floor":47},{"not_picked":["Panache","PanicButton"],"picked":"Finesse","floor":48}],"player_experience":449840,"relics_obtained":[{"floor":7,"key":"Gremlin Horn"},{"floor":9,"key":"Bag of Preparation"},{"floor":13,"key":"Omamori"},{"floor":21,"key":"Red Mask"},{"floor":23,"key":"Darkstone Periapt"},{"floor":25,"key":"DataDisk"},{"floor":26,"key":"Smiling Mask"},{"floor":37,"key":"Mango"},{"floor":40,"key":"Oddly Smooth Stone"},{"floor":42,"key":"Mummified Hand"},{"floor":43,"key":"Art of War"},{"floor":46,"key":"Bird Faced Urn"}],"event_choices":[{"cards_removed":["Strike_B"],"damage_healed":0,"gold_gain":0,"player_choice":"Card Removal","damage_taken":7,"max_hp_gain":0,"max_hp_loss":0,"event_name":"Golden Wing","floor":4,"gold_loss":0},{"damage_healed":0,"gold_gain":0,"player_choice":"Lose Max HP","damage_taken":0,"relics_obtained":["Golden Idol"],"max_hp_gain":0,"max_hp_loss":5,"event_name":"Golden Idol","floor":11,"gold_loss":0},{"cards_removed":["Gash"],"damage_healed":0,"gold_gain":0,"player_choice":"Gave Card","damage_taken":0,"relics_obtained":["Centennial Puzzle"],"max_hp_gain":0,"max_hp_loss":0,"event_name":"WeMeetAgain","floor":12,"gold_loss":0},{"damage_healed":0,"gold_gain":0,"player_choice":"Opened","damage_taken":0,"relics_obtained":["Strawberry"],"max_hp_gain":0,"max_hp_loss":0,"event_name":"The Mausoleum","floor":19,"gold_loss":0},{"damage_healed":0,"gold_gain":0,"player_choice":"Fought Bandits","damage_taken":0,"max_hp_gain":0,"max_hp_loss":0,"event_name":"Masked Bandits","floor":21,"gold_loss":0},{"damage_healed":0,"gold_gain":0,"player_choice":"Obtained Relic","damage_taken":0,"relics_obtained":["Pantograph"],"max_hp_gain":0,"max_hp_loss":0,"event_name":"Addict","floor":24,"gold_loss":85},{"damage_healed":0,"gold_gain":0,"player_choice":"Fight","damage_taken":0,"max_hp_gain":0,"max_hp_loss":0,"event_name":"MindBloom","floor":37,"gold_loss":0},{"damage_healed":0,"gold_gain":333,"player_choice":"Gave Idol","damage_taken":0,"max_hp_gain":0,"max_hp_loss":0,"event_name":"The Moai Head","floor":38,"relics_lost":["Golden Idol"],"gold_loss":0},{"damage_healed":0,"gold_gain":0,"player_choice":"Memory 1","damage_taken":0,"max_hp_gain":0,"max_hp_loss":0,"event_name":"SensoryStone","floor":48,"gold_loss":0}],"is_beta":false,"boss_relics":[{"not_picked":["FrozenCore","Pandora\u0027s Box"],"picked":"Philosopher\u0027s Stone"},{"not_picked":["Coffee Dripper","Snecko Eye"],"picked":"Astrolabe"}],"items_purged_floors":[31],"is_endless":false,"potions_floor_spawned":[2,3,5,8,14,16,18,22,23,35,40,42,46],"ascension_level":14}