{"gold_per_floor":[111,131,148,148,148,183,183,193,219,67,96,114,124,134,134,210,210,225,239,199,209,224,224],"floor_reached":23,"playtime":838,"items_purged":[],"score":362,"play_id":"145a76b6-507f-4421-895d-52e9fe4e2233","local_time":"20190324112510","is_ascension_mode":true,"campfire_choices":[{"floor":7,"key":"REST"},{"data":"Buffer","floor":15,"key":"SMITH"}],"neow_cost":"NONE","seed_source_timestamp":322877168462078,"circlet_count":0,"master_deck":["AscendersBane","Zap","Dualcast","Steam","Ball Lightning","Buffer+1","Conserve Battery+1","Beam Cell","Sweeping Beam","Doom and Gloom","Rainbow","Thunder Strike","Lockon","Undo","Storm","Turbo","Thunder Strike","Reinforced Body","Echo Form","Hyperbeam","Conserve Battery","Loop","Ball Lightning","Multi-Cast"],"relics":["Cracked Core","Blood Vial","Omamori","Incense Burner","Regal Pillow","Pen Nib","War Paint","Dream Catcher","Pandora\u0027s Box"],"potions_floor_usage":[11,16,16,21,23,23],"damage_taken":[{"damage":0,"enemies":"2 Louse","floor":1,"turns":2},{"damage":1,"enemies":"Jaw Worm","floor":2,"turns":4},{"damage":1,"enemies":"Cultist","floor":3,"turns":3},{"damage":25,"enemies":"3 Sentries","floor":6,"turns":7},{"damage":9,"enemies":"3 Louse","floor":8,"turns":4},{"damage":12,"enemies":"Gremlin Nob","floor":11,"turns":5},{"damage":0,"enemies":"Looter","floor":12,"turns":3},{"damage":6,"enemies":"Gremlin Gang","floor":13,"turns":3},{"damage":11,"enemies":"3 Louse","floor":14,"turns":3},{"damage":25,"enemies":"Hexaghost","floor":16,"turns":10},{"damage":6,"enemies":"Spheric Guardian","floor":18,"turns":5},{"damage":19,"enemies":"Shell Parasite","floor":19,"turns":6},{"damage":10,"enemies":"Shelled Parasite and Fungi","floor":21,"turns":5},{"damage":8,"enemies":"Snecko","floor":22,"turns":4},{"damage":28,"enemies":"Slavers","floor":23,"turns":1}],"seed_played":"421209051819235292","potions_obtained":[{"floor":2,"key":"Dexterity Potion"},{"floor":6,"key":"Strength Potion"},{"floor":13,"key":"AttackPotion"},{"floor":19,"key":"EntropicBrew"}],"is_trial":false,"path_per_floor":["M","M","M","?","T","E","R","M","T","$","E","M","M","M","R","B",null,"M","M","$","M","M","E"],"character_chosen":"DEFECT","items_purchased":["War Paint","Loop"],"campfire_rested":1,"item_purchase_floors":[10,20],"current_hp_per_floor":[66,67,68,57,57,34,70,62,62,62,52,54,50,41,41,18,58,54,37,37,29,23,0],"gold":224,"neow_bonus":"RANDOM_COMMON_RELIC","is_prod":false,"is_daily":false,"chose_seed":false,"campfire_upgraded":1,"win_rate":0,"timestamp":1553441110,"path_taken":["M","M","M","?","?","E","R","M","T","$","E","M","M","M","R","BOSS","M","?","$","M","M","E"],"build_version":"2019-01-23","purchased_purges":0,"victory":false,"max_hp_per_floor":[71,71,71,71,71,71,71,71,71,71,71,71,71,71,71,71,71,71,71,71,71,71,71],"card_choices":[{"not_picked":["Barrage","Turbo","Steam"],"picked":"SKIP","floor":1},{"not_picked":["Barrage","Turbo"],"picked":"Steam","floor":1},{"not_picked":["Loop","Chill"],"picked":"Ball Lightning","floor":2},{"not_picked":["Barrage","Compile Driver"],"picked":"Buffer","floor":3},{"not_picked":["Hologram","Beam Cell"],"picked":"Conserve Battery","floor":6},{"not_picked":["Steam","Turbo"],"picked":"Beam Cell","floor":8},{"not_picked":["Rip and Tear","Streamline"],"picked":"Sweeping Beam","floor":11},{"not_picked":["Undo","Rebound"],"picked":"Doom and Gloom","floor":12},{"not_picked":["Ball Lightning","Sunder"],"picked":"Rainbow","floor":13},{"not_picked":["Gash","Streamline","Rip and Tear"],"picked":"SKIP","floor":14},{"not_picked":["Buffer","All For One"],"picked":"Thunder Strike","floor":16},{"not_picked":["Gash","Skim","Go for the Eyes"],"picked":"SKIP","floor":18},{"not_picked":["Aggregate","Turbo"],"picked":"Conserve Battery","floor":19},{"not_picked":["Stack","Beam Cell+1"],"picked":"Ball Lightning","floor":21},{"not_picked":["Sweeping Beam","Cold Snap"],"picked":"Multi-Cast","floor":22}],"player_experience":460115,"relics_obtained":[{"floor":5,"key":"Incense Burner"},{"floor":6,"key":"Regal Pillow"},{"floor":9,"key":"Pen Nib"},{"floor":11,"key":"Dream Catcher"}],"event_choices":[{"damage_healed":0,"gold_gain":0,"player_choice":"Success","damage_taken":11,"relics_obtained":["Omamori"],"max_hp_gain":0,"max_hp_loss":0,"event_name":"Scrap Ooze","floor":4,"gold_loss":0}],"is_beta":false,"boss_relics":[{"not_picked":["Eternal Feather","Black Star"],"picked":"Pandora\u0027s Box"}],"items_purged_floors":[],"is_endless":false,"potions_floor_spawned":[2,6,8,13,19],"killed_by":"Slavers","ascension_level":15}