{"gold_per_floor":[118,118,133,150,150,150,175,195,195,195,195,209,234,234,234,234],"floor_reached":16,"playtime":645,"items_purged":[],"score":215,"play_id":"2ad666ed-fcd4-42dc-aadd-5acf4dae428d","local_time":"20190625215146","is_ascension_mode":true,"campfire_choices":[{"data":"Sword Boomerang","floor":6,"key":"SMITH"},{"floor":11,"key":"REST"},{"data":"Barricade","floor":15,"key":"SMITH"}],"neow_cost":"NONE","seed_source_timestamp":1119388574080731,"circlet_count":0,"master_deck":["AscendersBane","Strike_R","Strike_R","Strike_R","Strike_R","Strike_R","Defend_R","Defend_R","Defend_R","Defend_R","Bash","Sword Boomerang+1","Pummel+1","Metallicize","Offering","Inflame+1","Sever Soul","Barricade+1","Power Through"],"relics":["Burning Blood","Calipers","Bag of Preparation","WingedGreaves","The Courier"],"potions_floor_usage":[4,7,7,7,7,12],"damage_taken":[{"damage":12,"enemies":"Small Slimes","floor":1,"turns":4},{"damage":9,"enemies":"Jaw Worm","floor":3,"turns":4},{"damage":1,"enemies":"Cultist","floor":4,"turns":3},{"damage":7,"enemies":"3 Sentries","floor":7,"turns":6},{"damage":14,"enemies":"Blue Slaver","floor":8,"turns":2},{"damage":6,"enemies":"2 Fungi Beasts","floor":12,"turns":2},{"damage":8,"enemies":"Gremlin Nob","floor":13,"turns":3},{"damage":59,"enemies":"The Guardian","floor":16,"turns":14}],"seed_played":"-7057316187896702420","potions_obtained":[{"floor":0,"key":"EntropicBrew"},{"floor":0,"key":"FearPotion"},{"floor":4,"key":"Poison Potion"},{"floor":8,"key":"SkillPotion"}],"is_trial":false,"path_per_floor":["M","?","M","M","T","R","E","M","T","?","R","M","E","?","R","B"],"character_chosen":"IRONCLAD","items_purchased":[],"campfire_rested":1,"item_purchase_floors":[],"current_hp_per_floor":[62,62,59,64,64,64,63,55,55,32,54,54,52,52,52,0],"gold":234,"neow_bonus":"THREE_SMALL_POTIONS","is_prod":false,"is_daily":false,"chose_seed":false,"campfire_upgraded":2,"win_rate":0,"timestamp":1561524706,"path_taken":["M","?","M","M","?","R","E","M","T","?","R","?","E","?","R","BOSS"],"build_version":"2019-01-23","purchased_purges":0,"victory":false,"max_hp_per_floor":[75,75,75,75,75,75,75,75,75,75,75,75,75,75,75,75],"card_choices":[{"not_picked":["Pommel Strike","Twin Strike"],"picked":"Sword Boomerang","floor":1},{"not_picked":["Reckless Charge","Wild Strike"],"picked":"Pummel","floor":3},{"not_picked":["Pummel","Seeing Red"],"picked":"Metallicize","floor":4},{"not_picked":["Sever Soul","Armaments"],"picked":"Offering","floor":7},{"not_picked":["Whirlwind","Sword Boomerang"],"picked":"Inflame","floor":8},{"not_picked":["Flex","Cleave"],"picked":"Sever Soul","floor":12},{"not_picked":["Rupture","Twin Strike"],"picked":"Barricade","floor":13}],"player_experience":1082632,"relics_obtained":[{"floor":5,"key":"Calipers"},{"floor":7,"key":"Bag of Preparation"},{"floor":9,"key":"WingedGreaves"},{"floor":13,"key":"The Courier"}],"event_choices":[{"damage_healed":0,"gold_gain":0,"player_choice":"Ignored","damage_taken":0,"max_hp_gain":0,"max_hp_loss":0,"event_name":"Golden Wing","floor":2,"gold_loss":0},{"damage_healed":0,"gold_gain":0,"player_choice":"Entered Light","damage_taken":23,"max_hp_gain":0,"max_hp_loss":0,"event_name":"Shining Light","floor":10,"gold_loss":0,"cards_upgraded":["Pummel","Inflame"]},{"damage_healed":0,"gold_gain":0,"player_choice":"1 cards matched","damage_taken":0,"max_hp_gain":0,"max_hp_loss":0,"event_name":"Match and Keep!","floor":14,"gold_loss":0,"cards_obtained":["Power Through"]}],"is_beta":false,"boss_relics":[],"items_purged_floors":[],"is_endless":false,"potions_floor_spawned":[4,8],"killed_by":"The Guardian","ascension_level":19}