{"gold_per_floor":[114,114,114,127,145,145,176,176,176,207,226,226,258,272,272,375,375,385,385,403,258,270,297,25,25,25,25,37,49,161,190,202,315,327,350,113,131,131,131,147,164,164,164,28,28,2,2,2,2,2],"floor_reached":51,"playtime":1965,"items_purged":["Strike_G","Strike_G"],"score":681,"play_id":"0bf1b7ba-0e49-454d-8cde-a3022294924e","local_time":"20190427185747","is_ascension_mode":false,"campfire_choices":[{"data":"Doppelganger","floor":6,"key":"SMITH"},{"data":"Neutralize","floor":8,"key":"SMITH"},{"floor":12,"key":"REST"},{"data":"Phantasmal Killer","floor":15,"key":"SMITH"},{"data":"Malaise","floor":25,"key":"SMITH"},{"data":"Caltrops","floor":28,"key":"SMITH"},{"floor":32,"key":"REST"},{"data":"Footwork","floor":42,"key":"SMITH"},{"data":"Infinite Blades","floor":45,"key":"SMITH"},{"data":"Caltrops","floor":47,"key":"SMITH"},{"data":"Burst","floor":49,"key":"SMITH"}],"neow_cost":"NONE","seed_source_timestamp":352915957137647,"circlet_count":0,"master_deck":["Defend_G","Defend_G","Defend_G","Defend_G","Defend_G","Strike_G","Survivor","Neutralize+1","Caltrops+1","Dagger Throw","Backflip","Doppelganger+1","Caltrops+1","Malaise+1","Phantasmal Killer+1","Burst+1","Prepared","Leg Sweep","Deflect","Caltrops+1","Blur+1","Writhe","Infinite Blades+1","Malaise","Calculated Gamble","Footwork+1","Backstab","Blur","Flechettes+1","Parasite","Tools of the Trade","Underhanded Strike","Concentrate"],"relics":["Ring of the Snake","NeowsBlessing","Incense Burner","Meat on the Bone","Singing Bowl","Potion Belt","Sozu","Lantern","Dead Branch","Medical Kit","MawBank","Cursed Key","Du-Vu Doll"],"potions_floor_usage":[7,22],"damage_taken":[{"damage":0,"enemies":"Jaw Worm","floor":1,"turns":1},{"damage":0,"enemies":"Cultist","floor":4,"turns":1},{"damage":0,"enemies":"Small Slimes","floor":5,"turns":1},{"damage":30,"enemies":"Lagavulin","floor":7,"turns":10},{"damage":39,"enemies":"Gremlin Nob","floor":10,"turns":6},{"damage":4,"enemies":"Looter","floor":11,"turns":4},{"damage":13,"enemies":"3 Sentries","floor":13,"turns":9},{"damage":2,"enemies":"2 Fungi Beasts","floor":14,"turns":4},{"damage":24,"enemies":"Hexaghost","floor":16,"turns":12},{"damage":0,"enemies":"Chosen","floor":18,"turns":6},{"damage":0,"enemies":"Shell Parasite","floor":20,"turns":7},{"damage":0,"enemies":"Chosen and Byrds","floor":22,"turns":6},{"damage":37,"enemies":"Slavers","floor":23,"turns":6},{"damage":0,"enemies":"Centurion and Healer","floor":31,"turns":8},{"damage":12,"enemies":"Champ","floor":33,"turns":12},{"damage":4,"enemies":"Orb Walker","floor":35,"turns":4},{"damage":0,"enemies":"3 Shapes","floor":37,"turns":8},{"damage":3,"enemies":"Sphere and 2 Shapes","floor":40,"turns":6},{"damage":0,"enemies":"3 Darklings","floor":41,"turns":5},{"damage":20,"enemies":"Time Eater","floor":50,"turns":11}],"seed_played":"3408266980820399955","potions_obtained":[{"floor":4,"key":"Fire Potion"},{"floor":16,"key":"AttackPotion"}],"is_trial":false,"path_per_floor":["M","?","$","M","M","R","E","R","T","E","M","R","E","M","R","B",null,"M","?","M","$","M","E","$","R","T","?","R","?","?","M","R","B",null,"M","$","M","?","?","M","M","R","T","$","R","$","R","?","R","B",null],"character_chosen":"THE_SILENT","items_purchased":["Lantern","Medical Kit","Footwork","Backstab","Tools of the Trade","Underhanded Strike"],"campfire_rested":2,"item_purchase_floors":[21,24,36,36,44,46],"current_hp_per_floor":[70,70,70,70,70,70,40,40,40,13,23,44,43,43,43,31,74,74,74,74,74,74,49,49,49,49,49,49,35,35,47,70,58,79,75,75,75,77,77,74,76,76,76,76,76,76,76,76,76,56],"gold":2,"neow_bonus":"THREE_ENEMY_KILL","is_prod":false,"is_daily":false,"chose_seed":false,"campfire_upgraded":9,"win_rate":0,"timestamp":1556405867,"path_taken":["M","?","$","M","?","R","E","R","T","E","M","R","E","M","R","BOSS","M","?","M","$","M","E","$","R","T","?","R","?","?","?","R","BOSS","M","$","M","?","?","M","M","R","T","$","R","$","R","?","R","BOSS"],"build_version":"2019-01-23","purchased_purges":2,"victory":true,"max_hp_per_floor":[70,70,70,70,70,70,70,70,70,70,72,72,72,74,74,74,74,74,74,74,74,74,74,74,74,74,74,74,79,79,79,79,79,79,79,79,79,81,81,81,83,83,83,83,83,83,83,83,83,83],"card_choices":[{"not_picked":["Flying Knee","Dagger Throw"],"picked":"Caltrops","floor":1},{"not_picked":["Dagger Throw","Terror"],"picked":"Backflip","floor":4},{"not_picked":["Masterful Stab","Eviscerate"],"picked":"Doppelganger","floor":5},{"not_picked":["Slice","PiercingWail"],"picked":"Caltrops","floor":7},{"not_picked":["Outmaneuver","Flying Knee"],"picked":"Malaise","floor":10},{"not_picked":["Eviscerate","Slice","Backflip"],"picked":"Singing Bowl","floor":11},{"not_picked":["Setup","Expertise"],"picked":"Phantasmal Killer","floor":13},{"not_picked":["Expertise","Deadly Poison","Outmaneuver"],"picked":"Singing Bowl","floor":14},{"not_picked":["Corpse Explosion","Die Die Die"],"picked":"Burst","floor":16},{"not_picked":["Flying Knee","Deadly Poison"],"picked":"Prepared","floor":18},{"not_picked":["Dagger Spray","Bane"],"picked":"Deflect","floor":20},{"not_picked":["All Out Attack","Crippling Poison"],"picked":"Caltrops+1","floor":22},{"not_picked":["Poisoned Stab","Die Die Die"],"picked":"Blur+1","floor":23},{"not_picked":["Deadly Poison","Leg Sweep"],"picked":"Infinite Blades","floor":31},{"not_picked":["Unload","Venomology"],"picked":"Malaise","floor":33},{"not_picked":["Dagger Throw+1","Prepared"],"picked":"Calculated Gamble","floor":35},{"not_picked":["Noxious Fumes+1","Deflect+1"],"picked":"Blur","floor":37},{"not_picked":["Sadistic Nature","Swift Strike","PanicButton"],"picked":"Singing Bowl","floor":38},{"not_picked":["PiercingWail+1","Underhanded Strike"],"picked":"Flechettes+1","floor":40},{"not_picked":["Blade Dance","Bane+1","Slice+1"],"picked":"Singing Bowl","floor":41}],"player_experience":625476,"relics_obtained":[{"floor":7,"key":"Incense Burner"},{"floor":9,"key":"Meat on the Bone"},{"floor":10,"key":"Singing Bowl"},{"floor":13,"key":"Potion Belt"},{"floor":23,"key":"Dead Branch"},{"floor":43,"key":"Du-Vu Doll"}],"event_choices":[{"damage_healed":0,"gold_gain":0,"cards_transformed":["Strike_G"],"player_choice":"Transformed","damage_taken":0,"max_hp_gain":0,"max_hp_loss":0,"event_name":"Transmorgrifier","floor":2,"gold_loss":0,"cards_obtained":["Dagger Throw"]},{"damage_healed":0,"gold_gain":0,"player_choice":"Read","damage_taken":0,"max_hp_gain":0,"max_hp_loss":0,"event_name":"The Library","floor":19,"gold_loss":0,"cards_obtained":["Leg Sweep"]},{"damage_healed":0,"gold_gain":0,"player_choice":"Opened","damage_taken":0,"relics_obtained":["MawBank"],"max_hp_gain":0,"max_hp_loss":0,"event_name":"The Mausoleum","floor":27,"gold_loss":0,"cards_obtained":["Writhe"]},{"damage_healed":0,"gold_gain":0,"player_choice":"Shed Blood","damage_taken":19,"max_hp_gain":5,"max_hp_loss":0,"event_name":"Forgotten Altar","floor":29,"gold_loss":0},{"damage_healed":0,"gold_gain":100,"player_choice":"Pray","damage_taken":0,"max_hp_gain":0,"max_hp_loss":0,"event_name":"Golden Shrine","floor":30,"gold_loss":0},{"damage_healed":0,"gold_gain":0,"player_choice":"Memory 1","damage_taken":0,"max_hp_gain":0,"max_hp_loss":0,"event_name":"SensoryStone","floor":38,"gold_loss":0},{"damage_healed":0,"gold_gain":0,"player_choice":"Ignored","damage_taken":0,"max_hp_gain":0,"max_hp_loss":0,"event_name":"Mysterious Sphere","floor":39,"gold_loss":0},{"damage_healed":0,"gold_gain":0,"cards_transformed":["Strike_G"],"player_choice":"Transformed","damage_taken":0,"max_hp_gain":0,"max_hp_loss":0,"event_name":"Transmorgrifier","floor":48,"gold_loss":0,"cards_obtained":["Concentrate"]}],"is_beta":false,"boss_relics":[{"not_picked":["Orrery","Busted Crown"],"picked":"Sozu"},{"not_picked":["Astrolabe","Tiny House"],"picked":"Cursed Key"}],"items_purged_floors":[24,36],"is_endless":false,"potions_floor_spawned":[4,16,18,20,40],"ascension_level":0}