{"gold_per_floor":[118,118,16,27,46,46,64,64,64,96,120,120],"floor_reached":12,"playtime":360,"items_purged":[],"score":151,"play_id":"469cc255-6fe4-4890-8848-3948b9632dd1","local_time":"20190625150914","is_ascension_mode":true,"campfire_choices":[{"data":"Entrench","floor":6,"key":"SMITH"},{"data":"Juggernaut","floor":8,"key":"SMITH"}],"neow_cost":"CURSE","seed_source_timestamp":1095525243067857,"circlet_count":0,"master_deck":["AscendersBane","Strike_R","Strike_R","Strike_R","Strike_R","Strike_R","Defend_R","Defend_R","Defend_R","Defend_R","Bash","Juggernaut+1","Shrug It Off","Shrug It Off","Body Slam","Entrench+1","Power Through","Shrug It Off"],"relics":["Burning Blood","Spirit Poop","Meat on the Bone","Letter Opener","Juzu Bracelet"],"potions_floor_usage":[5,12],"damage_taken":[{"damage":20,"enemies":"Small Slimes","floor":1,"turns":4},{"damage":0,"enemies":"Cultist","floor":4,"turns":4},{"damage":3,"enemies":"2 Louse","floor":5,"turns":3},{"damage":16,"enemies":"Large Slime","floor":7,"turns":8},{"damage":24,"enemies":"3 Sentries","floor":10,"turns":8},{"damage":58,"enemies":"Gremlin Nob","floor":12,"turns":5}],"seed_played":"-6641680997265449177","potions_obtained":[{"floor":4,"key":"GamblersBrew"},{"floor":10,"key":"BloodPotion"}],"is_trial":false,"path_per_floor":["M","?","$","M","M","R","M","R","T","E","T","E"],"character_chosen":"IRONCLAD","items_purchased":["Shrug It Off","Body Slam"],"campfire_rested":0,"item_purchase_floors":[3,3],"current_hp_per_floor":[54,54,54,60,63,63,53,53,53,47,47,0],"gold":120,"neow_bonus":"THREE_RARE_CARDS","is_prod":false,"is_daily":false,"chose_seed":false,"campfire_upgraded":2,"win_rate":0,"timestamp":1561500554,"path_taken":["M","?","$","M","M","R","?","R","T","E","?","E"],"build_version":"2019-01-23","purchased_purges":0,"victory":false,"max_hp_per_floor":[75,75,75,75,75,75,75,75,75,75,75,75],"card_choices":[{"not_picked":["Reaper","Demon Form"],"picked":"Juggernaut","floor":0},{"not_picked":["Pummel","Heavy Blade"],"picked":"Shrug It Off","floor":1},{"not_picked":["Warcry","Combust","Clash"],"picked":"SKIP","floor":4},{"not_picked":["Havoc","Seeing Red"],"picked":"Entrench","floor":5},{"not_picked":["Clash","Evolve"],"picked":"Power Through","floor":7},{"not_picked":["Immolate","Sword Boomerang"],"picked":"Shrug It Off","floor":10}],"player_experience":1077522,"relics_obtained":[{"floor":9,"key":"Meat on the Bone"},{"floor":10,"key":"Letter Opener"},{"floor":11,"key":"Juzu Bracelet"}],"event_choices":[{"cards_removed":["Shame"],"damage_healed":0,"gold_gain":0,"player_choice":"Offered Curse","damage_taken":0,"relics_obtained":["Spirit Poop"],"max_hp_gain":0,"max_hp_loss":0,"event_name":"Bonfire Elementals","floor":2,"gold_loss":0}],"is_beta":false,"boss_relics":[],"items_purged_floors":[],"is_endless":false,"potions_floor_spawned":[4,10],"killed_by":"Gremlin Nob","ascension_level":19}