{"gold_per_floor":[114,214,231,29,43,43,77,77,151,151,163,163,188,188,188,188],"floor_reached":16,"playtime":646,"items_purged":[],"score":108,"play_id":"ae287892-fe98-4e01-af1c-af101ce5d7a5","local_time":"20190701172856","is_ascension_mode":true,"campfire_choices":[{"data":"Iron Wave","floor":6,"key":"SMITH"},{"data":"Shrug It Off","floor":8,"key":"SMITH"},{"data":"Shrug It Off","floor":10,"key":"SMITH"},{"data":"Rage","floor":12,"key":"SMITH"},{"floor":15,"key":"REST"}],"neow_cost":"NONE","seed_source_timestamp":1273910830856822,"circlet_count":0,"master_deck":["Strike_R","Strike_R","Strike_R+1","Strike_R+1","Strike_R","Defend_R","Defend_R","Defend_R","Defend_R","Bash+1","Iron Wave+1","Headbutt","Shrug It Off+1","Shrug It Off+1","Rage+1","Body Slam","Dual Wield"],"relics":["Burning Blood","Whetstone","Dream Catcher","Sundial","Odd Mushroom","Letter Opener"],"potions_floor_usage":[7,13,16],"damage_taken":[{"damage":9,"enemies":"Small Slimes","floor":1,"turns":4},{"damage":1,"enemies":"Cultist","floor":3,"turns":3},{"damage":12,"enemies":"Jaw Worm","floor":5,"turns":2},{"damage":43,"enemies":"Lagavulin","floor":7,"turns":7},{"damage":4,"enemies":"Red Slaver","floor":11,"turns":5},{"damage":24,"enemies":"The Mushroom Lair","floor":13,"turns":6},{"damage":48,"enemies":"The Guardian","floor":16,"turns":17}],"seed_played":"3506378211035581779","potions_obtained":[{"floor":3,"key":"FearPotion"},{"floor":7,"key":"Swift Potion"},{"floor":13,"key":"Swift Potion"}],"is_trial":false,"path_per_floor":["M","?","M","$","M","R","E","R","T","R","M","R","?","T","R","B"],"character_chosen":"IRONCLAD","items_purchased":["Shrug It Off","Whetstone"],"campfire_rested":1,"item_purchase_floors":[4,4],"current_hp_per_floor":[77,77,80,80,74,74,37,37,37,37,39,39,21,21,45,0],"gold":188,"neow_bonus":"UPGRADE_CARD","is_prod":false,"is_daily":false,"chose_seed":false,"campfire_upgraded":4,"win_rate":0,"timestamp":1562027336,"path_taken":["M","?","?","$","M","R","E","R","T","R","M","R","?","?","R","BOSS"],"build_version":"2019-07-01","purchased_purges":0,"victory":false,"max_hp_per_floor":[80,80,80,80,80,80,80,80,80,80,80,80,80,80,80,80],"card_choices":[{"not_picked":["Sword Boomerang","Twin Strike"],"picked":"Iron Wave","floor":1},{"not_picked":["Wild Strike","Cleave"],"picked":"Headbutt","floor":3},{"not_picked":["Burning Pact","Infernal Blade"],"picked":"Shrug It Off","floor":5},{"not_picked":["Disarm","Wild Strike","Perfected Strike"],"picked":"SKIP","floor":7},{"not_picked":["Limit Break","Dual Wield"],"picked":"Rage","floor":11},{"not_picked":["Thunderclap","Armaments"],"picked":"Body Slam","floor":13},{"not_picked":["Inflame","Twin Strike"],"picked":"Dual Wield","floor":15}],"player_experience":58464,"relics_obtained":[{"floor":7,"key":"Dream Catcher"},{"floor":9,"key":"Sundial"},{"floor":13,"key":"Odd Mushroom"},{"floor":14,"key":"Letter Opener"}],"event_choices":[{"damage_healed":0,"gold_gain":100,"player_choice":"Gold","damage_taken":0,"max_hp_gain":0,"max_hp_loss":0,"event_name":"Wheel of Change","floor":2,"gold_loss":0},{"damage_healed":0,"gold_gain":0,"player_choice":"Fought Mushrooms","damage_taken":0,"max_hp_gain":0,"max_hp_loss":0,"event_name":"Mushrooms","floor":13,"gold_loss":0}],"is_beta":false,"boss_relics":[],"items_purged_floors":[],"is_endless":false,"potions_floor_spawned":[3,7,13],"killed_by":"The Guardian","ascension_level":2}