{"gold_per_floor":[111,61,74,74,74,107,137,137,185,185,185,223,247,90,90,90],"floor_reached":16,"playtime":418,"items_purged":[],"score":223,"play_id":"b515f1bb-9cb9-4c62-b175-b335ab6de7ee","local_time":"20181120183650","is_ascension_mode":true,"campfire_choices":[{"data":"Clash","floor":10,"key":"SMITH"},{"data":"Iron Wave","floor":15,"key":"SMITH"}],"neow_cost":"NONE","seed_source_timestamp":3372570538947,"circlet_count":0,"master_deck":["AscendersBane","Strike_R","Strike_R","Strike_R","Strike_R","Defend_R","Defend_R","Defend_R","Defend_R","Bash","Body Slam+1","Clash+1","Perfected Strike","Headbutt","Iron Wave+1","Impervious+1"],"relics":["Burning Blood","NeowsBlessing","Golden Idol","Toxic Egg 2","Tiny Chest","Self Forming Clay","Oddly Smooth Stone","Frozen Egg 2","PreservedInsect"],"potions_floor_usage":[],"damage_taken":[{"damage":0,"enemies":"Small Slimes","floor":1,"turns":1},{"damage":0,"enemies":"Jaw Worm","floor":3,"turns":1},{"damage":0,"enemies":"Gremlin Nob","floor":6,"turns":1},{"damage":33,"enemies":"Lagavulin","floor":12,"turns":6},{"damage":1,"enemies":"2 Louse","floor":13,"turns":3},{"damage":44,"enemies":"The Guardian","floor":16,"turns":14}],"seed_played":"8851343766489402308","potions_obtained":[{"floor":12,"key":"Ancient Potion"}],"is_trial":false,"path_per_floor":["M","?","M","?","?","E","?","T","T","R","T","E","M","$","R","B"],"character_chosen":"IRONCLAD","items_purchased":["Impervious+1"],"campfire_rested":0,"item_purchase_floors":[14],"current_hp_per_floor":[74,74,75,75,69,69,66,66,66,66,66,39,44,44,44,0],"gold":90,"neow_bonus":"THREE_ENEMY_KILL","is_prod":false,"is_daily":false,"chose_seed":false,"campfire_upgraded":2,"win_rate":0,"timestamp":1542767810,"path_taken":["M","?","M","?","?","E","?","?","T","R","?","E","M","?","R","BOSS"],"build_version":"2018-11-15","purchased_purges":0,"victory":false,"max_hp_per_floor":[75,75,75,75,69,69,69,69,69,69,69,69,69,69,69,69],"card_choices":[{"not_picked":["Armaments","Warcry"],"picked":"Body Slam","floor":1},{"not_picked":["Body Slam","Dropkick"],"picked":"Clash","floor":3},{"not_picked":["Fiend Fire","Heavy Blade"],"picked":"Perfected Strike","floor":6},{"not_picked":["Iron Wave","Cleave"],"picked":"Headbutt","floor":12},{"not_picked":["Rage+1","Flex+1"],"picked":"Iron Wave","floor":13}],"player_experience":804605,"relics_obtained":[{"floor":6,"key":"Toxic Egg 2"},{"floor":8,"key":"Self Forming Clay"},{"floor":9,"key":"Oddly Smooth Stone"},{"floor":11,"key":"Frozen Egg 2"},{"floor":12,"key":"PreservedInsect"}],"event_choices":[{"cards_removed":["Strike_R"],"damage_healed":0,"gold_gain":0,"player_choice":"Card Removal","damage_taken":0,"max_hp_gain":0,"max_hp_loss":0,"event_name":"The Cleric","floor":2,"gold_loss":50},{"damage_healed":0,"gold_gain":0,"player_choice":"Grow","damage_taken":0,"max_hp_gain":0,"max_hp_loss":0,"event_name":"Living Wall","floor":4,"gold_loss":0,"cards_upgraded":["Body Slam"]},{"damage_healed":0,"gold_gain":0,"player_choice":"Lose Max HP","damage_taken":0,"relics_obtained":["Golden Idol"],"max_hp_gain":0,"max_hp_loss":6,"event_name":"Golden Idol","floor":5,"gold_loss":0},{"damage_healed":0,"gold_gain":0,"player_choice":"Success","damage_taken":3,"relics_obtained":["Tiny Chest"],"max_hp_gain":0,"max_hp_loss":0,"event_name":"Scrap Ooze","floor":7,"gold_loss":0}],"is_beta":false,"boss_relics":[],"items_purged_floors":[],"is_endless":false,"potions_floor_spawned":[12],"killed_by":"The Guardian","ascension_level":14}