{"gold_per_floor":[14,26,26,26,47,80,80,93,93,112,112,42,42,83,83,174,174,199,224,308,57,73,73,73,97,97,140,15,34,34,49,49,147,147,160,160,185,185,185,185],"floor_reached":40,"playtime":1452,"items_purged":["Pain"],"score":729,"play_id":"e6b89fe3-d07b-400f-be36-6a895b512e78","local_time":"20181119215600","is_ascension_mode":true,"campfire_choices":[{"data":"Carnage","floor":7,"key":"SMITH"},{"data":"Demon Form","floor":15,"key":"SMITH"},{"floor":24,"key":"REST"},{"floor":32,"key":"REST"}],"neow_cost":"NO_GOLD","seed_source_timestamp":14957688021974,"circlet_count":0,"master_deck":["AscendersBane","Strike_R","Strike_R","Strike_R","Strike_R","Strike_R","Defend_R","Defend_R","Defend_R","Defend_R","Bash","Carnage+1","Seeing Red","Shrug It Off","Blood for Blood","Offering+1","Disarm","Ghostly Armor","Demon Form+1","Rampage","Impervious","Headbutt+1","Clumsy","Immolate","Doubt","Doubt","Rampage","Whirlwind","Pommel Strike","Headbutt","Offering","Warcry+1","Ghostly Armor+1"],"relics":["Burning Blood","Golden Idol","Matryoshka","Orichalcum","Shuriken","Happy Flower","Cursed Key","Bag of Marbles","Tiny Chest","Meat on the Bone","Bottled Tornado","Smiling Mask","Torii","Boot","Busted Crown"],"potions_floor_usage":[14,16,22,27,29,33,33],"damage_taken":[{"damage":5,"enemies":"2 Louse","floor":1,"turns":4},{"damage":0,"enemies":"Cultist","floor":2,"turns":4},{"damage":2,"enemies":"Jaw Worm","floor":5,"turns":3},{"damage":20,"enemies":"Gremlin Nob","floor":6,"turns":4},{"damage":8,"enemies":"Blue Slaver","floor":8,"turns":3},{"damage":6,"enemies":"Looter","floor":10,"turns":3},{"damage":23,"enemies":"3 Sentries","floor":14,"turns":10},{"damage":26,"enemies":"Slime Boss","floor":16,"turns":6},{"damage":12,"enemies":"3 Byrds","floor":18,"turns":6},{"damage":27,"enemies":"2 Thieves","floor":19,"turns":5},{"damage":10,"enemies":"Centurion and Healer","floor":22,"turns":6},{"damage":34,"enemies":"Book of Stabbing","floor":27,"turns":4},{"damage":17,"enemies":"Snake Plant","floor":29,"turns":4},{"damage":6,"enemies":"Snecko","floor":31,"turns":4},{"damage":45,"enemies":"Automaton","floor":33,"turns":7},{"damage":25,"enemies":"3 Darklings","floor":35,"turns":4},{"damage":14,"enemies":"Orb Walker","floor":37,"turns":4},{"damage":84,"enemies":"Giant Head","floor":40,"turns":6}],"seed_played":"1852564354275977237","potions_obtained":[{"floor":1,"key":"Energy Potion"},{"floor":10,"key":"SpeedPotion"},{"floor":14,"key":"Poison Potion"},{"floor":18,"key":"Dexterity Potion"},{"floor":22,"key":"AttackPotion"},{"floor":29,"key":"PowerPotion"},{"floor":31,"key":"Strength Potion"}],"is_trial":false,"path_per_floor":["M","M","$","?","M","E","R","M","T","M","?","$","?","E","R","B",null,"M","M","T","$","M","T","R","T","T","E","$","M","?","M","R","B",null,"M","?","M","?","?","E"],"character_chosen":"IRONCLAD","items_purchased":["Ghostly Armor","Meat on the Bone","Whirlwind"],"campfire_rested":2,"item_purchase_floors":[12,21,28],"current_hp_per_floor":[72,81,81,75,78,67,67,65,65,68,68,68,68,54,54,37,77,71,53,53,53,64,64,92,92,92,64,64,65,65,65,93,66,89,70,70,65,65,65,0],"gold":185,"neow_bonus":"THREE_RARE_CARDS","is_prod":false,"is_daily":false,"chose_seed":false,"campfire_upgraded":2,"win_rate":0,"timestamp":1542693360,"path_taken":["M","M","$","?","M","E","R","M","T","M","?","$","?","E","R","BOSS","M","M","?","$","M","?","R","?","T","E","?","M","?","M","R","BOSS","M","?","M","?","?","E"],"build_version":"2018-11-15","purchased_purges":1,"victory":false,"max_hp_per_floor":[78,81,81,75,78,81,81,81,81,84,84,84,84,87,87,90,90,90,93,93,93,96,96,96,96,96,96,96,96,96,96,96,96,96,96,96,99,99,99,99],"card_choices":[{"not_picked":["Barricade","Impervious"],"picked":"Feed","floor":0},{"not_picked":["Wild Strike","Perfected Strike"],"picked":"Carnage","floor":1},{"not_picked":["Anger","Clothesline"],"picked":"Seeing Red","floor":2},{"not_picked":["Headbutt","Wild Strike"],"picked":"Shrug It Off","floor":5},{"not_picked":["Heavy Blade","Searing Blow"],"picked":"Blood for Blood","floor":6},{"not_picked":["Sword Boomerang","Armaments"],"picked":"Offering","floor":8},{"not_picked":["Thunderclap","Headbutt"],"picked":"Disarm","floor":10},{"not_picked":["Headbutt","Shockwave"],"picked":"Rampage","floor":14},{"not_picked":["Demon Form","Dark Embrace"],"picked":"Impervious","floor":16},{"not_picked":["Wild Strike","Sword Boomerang"],"picked":"Headbutt+1","floor":18},{"not_picked":["Havoc","Thunderclap","Perfected Strike"],"picked":"SKIP","floor":19},{"not_picked":["Armaments","Twin Strike"],"picked":"Immolate","floor":22},{"not_picked":["Intimidate","Evolve"],"picked":"Rampage","floor":27},{"not_picked":["Perfected Strike","Armaments"],"picked":"Pommel Strike","floor":29},{"not_picked":["Cleave","Body Slam"],"picked":"Headbutt","floor":31},{"not_picked":["Immolate","Barricade"],"picked":"Offering","floor":33},{"not_picked":[],"picked":"Warcry+1","floor":35},{"not_picked":[],"picked":"Ghostly Armor+1","floor":37}],"player_experience":792154,"relics_obtained":[{"floor":6,"key":"Matryoshka"},{"floor":9,"key":"Orichalcum"},{"floor":9,"key":"Shuriken"},{"floor":14,"key":"Happy Flower"},{"floor":20,"key":"Bag of Marbles"},{"floor":20,"key":"Tiny Chest"},{"floor":23,"key":"Bottled Tornado"},{"floor":25,"key":"Smiling Mask"},{"floor":26,"key":"Torii"},{"floor":27,"key":"Boot"}],"event_choices":[{"damage_healed":0,"gold_gain":0,"player_choice":"Lose Max HP","damage_taken":0,"relics_obtained":["Golden Idol"],"max_hp_gain":0,"max_hp_loss":6,"event_name":"Golden Idol","floor":4,"gold_loss":0},{"damage_healed":0,"gold_gain":0,"player_choice":"Grow","damage_taken":0,"max_hp_gain":0,"max_hp_loss":0,"event_name":"Living Wall","floor":11,"gold_loss":0,"cards_upgraded":["Offering"]},{"damage_healed":0,"gold_gain":0,"player_choice":"1 cards matched","damage_taken":0,"max_hp_gain":0,"max_hp_loss":0,"event_name":"Match and Keep!","floor":13,"gold_loss":0,"cards_obtained":["Demon Form"]},{"damage_healed":0,"gold_gain":0,"player_choice":"Ignored","damage_taken":0,"max_hp_gain":0,"max_hp_loss":0,"event_name":"The Mausoleum","floor":30,"gold_loss":0},{"damage_healed":0,"gold_gain":0,"player_choice":"Ignored","damage_taken":0,"max_hp_gain":0,"max_hp_loss":0,"event_name":"Tomb of Lord Red Mask","floor":36,"gold_loss":0},{"damage_healed":0,"gold_gain":0,"player_choice":"Ignored","damage_taken":0,"max_hp_gain":0,"max_hp_loss":0,"event_name":"Mysterious Sphere","floor":38,"gold_loss":0},{"cards_removed":["Feed"],"damage_healed":0,"gold_gain":0,"player_choice":"Removed Attack","damage_taken":0,"max_hp_gain":0,"max_hp_loss":0,"event_name":"Falling","floor":39,"gold_loss":0}],"is_beta":false,"boss_relics":[{"not_picked":["Coffee Dripper","Pandora\u0027s Box"],"picked":"Cursed Key"},{"not_picked":["Runic Pyramid","White Beast Statue"],"picked":"Busted Crown"}],"items_purged_floors":[28],"is_endless":false,"potions_floor_spawned":[1,10,14,18,22,29,31],"killed_by":"Giant Head","ascension_level":14}