{"gold_per_floor":[10,10,10,10,10,46,62,62,62,62,30,30,61,86,86,211,211,236,161,180,204,204],"floor_reached":22,"playtime":896,"items_purged":["Slice"],"score":221,"play_id":"173a77c2-16c4-48c1-a494-ef0ae0d2f05f","local_time":"20190203170649","is_ascension_mode":true,"campfire_choices":[{"floor":8,"key":"REST"},{"data":"Backstab","floor":10,"key":"SMITH"},{"floor":15,"key":"REST"}],"neow_cost":"NO_GOLD","seed_source_timestamp":289140603231401,"circlet_count":0,"master_deck":["Defend_G","Defend_G","Defend_G","Defend_G","Strike_G","Strike_G","Strike_G","Strike_G","Survivor","Neutralize","Flying Knee","Poisoned Stab","Backstab+1","Cloak And Dagger","Footwork","Quick Slash","Envenom","Choke","Eviscerate","After Image"],"relics":["Ring of the Snake","Golden Idol","Incense Burner","Turnip","PreservedInsect","Vajra","Snecko Eye"],"potions_floor_usage":[16,20],"damage_taken":[{"damage":1,"enemies":"Jaw Worm","floor":1,"turns":3},{"damage":28,"enemies":"Gremlin Nob","floor":6,"turns":4},{"damage":4,"enemies":"Small Slimes","floor":7,"turns":2},{"damage":14,"enemies":"Lagavulin","floor":13,"turns":4},{"damage":0,"enemies":"2 Louse","floor":14,"turns":2},{"damage":21,"enemies":"The Guardian","floor":16,"turns":12},{"damage":3,"enemies":"Chosen","floor":18,"turns":5},{"damage":44,"enemies":"3 Byrds","floor":20,"turns":6},{"damage":19,"enemies":"Snecko","floor":21,"turns":5},{"damage":16,"enemies":"Colosseum Slavers","floor":22,"turns":1}],"seed_played":"8520523737126158391","potions_obtained":[{"floor":1,"key":"AttackPotion"},{"floor":13,"key":"SteroidPotion"},{"floor":18,"key":"Fruit Juice"},{"floor":21,"key":"Weak Potion"}],"is_trial":false,"path_per_floor":["M","?","$","?","?","E","M","R","T","R","?","?","E","M","R","B",null,"M","$","M","M","?"],"character_chosen":"THE_SILENT","items_purchased":[],"campfire_rested":2,"item_purchase_floors":[],"current_hp_per_floor":[69,69,69,62,62,34,30,51,51,51,51,51,37,37,58,37,70,67,67,28,9,0],"gold":204,"neow_bonus":"TRANSFORM_TWO_CARDS","is_prod":false,"is_daily":false,"chose_seed":false,"campfire_upgraded":1,"win_rate":0,"timestamp":1549231609,"path_taken":["M","?","$","?","?","E","M","R","T","R","?","?","E","?","R","BOSS","M","$","M","M","?"],"build_version":"2019-01-23","purchased_purges":1,"victory":false,"max_hp_per_floor":[70,70,70,70,70,70,70,70,70,70,70,70,70,70,70,70,70,70,70,75,75,75],"card_choices":[{"not_picked":["Dagger Spray","Prepared"],"picked":"Poisoned Stab","floor":1},{"not_picked":["PiercingWail","Setup"],"picked":"Backstab","floor":6},{"not_picked":["PiercingWail","Poisoned Stab"],"picked":"Cloak And Dagger","floor":7},{"not_picked":["PiercingWail","Riddle With Holes"],"picked":"Footwork","floor":13},{"not_picked":["Acrobatics","Accuracy"],"picked":"Quick Slash","floor":14},{"not_picked":["Bullet Time","Die Die Die"],"picked":"Envenom","floor":16},{"not_picked":["Dagger Spray","Underhanded Strike"],"picked":"Choke","floor":18},{"not_picked":["Cloak And Dagger","Acrobatics"],"picked":"Eviscerate","floor":20},{"not_picked":["Backflip","Bane+1"],"picked":"After Image","floor":21}],"player_experience":143347,"relics_obtained":[{"floor":6,"key":"Incense Burner"},{"floor":9,"key":"Turnip"},{"floor":13,"key":"Vajra"}],"event_choices":[{"damage_healed":0,"gold_gain":0,"player_choice":"Take Wound","damage_taken":0,"relics_obtained":["Golden Idol"],"max_hp_gain":0,"max_hp_loss":0,"event_name":"Golden Idol","floor":2,"gold_loss":0,"cards_obtained":["Injury"]},{"cards_removed":["Injury"],"damage_healed":0,"gold_gain":0,"player_choice":"Card Removal","damage_taken":7,"max_hp_gain":0,"max_hp_loss":0,"event_name":"Golden Wing","floor":4,"gold_loss":0},{"damage_healed":0,"gold_gain":0,"cards_transformed":["Expertise"],"player_choice":"Change","damage_taken":0,"max_hp_gain":0,"max_hp_loss":0,"event_name":"Living Wall","floor":5,"gold_loss":0,"cards_obtained":["Slice"]},{"damage_healed":0,"gold_gain":0,"player_choice":"Left Gold","damage_taken":0,"max_hp_gain":0,"max_hp_loss":0,"event_name":"World of Goop","floor":11,"gold_loss":32},{"damage_healed":0,"gold_gain":0,"player_choice":"Gave Potion","damage_taken":0,"relics_obtained":["PreservedInsect"],"max_hp_gain":0,"max_hp_loss":0,"event_name":"WeMeetAgain","floor":12,"gold_loss":0},{"damage_healed":0,"gold_gain":0,"player_choice":"Fight","damage_taken":0,"max_hp_gain":0,"max_hp_loss":0,"event_name":"Colosseum","floor":22,"gold_loss":0}],"is_beta":false,"boss_relics":[{"not_picked":["Orrery","Lizard Tail"],"picked":"Snecko Eye"}],"items_purged_floors":[19],"is_endless":false,"potions_floor_spawned":[1,13,18,21],"killed_by":"Colosseum Slavers","ascension_level":3}