{"gold_per_floor":[117,127,137,117,135,161,161,186,186,186,286,341,341,360,360,437,437,454,454,467,547,547,575,575],"floor_reached":24,"playtime":880,"items_purged":[],"score":398,"play_id":"3fab286c-4380-48a0-916d-a3222ea18c36","local_time":"20190323133716","is_ascension_mode":true,"campfire_choices":[{"floor":7,"key":"REST"},{"floor":10,"key":"REST"},{"floor":13,"key":"REST"},{"floor":15,"key":"REST"}],"neow_cost":"PERCENT_DAMAGE","seed_source_timestamp":244362686376374,"circlet_count":0,"master_deck":["AscendersBane","Strike_B","Strike_B","Strike_B","Strike_B","Defend_B","Defend_B","Defend_B","Defend_B","Zap","Dualcast","Consume","Defragment","Ball Lightning","Cold Snap","Coolheaded","Conserve Battery","Loop","Doom and Gloom+1","Rainbow","Conserve Battery+1","Decay"],"relics":["Cracked Core","Singing Bowl","Bottled Flame","Molten Egg 2","Tiny Chest","Snecko Eye","Mummified Hand","Darkstone Periapt","The Courier"],"potions_floor_usage":[23,24],"damage_taken":[{"damage":1,"enemies":"Cultist","floor":1,"turns":3},{"damage":0,"enemies":"2 Louse","floor":2,"turns":2},{"damage":11,"enemies":"Jaw Worm","floor":3,"turns":4},{"damage":19,"enemies":"Blue Slaver","floor":5,"turns":4},{"damage":20,"enemies":"Lagavulin","floor":6,"turns":7},{"damage":20,"enemies":"Gremlin Nob","floor":8,"turns":5},{"damage":21,"enemies":"Lagavulin","floor":12,"turns":7},{"damage":43,"enemies":"Gremlin Gang","floor":14,"turns":5},{"damage":12,"enemies":"The Guardian","floor":16,"turns":11},{"damage":2,"enemies":"Chosen","floor":18,"turns":4},{"damage":21,"enemies":"Shell Parasite","floor":20,"turns":4},{"damage":47,"enemies":"Gremlin Leader","floor":23,"turns":7},{"damage":5,"enemies":"3 Cultists","floor":24,"turns":3}],"seed_played":"-9062281041741899742","potions_obtained":[{"floor":2,"key":"GamblersBrew"},{"floor":4,"key":"Ancient Potion"},{"floor":8,"key":"FairyPotion"},{"floor":14,"key":"GamblersBrew"},{"floor":23,"key":"PowerPotion"}],"is_trial":false,"path_per_floor":["M","M","M","?","M","E","R","E","T","R","?","E","R","M","R","B",null,"M","?","M","T","T","E","M"],"character_chosen":"DEFECT","items_purchased":[],"campfire_rested":4,"item_purchase_floors":[],"current_hp_per_floor":[59,59,48,48,29,9,34,14,14,39,39,18,43,8,33,21,69,67,67,48,48,48,3,0],"gold":575,"neow_bonus":"TWENTY_PERCENT_HP_BONUS","is_prod":false,"is_daily":false,"chose_seed":false,"campfire_upgraded":0,"win_rate":0,"timestamp":1553362636,"path_taken":["M","M","M","?","?","E","R","E","T","R","?","E","R","?","R","BOSS","M","?","M","?","?","E","M"],"build_version":"2019-01-23","purchased_purges":0,"victory":false,"max_hp_per_floor":[85,85,85,85,85,85,85,85,85,85,85,85,85,85,85,85,85,85,85,87,87,87,89,89],"card_choices":[{"not_picked":["Cold Snap","Ball Lightning"],"picked":"Consume","floor":1},{"not_picked":["Redo","Hologram"],"picked":"Defragment","floor":2},{"not_picked":["Sweeping Beam","Storm"],"picked":"Ball Lightning","floor":3},{"not_picked":["Streamline","Hello World"],"picked":"Cold Snap","floor":5},{"not_picked":["Beam Cell","Auto Shields"],"picked":"Coolheaded","floor":6},{"not_picked":["Loop","Chaos"],"picked":"Conserve Battery","floor":8},{"not_picked":["Heatsinks","Leap"],"picked":"Loop","floor":12},{"not_picked":["Static Discharge","Fusion"],"picked":"Doom and Gloom+1","floor":14},{"not_picked":["Fission","Amplify"],"picked":"Rainbow","floor":16},{"not_picked":["Aggregate","Go for the Eyes+1"],"picked":"Conserve Battery+1","floor":18},{"not_picked":["Gash+1","Steam","Compile Driver+1"],"picked":"Singing Bowl","floor":20},{"not_picked":["Steam+1","Biased Cognition","Blizzard+1"],"picked":"Singing Bowl","floor":23}],"player_experience":446650,"relics_obtained":[{"floor":6,"key":"Singing Bowl"},{"floor":8,"key":"Bottled Flame"},{"floor":9,"key":"Molten Egg 2"},{"floor":12,"key":"Tiny Chest"},{"floor":21,"key":"Mummified Hand"},{"floor":22,"key":"Darkstone Periapt"},{"floor":23,"key":"The Courier"}],"event_choices":[{"damage_healed":0,"gold_gain":0,"player_choice":"Bought 1 Potion","damage_taken":0,"max_hp_gain":0,"max_hp_loss":0,"event_name":"The Woman in Blue","floor":4,"gold_loss":0},{"damage_healed":0,"gold_gain":100,"player_choice":"Pray","damage_taken":0,"max_hp_gain":0,"max_hp_loss":0,"event_name":"Golden Shrine","floor":11,"gold_loss":0},{"damage_healed":0,"gold_gain":0,"player_choice":"Smashed Altar","damage_taken":0,"max_hp_gain":0,"max_hp_loss":0,"event_name":"Forgotten Altar","floor":19,"gold_loss":0,"cards_obtained":["Decay"]}],"is_beta":false,"boss_relics":[{"not_picked":["Coffee Dripper","Runic Dome"],"picked":"Snecko Eye"}],"items_purged_floors":[],"is_endless":false,"potions_floor_spawned":[2,8,14,23],"killed_by":"3 Cultists","ascension_level":14}