{"gold_per_floor":[113,33,33,48,58,58,93,109,133,151,151,163,178,178,178,178],"floor_reached":16,"playtime":447,"items_purged":[],"score":166,"play_id":"e2aca63f-0b41-4b96-872f-f8e1f4714e10","local_time":"20181115223711","is_ascension_mode":true,"campfire_choices":[{"data":"Defragment","floor":6,"key":"SMITH"},{"floor":15,"key":"REST"}],"neow_cost":"NONE","seed_source_timestamp":16038342760555,"circlet_count":0,"master_deck":["AscendersBane","Strike_B","Strike_B","Strike_B","Strike_B","Defend_B","Defend_B","Defend_B","Zap","Dualcast","Conserve Battery","Defragment+1","Undo","Conserve Battery","FTL","Leap","Rainbow","Reinforced Body"],"relics":["Cracked Core","NeowsBlessing","Lantern","Ancient Tea Set"],"potions_floor_usage":[7,16],"damage_taken":[{"damage":0,"enemies":"2 Louse","floor":1,"turns":1},{"damage":0,"enemies":"Cultist","floor":4,"turns":1},{"damage":0,"enemies":"Jaw Worm","floor":5,"turns":1},{"damage":47,"enemies":"Gremlin Nob","floor":7,"turns":5},{"damage":0,"enemies":"Red Slaver","floor":8,"turns":5},{"damage":0,"enemies":"2 Fungi Beasts","floor":10,"turns":3},{"damage":0,"enemies":"Large Slime","floor":12,"turns":4},{"damage":11,"enemies":"Exordium Wildlife","floor":13,"turns":7},{"damage":33,"enemies":"Slime Boss","floor":16,"turns":3}],"seed_played":"4218435613338982623","potions_obtained":[{"floor":4,"key":"PowerPotion"},{"floor":5,"key":"SkillPotion"},{"floor":10,"key":"LiquidBronze"}],"is_trial":false,"path_per_floor":["M","$","?","M","M","R","E","M","T","M","?","M","M","?","R","B"],"character_chosen":"DEFECT","items_purchased":["Defragment"],"campfire_rested":1,"item_purchase_floors":[2],"current_hp_per_floor":[68,68,68,68,68,68,21,21,21,21,21,21,10,10,32,0],"gold":178,"neow_bonus":"THREE_ENEMY_KILL","is_prod":false,"is_daily":false,"chose_seed":false,"campfire_upgraded":1,"win_rate":0,"timestamp":1542350231,"path_taken":["M","$","?","?","M","R","E","M","T","M","?","M","?","?","R","BOSS"],"build_version":"2018-11-15","purchased_purges":0,"victory":false,"max_hp_per_floor":[75,75,75,75,75,75,75,75,75,75,75,75,75,75,75,75],"card_choices":[{"not_picked":["Turbo","Hello World"],"picked":"Conserve Battery","floor":1},{"not_picked":["Turbo","Hello World"],"picked":"Undo","floor":4},{"not_picked":["Streamline","Gash"],"picked":"Conserve Battery","floor":5},{"not_picked":["Rip and Tear","Go for the Eyes"],"picked":"FTL","floor":7},{"not_picked":["Loop","Steam"],"picked":"Leap","floor":8},{"not_picked":["Genetic Algorithm","Compile Driver"],"picked":"Rainbow","floor":10},{"not_picked":["Hologram","Turbo"],"picked":"Reinforced Body","floor":12},{"not_picked":["Compile Driver","Genetic Algorithm","Blizzard"],"picked":"SKIP","floor":13}],"player_experience":730320,"relics_obtained":[{"floor":7,"key":"Lantern"},{"floor":9,"key":"Ancient Tea Set"}],"event_choices":[{"damage_healed":0,"gold_gain":0,"player_choice":"0 cards matched","damage_taken":0,"max_hp_gain":0,"max_hp_loss":0,"event_name":"Match and Keep!","floor":3,"gold_loss":0,"cards_obtained":[]},{"cards_removed":["Defend_B"],"damage_healed":0,"gold_gain":0,"player_choice":"Offered Basic","damage_taken":0,"max_hp_gain":0,"max_hp_loss":0,"event_name":"Bonfire Elementals","floor":11,"gold_loss":0},{"damage_healed":0,"gold_gain":0,"player_choice":"Searched \u00270\u0027 times","damage_taken":0,"max_hp_gain":0,"max_hp_loss":0,"event_name":"Dead Adventurer","floor":14,"gold_loss":0}],"is_beta":false,"boss_relics":[],"items_purged_floors":[],"is_endless":false,"potions_floor_spawned":[4,5,10,12],"killed_by":"Slime Boss","ascension_level":12}