{"gold_per_floor":[210,210,153,153,165,165,194,194,194,269,216,228,282,198,198,275,275,252,302,321,321,55,55],"floor_reached":23,"playtime":710,"items_purged":[],"score":361,"play_id":"a18657fc-6e80-42a2-82cb-c19f2535f397","local_time":"20190701223322","is_ascension_mode":true,"campfire_choices":[{"data":"Backflip","floor":6,"key":"SMITH"},{"data":"Bouncing Flask","floor":8,"key":"SMITH"},{"floor":15,"key":"REST"}],"neow_cost":"NONE","seed_source_timestamp":1640215281989703,"circlet_count":0,"master_deck":["AscendersBane","Strike_G","Strike_G","Strike_G","Strike_G","Defend_G","Defend_G","Defend_G","Defend_G","Defend_G","Survivor","Neutralize+1","Bouncing Flask+1","Dagger Spray","Backflip+1","Caltrops","Acrobatics","Footwork","Skewer","Bullet Time","Dash","Footwork+1"],"relics":["Ring of the Snake","Dream Catcher","Question Card","Strawberry","Sozu","Shuriken"],"potions_floor_usage":[7,16,18],"damage_taken":[{"damage":2,"enemies":"Small Slimes","floor":1,"turns":5},{"damage":0,"enemies":"2 Louse","floor":5,"turns":2},{"damage":10,"enemies":"Lagavulin","floor":7,"turns":6},{"damage":2,"enemies":"Jaw Worm","floor":12,"turns":3},{"damage":44,"enemies":"Hexaghost","floor":16,"turns":10},{"damage":21,"enemies":"2 Thieves","floor":18,"turns":4},{"damage":7,"enemies":"3 Byrds","floor":20,"turns":4},{"damage":30,"enemies":"Book of Stabbing","floor":23,"turns":6}],"seed_played":"6277952247793185512","potions_obtained":[{"floor":1,"key":"PowerPotion"},{"floor":5,"key":"Dexterity Potion"}],"is_trial":false,"path_per_floor":["M","?","$","?","M","R","E","R","T","?","$","M","T","$","R","B",null,"M","?","M","?","$","E"],"character_chosen":"THE_SILENT","items_purchased":["Dagger Spray","PowerPotion","Footwork","Shuriken"],"campfire_rested":1,"item_purchase_floors":[3,11,14,22],"current_hp_per_floor":[57,57,57,50,50,50,40,40,40,29,29,27,34,34,55,11,58,37,37,30,30,30,0],"gold":55,"neow_bonus":"HUNDRED_GOLD","is_prod":false,"is_daily":false,"chose_seed":false,"campfire_upgraded":2,"win_rate":0,"timestamp":1562045602,"path_taken":["M","?","$","?","M","R","E","R","T","?","$","M","?","?","R","BOSS","M","?","M","?","?","E"],"build_version":"2019-07-01","purchased_purges":0,"victory":false,"max_hp_per_floor":[66,66,66,66,66,66,66,66,66,66,66,66,73,73,73,73,73,73,73,73,73,73,73],"card_choices":[{"not_picked":["Blade Dance","Acrobatics"],"picked":"Bouncing Flask","floor":1},{"not_picked":["Dagger Throw","Quick Slash"],"picked":"Backflip","floor":5},{"not_picked":["Accuracy","Concentrate"],"picked":"Caltrops","floor":7},{"not_picked":["Poisoned Stab","Dagger Spray","Expertise"],"picked":"Acrobatics","floor":12},{"not_picked":["Masterful Stab","Crippling Poison","Infinite Blades"],"picked":"Skewer","floor":15},{"not_picked":["Malaise","Night Terror","After Image"],"picked":"Bullet Time","floor":16},{"not_picked":["Infinite Blades","Eviscerate","Outmaneuver"],"picked":"Dash","floor":18},{"not_picked":["Sucker Punch","Slice+1","Tactician"],"picked":"Footwork+1","floor":20}],"player_experience":1113849,"relics_obtained":[{"floor":7,"key":"Dream Catcher"},{"floor":9,"key":"Question Card"},{"floor":13,"key":"Strawberry"}],"event_choices":[{"damage_healed":0,"gold_gain":0,"player_choice":"Grow","damage_taken":0,"max_hp_gain":0,"max_hp_loss":0,"event_name":"Living Wall","floor":2,"gold_loss":0,"cards_upgraded":["Neutralize"]},{"cards_removed":["Strike_G"],"damage_healed":0,"gold_gain":0,"player_choice":"Card Removal","damage_taken":7,"max_hp_gain":0,"max_hp_loss":0,"event_name":"Golden Wing","floor":4,"gold_loss":0},{"damage_healed":0,"gold_gain":75,"player_choice":"Gather Gold","damage_taken":11,"max_hp_gain":0,"max_hp_loss":0,"event_name":"World of Goop","floor":10,"gold_loss":0},{"damage_healed":0,"gold_gain":50,"player_choice":"Stole From Cult","damage_taken":0,"max_hp_gain":0,"max_hp_loss":0,"event_name":"Nest","floor":19,"gold_loss":0},{"damage_healed":0,"gold_gain":0,"player_choice":"Ignored","damage_taken":0,"max_hp_gain":0,"max_hp_loss":0,"event_name":"Cursed Tome","floor":21,"gold_loss":0}],"is_beta":false,"boss_relics":[{"not_picked":["Philosopher\u0027s Stone","Coffee Dripper"],"picked":"Sozu"}],"items_purged_floors":[],"is_endless":false,"potions_floor_spawned":[1,5,12,20],"killed_by":"Book of Stabbing","ascension_level":19}