{"gold_per_floor":[109,62,73,93,108,137,137,168,168,186,186,42,57,57,57,155,205,216,235,235,135,135,135,147,22,76,76,76,87,87,99,99,202,202,213,213,131,141,153,153,165,185,185,0,11,30,30,49,49,49],"floor_reached":50,"playtime":1727,"items_purged":["Strike_R","Strike_R","Strike_R"],"score":508,"play_id":"d5eaff69-4742-4eb2-ba8a-3b190f15d0c6","local_time":"20190512201919","is_ascension_mode":false,"campfire_choices":[{"data":"Armaments","floor":7,"key":"SMITH"},{"data":"Rupture","floor":11,"key":"SMITH"},{"floor":15,"key":"REST"},{"data":"Brutality","floor":23,"key":"SMITH"},{"data":"Combust","floor":27,"key":"SMITH"},{"data":"Bash","floor":30,"key":"SMITH"},{"floor":32,"key":"REST"},{"data":"Demon Form","floor":40,"key":"SMITH"},{"floor":47,"key":"REST"},{"floor":49,"key":"REST"}],"neow_cost":"PERCENT_DAMAGE","seed_source_timestamp":519690020361642,"circlet_count":0,"master_deck":["Strike_R","Defend_R","Defend_R","Defend_R","Defend_R","Bash+1","Shrug It Off","Armaments+1","Carnage","Brutality+1","Thunderclap","Rupture+1","Uppercut","Dropkick","Pain","Feed+1","Cleave","Combust+1","Immolate","Rupture+1","Demon Form+1","Thunderclap+1","Writhe","Rupture","Sword Boomerang","Blood for Blood+1","Parasite","Barricade","Dropkick+1","Parasite","Twin Strike+1"],"relics":["Burning Blood","Red Skull","Juzu Bracelet","Blue Candle","WarpedTongs","Tiny House","Ancient Tea Set","Oddly Smooth Stone","Snecko Eye","Mango","Red Mask"],"potions_floor_usage":[6,16,33,33,33,50,50,50],"damage_taken":[{"damage":6,"enemies":"Jaw Worm","floor":1,"turns":4},{"damage":10,"enemies":"Cultist","floor":3,"turns":4},{"damage":0,"enemies":"Small Slimes","floor":4,"turns":3},{"damage":8,"enemies":"Red Slaver","floor":5,"turns":4},{"damage":31,"enemies":"Gremlin Nob","floor":6,"turns":4},{"damage":34,"enemies":"Lagavulin","floor":8,"turns":4},{"damage":6,"enemies":"Looter","floor":10,"turns":2},{"damage":10,"enemies":"Exordium Wildlife","floor":13,"turns":4},{"damage":26,"enemies":"Hexaghost","floor":16,"turns":8},{"damage":34,"enemies":"3 Byrds","floor":18,"turns":6},{"damage":21,"enemies":"Shell Parasite","floor":19,"turns":5},{"damage":21,"enemies":"Centurion and Healer","floor":24,"turns":4},{"damage":11,"enemies":"Chosen and Byrds","floor":29,"turns":4},{"damage":21,"enemies":"Snake Plant","floor":31,"turns":3},{"damage":47,"enemies":"Automaton","floor":33,"turns":6},{"damage":11,"enemies":"Orb Walker","floor":35,"turns":4},{"damage":31,"enemies":"3 Darklings","floor":38,"turns":3},{"damage":8,"enemies":"Transient","floor":39,"turns":5},{"damage":6,"enemies":"Jaw Worm Horde","floor":41,"turns":2},{"damage":45,"enemies":"Writhing Mass","floor":42,"turns":5},{"damage":29,"enemies":"Maw","floor":45,"turns":5},{"damage":37,"enemies":"4 Shapes","floor":46,"turns":4},{"damage":25,"enemies":"Writhing Mass","floor":48,"turns":5},{"damage":97,"enemies":"Donu and Deca","floor":50,"turns":5}],"seed_played":"6685764797353368653","potions_obtained":[{"floor":1,"key":"GamblersBrew"},{"floor":4,"key":"Explosive Potion"},{"floor":6,"key":"Dexterity Potion"},{"floor":10,"key":"GamblersBrew"},{"floor":16,"key":"SteroidPotion"},{"floor":38,"key":"SpeedPotion"},{"floor":41,"key":"SteroidPotion"},{"floor":45,"key":"AttackPotion"}],"is_trial":false,"path_per_floor":["M","$","M","M","M","E","R","E","T","M","R","$","M","?","R","B",null,"M","M","?","$","T","R","M","$","T","R","?","M","R","M","R","B",null,"M","?","$","M","M","R","M","M","T","?","M","M","R","M","R","B"],"character_chosen":"IRONCLAD","items_purchased":["Armaments","Uppercut","Rupture"],"campfire_rested":4,"item_purchase_floors":[2,12,37],"current_hp_per_floor":[72,72,68,74,72,47,47,19,19,19,19,19,15,15,43,23,101,77,66,66,66,66,66,55,55,55,55,55,50,50,35,68,31,117,116,121,121,96,94,94,94,55,69,69,46,19,60,41,82,0],"gold":49,"neow_bonus":"TWENTY_PERCENT_HP_BONUS","is_prod":false,"is_daily":false,"chose_seed":false,"campfire_upgraded":6,"win_rate":0,"timestamp":1557706759,"path_taken":["M","$","M","M","M","E","R","E","T","M","R","$","M","?","R","BOSS","M","M","?","$","?","R","M","$","T","R","?","M","R","M","R","BOSS","M","?","$","M","M","R","M","M","T","?","M","M","R","M","R","BOSS"],"build_version":"2019-01-23","purchased_purges":3,"victory":false,"max_hp_per_floor":[96,96,96,96,96,96,96,96,96,96,96,96,96,96,96,96,101,105,109,109,109,109,109,113,113,113,113,113,113,113,113,113,117,117,121,121,121,121,121,121,121,121,135,135,135,139,139,139,139,139],"card_choices":[{"not_picked":["Perfected Strike","Iron Wave"],"picked":"Shrug It Off","floor":1},{"not_picked":["Thunderclap","Havoc"],"picked":"Carnage","floor":3},{"not_picked":["Bloodletting","Iron Wave"],"picked":"Brutality","floor":4},{"not_picked":["Flex","Heavy Blade","Shrug It Off"],"picked":"SKIP","floor":5},{"not_picked":["Twin Strike","Evolve"],"picked":"Thunderclap","floor":6},{"not_picked":["Whirlwind","Body Slam"],"picked":"Rupture","floor":8},{"not_picked":["Armaments","Flex","Power Through"],"picked":"SKIP","floor":10},{"not_picked":["Iron Wave","Flex"],"picked":"Dropkick","floor":13},{"not_picked":["Demon Form","Impervious"],"picked":"Feed","floor":16},{"not_picked":["Anger","Havoc"],"picked":"Cleave","floor":17},{"not_picked":["Shockwave","Thunderclap+1","Armaments+1"],"picked":"SKIP","floor":18},{"not_picked":["Heavy Blade","Warcry"],"picked":"Combust","floor":19},{"not_picked":["Rampage","Clash"],"picked":"Immolate","floor":24},{"not_picked":["Armaments+1","Feel No Pain","Intimidate"],"picked":"SKIP","floor":29},{"not_picked":["Iron Wave","Havoc","Warcry"],"picked":"SKIP","floor":31},{"not_picked":["Barricade","Juggernaut"],"picked":"Demon Form","floor":33},{"not_picked":["Reckless Charge+1","Armaments+1"],"picked":"Thunderclap+1","floor":35},{"not_picked":["Iron Wave","Body Slam+1","Pommel Strike"],"picked":"SKIP","floor":38},{"not_picked":["Wild Strike+1","Clash"],"picked":"Sword Boomerang","floor":39},{"not_picked":["Disarm","Shockwave"],"picked":"Blood for Blood+1","floor":41},{"not_picked":["Rampage+1","Clash+1"],"picked":"Barricade","floor":42},{"not_picked":["True Grit+1","Burning Pact"],"picked":"Dropkick+1","floor":45},{"not_picked":["Sever Soul+1","Burning Pact+1","Thunderclap"],"picked":"SKIP","floor":46},{"not_picked":["Shrug It Off+1","Flex+1"],"picked":"Twin Strike+1","floor":48}],"player_experience":692552,"relics_obtained":[{"floor":6,"key":"Red Skull"},{"floor":8,"key":"Juzu Bracelet"},{"floor":9,"key":"Blue Candle"},{"floor":22,"key":"Ancient Tea Set"},{"floor":26,"key":"Oddly Smooth Stone"},{"floor":43,"key":"Mango"}],"event_choices":[{"damage_healed":0,"gold_gain":0,"player_choice":"Rummage","damage_taken":0,"relics_obtained":["WarpedTongs"],"max_hp_gain":0,"max_hp_loss":0,"event_name":"Accursed Blacksmith","floor":14,"gold_loss":0,"cards_obtained":["Pain"]},{"cards_removed":["Strike_R"],"damage_healed":0,"gold_gain":0,"player_choice":"Purged","damage_taken":0,"max_hp_gain":0,"max_hp_loss":0,"event_name":"Purifier","floor":20,"gold_loss":0},{"damage_healed":0,"gold_gain":0,"player_choice":"Copied","damage_taken":0,"max_hp_gain":0,"max_hp_loss":0,"event_name":"Duplicator","floor":28,"gold_loss":0,"cards_obtained":["Rupture"]},{"damage_healed":30,"gold_gain":0,"player_choice":"Writhe","damage_taken":0,"max_hp_gain":0,"max_hp_loss":0,"event_name":"Winding Halls","floor":36,"gold_loss":0,"cards_obtained":["Writhe"]},{"damage_healed":0,"gold_gain":0,"player_choice":"Paid","damage_taken":0,"relics_obtained":["Red Mask"],"max_hp_gain":0,"max_hp_loss":0,"event_name":"Tomb of Lord Red Mask","floor":44,"gold_loss":185}],"is_beta":false,"boss_relics":[{"not_picked":["Black Star","Astrolabe"],"picked":"Tiny House"},{"not_picked":["Black Blood","Calling Bell"],"picked":"Snecko Eye"}],"items_purged_floors":[12,21,25],"is_endless":false,"potions_floor_spawned":[1,4,6,10,16,18,29,38,41,45,48],"killed_by":"Donu and Deca","ascension_level":0}