{"gold_per_floor":[113,129,129,142,103,144,165,165,165,189,189,214,58,74,74,74],"floor_reached":16,"playtime":685,"items_purged":[],"score":120,"play_id":"f3cf03ce-6f66-4951-a169-2046cc3fb9e8","local_time":"20190602030637","is_ascension_mode":true,"campfire_choices":[{"data":"Accuracy","floor":11,"key":"SMITH"},{"data":"Storm of Steel","floor":15,"key":"SMITH"}],"neow_cost":"NONE","seed_source_timestamp":543737912090631,"circlet_count":0,"master_deck":["Defend_G","Defend_G","Defend_G","Defend_G","Strike_G","Strike_G","Strike_G","Strike_G","Strike_G","Survivor","Calculated Gamble","Accuracy+1","Blade Dance","Storm of Steel+1","Infinite Blades","PiercingWail"],"relics":["Ring of the Snake","Golden Idol","Boot","Ninja Scroll","Lantern"],"potions_floor_usage":[2,7,16],"damage_taken":[{"damage":0,"enemies":"Small Slimes","floor":1,"turns":3},{"damage":6,"enemies":"Cultist","floor":2,"turns":4},{"damage":5,"enemies":"2 Louse","floor":4,"turns":4},{"damage":35,"enemies":"Lagavulin","floor":6,"turns":10},{"damage":6,"enemies":"Exordium Wildlife","floor":7,"turns":5},{"damage":14,"enemies":"Lots of Slimes","floor":10,"turns":3},{"damage":0,"enemies":"Large Slime","floor":12,"turns":3},{"damage":0,"enemies":"Blue Slaver","floor":14,"turns":1},{"damage":19,"enemies":"The Guardian","floor":16,"turns":8}],"seed_played":"-3176957528477415578","potions_obtained":[{"floor":1,"key":"Block Potion"},{"floor":6,"key":"Regen Potion"},{"floor":12,"key":"Fire Potion"}],"is_trial":false,"path_per_floor":["M","M","?","M","?","E","M","?","T","M","R","M","$","M","R","B"],"character_chosen":"THE_SILENT","items_purchased":["Lantern"],"campfire_rested":0,"item_purchase_floors":[13],"current_hp_per_floor":[70,64,64,59,59,24,32,32,32,18,18,18,18,18,18,0],"gold":74,"neow_bonus":"TRANSFORM_CARD","is_prod":false,"is_daily":false,"chose_seed":false,"campfire_upgraded":2,"win_rate":0,"timestamp":1559469997,"path_taken":["M","M","?","M","?","E","M","?","T","?","R","M","$","M","R","BOSS"],"build_version":"2019-01-23","purchased_purges":0,"victory":false,"max_hp_per_floor":[70,70,65,65,65,65,65,65,65,65,65,65,65,65,65,65],"card_choices":[{"not_picked":["Blade Dance","Slice"],"picked":"Accuracy","floor":1},{"not_picked":["Outmaneuver","Endless Agony","Prepared"],"picked":"SKIP","floor":2},{"not_picked":["Accuracy","Prepared"],"picked":"Blade Dance","floor":4},{"not_picked":["Outmaneuver","Dash"],"picked":"Storm of Steel","floor":6},{"not_picked":["Bane","Acrobatics"],"picked":"Infinite Blades","floor":7},{"not_picked":["Deadly Poison","Dagger Spray"],"picked":"PiercingWail","floor":10},{"not_picked":["Underhanded Strike","Acrobatics","Dagger Spray"],"picked":"SKIP","floor":12},{"not_picked":["Footwork","PiercingWail","Skewer"],"picked":"SKIP","floor":14}],"player_experience":269265,"relics_obtained":[{"floor":6,"key":"Boot"},{"floor":9,"key":"Ninja Scroll"}],"event_choices":[{"damage_healed":0,"gold_gain":0,"player_choice":"Lose Max HP","damage_taken":0,"relics_obtained":["Golden Idol"],"max_hp_gain":0,"max_hp_loss":5,"event_name":"Golden Idol","floor":3,"gold_loss":0},{"damage_healed":0,"gold_gain":0,"player_choice":"Left Gold","damage_taken":0,"max_hp_gain":0,"max_hp_loss":0,"event_name":"World of Goop","floor":5,"gold_loss":39},{"cards_removed":["Neutralize"],"damage_healed":0,"gold_gain":0,"player_choice":"Offered Basic","damage_taken":0,"max_hp_gain":0,"max_hp_loss":0,"event_name":"Bonfire Elementals","floor":8,"gold_loss":0}],"is_beta":false,"boss_relics":[],"items_purged_floors":[],"is_endless":false,"potions_floor_spawned":[1,6,12],"killed_by":"The Guardian","ascension_level":3}