{"gold_per_floor":[14,14,14,27,38,38,38,38,38,38,38],"floor_reached":11,"playtime":194,"items_purged":[],"score":116,"play_id":"a8a851a9-341e-4265-9092-963d6c657cf4","local_time":"20190615182457","is_ascension_mode":true,"campfire_choices":[{"data":"Flame Barrier","floor":6,"key":"SMITH"},{"data":"Ghostly Armor","floor":8,"key":"SMITH"}],"neow_cost":"NO_GOLD","seed_source_timestamp":243436262111397,"circlet_count":0,"master_deck":["AscendersBane","Strike_R","Strike_R","Strike_R","Strike_R","Strike_R","Defend_R","Defend_R","Defend_R","Defend_R","Bash","Limit Break+1","Flame Barrier+1","Ghostly Armor+1"],"relics":["Burning Blood","Juzu Bracelet","Bag of Marbles","Strawberry"],"potions_floor_usage":[4],"damage_taken":[{"damage":2,"enemies":"Cultist","floor":1,"turns":4},{"damage":0,"enemies":"2 Louse","floor":4,"turns":2},{"damage":10,"enemies":"Small Slimes","floor":5,"turns":4},{"damage":5,"enemies":"3 Sentries","floor":11,"turns":3}],"seed_played":"-2862235568075981064","potions_obtained":[{"floor":1,"key":"Fire Potion"}],"is_trial":false,"path_per_floor":["M","?","?","M","M","R","$","R","T","?","E"],"character_chosen":"IRONCLAD","items_purchased":[],"campfire_rested":0,"item_purchase_floors":[],"current_hp_per_floor":[72,72,67,73,69,69,69,69,69,76,71],"gold":38,"neow_bonus":"THREE_RARE_CARDS","is_prod":false,"is_daily":false,"chose_seed":false,"campfire_upgraded":2,"win_rate":0,"timestamp":1560648297,"path_taken":["M","?","?","M","M","R","$","R","T","?","E"],"build_version":"2019-01-23","purchased_purges":0,"victory":false,"max_hp_per_floor":[75,75,75,75,75,75,75,75,75,82,82],"card_choices":[{"not_picked":["Impervious","Exhume"],"picked":"Limit Break","floor":0},{"not_picked":["Rage","Havoc","Iron Wave"],"picked":"SKIP","floor":1},{"not_picked":["Clothesline","Pommel Strike"],"picked":"Flame Barrier","floor":4},{"not_picked":["Infernal Blade","Cleave"],"picked":"Ghostly Armor","floor":5}],"player_experience":1016520,"relics_obtained":[{"floor":9,"key":"Bag of Marbles"}],"event_choices":[{"damage_healed":0,"gold_gain":0,"player_choice":"Grow","damage_taken":0,"max_hp_gain":0,"max_hp_loss":0,"event_name":"Living Wall","floor":2,"gold_loss":0,"cards_upgraded":["Limit Break"]},{"damage_healed":0,"gold_gain":0,"player_choice":"Success","damage_taken":5,"relics_obtained":["Juzu Bracelet"],"max_hp_gain":0,"max_hp_loss":0,"event_name":"Scrap Ooze","floor":3,"gold_loss":0},{"damage_healed":0,"gold_gain":0,"player_choice":"Searched \u00272\u0027 times","damage_taken":0,"relics_obtained":["Strawberry"],"max_hp_gain":0,"max_hp_loss":0,"event_name":"Dead Adventurer","floor":10,"gold_loss":0}],"is_beta":false,"boss_relics":[],"items_purged_floors":[],"is_endless":false,"potions_floor_spawned":[1],"killed_by":"3 Sentries","ascension_level":18}