{"gold_per_floor":[111,37,37,52,77,111,111,122,122,122,136,148,148,148,148,148],"floor_reached":16,"playtime":478,"items_purged":[],"score":200,"play_id":"d04b2eb4-26bb-4ad9-bd6e-371211625188","local_time":"20181111173547","is_ascension_mode":true,"campfire_choices":[{"data":"Noxious Fumes","floor":7,"key":"SMITH"},{"data":"Dodge and Roll","floor":15,"key":"SMITH"}],"neow_cost":"NONE","seed_source_timestamp":25012345213507,"circlet_count":0,"master_deck":["AscendersBane","Defend_G","Defend_G","Defend_G","Defend_G","Defend_G","Strike_G","Strike_G","Strike_G","Strike_G","Survivor","Neutralize","Poisoned Stab","Noxious Fumes+1","Riddle With Holes","Catalyst+1","PiercingWail","Dodge and Roll+1","Dagger Throw"],"relics":["Ring of the Snake","NeowsBlessing","Dream Catcher","Gremlin Horn","Matryoshka","Golden Idol"],"potions_floor_usage":[11,16,16],"damage_taken":[{"damage":0,"enemies":"Cultist","floor":1,"turns":1},{"damage":0,"enemies":"Jaw Worm","floor":4,"turns":1},{"damage":0,"enemies":"Gremlin Nob","floor":6,"turns":1},{"damage":0,"enemies":"2 Louse","floor":8,"turns":3},{"damage":11,"enemies":"Lots of Slimes","floor":11,"turns":4},{"damage":3,"enemies":"Looter","floor":12,"turns":4},{"damage":57,"enemies":"Slime Boss","floor":16,"turns":7}],"seed_played":"-5306460652151457646","potions_obtained":[{"floor":4,"key":"Energy Potion"},{"floor":8,"key":"SkillPotion"},{"floor":11,"key":"Weak Potion"}],"is_trial":false,"path_per_floor":["M","$","?","M","T","E","R","M","T","?","M","M","?","?","R","B"],"character_chosen":"THE_SILENT","items_purchased":["Noxious Fumes"],"campfire_rested":0,"item_purchase_floors":[2],"current_hp_per_floor":[63,63,60,60,60,60,60,60,60,60,49,46,46,46,46,0],"gold":148,"neow_bonus":"THREE_ENEMY_KILL","is_prod":false,"is_daily":false,"chose_seed":false,"campfire_upgraded":2,"win_rate":0,"timestamp":1541986547,"path_taken":["M","$","?","M","?","E","R","M","T","?","?","M","?","?","R","BOSS"],"build_version":"2018-11-08","purchased_purges":0,"victory":false,"max_hp_per_floor":[70,70,70,70,70,70,70,70,70,70,70,70,65,65,65,65],"card_choices":[{"not_picked":["Acrobatics","Blur"],"picked":"Poisoned Stab","floor":1},{"not_picked":["Bane","Prepared"],"picked":"Riddle With Holes","floor":4},{"not_picked":["Slice","Deadly Poison"],"picked":"Catalyst","floor":6},{"not_picked":["Heel Hook","Dagger Throw"],"picked":"PiercingWail","floor":8},{"not_picked":["Outmaneuver","Slice"],"picked":"Dodge and Roll","floor":11},{"not_picked":["Masterful Stab","Bane"],"picked":"Dagger Throw","floor":12}],"player_experience":725005,"relics_obtained":[{"floor":5,"key":"Dream Catcher"},{"floor":6,"key":"Gremlin Horn"},{"floor":9,"key":"Matryoshka"}],"event_choices":[{"damage_healed":0,"gold_gain":0,"player_choice":"Fled","damage_taken":3,"max_hp_gain":0,"max_hp_loss":0,"event_name":"Scrap Ooze","floor":3,"gold_loss":0},{"damage_healed":0,"gold_gain":0,"player_choice":"Upgraded","damage_taken":0,"max_hp_gain":0,"max_hp_loss":0,"event_name":"Upgrade Shrine","floor":10,"gold_loss":0,"cards_upgraded":["Catalyst"]},{"damage_healed":0,"gold_gain":0,"player_choice":"Lose Max HP","damage_taken":0,"relics_obtained":["Golden Idol"],"max_hp_gain":0,"max_hp_loss":5,"event_name":"Golden Idol","floor":13,"gold_loss":0},{"cards_removed":["Strike_G"],"damage_healed":0,"gold_gain":0,"player_choice":"Offered Basic","damage_taken":0,"max_hp_gain":0,"max_hp_loss":0,"event_name":"Bonfire Elementals","floor":14,"gold_loss":0}],"is_beta":false,"boss_relics":[],"items_purged_floors":[],"is_endless":false,"potions_floor_spawned":[4,8,11],"killed_by":"Slime Boss","ascension_level":12}