{"gold_per_floor":[116,128,128,145,158,158,183,183,183,204,354,385,385,29,29,101,101,127,139,163,200,222,234,246,258],"floor_reached":25,"playtime":1256,"items_purged":["Strike_B"],"score":366,"play_id":"372e59f8-d7cc-4742-a8e1-3c00fdce0bfa","local_time":"20190329205153","is_ascension_mode":true,"campfire_choices":[{"floor":6,"key":"REST"},{"floor":8,"key":"REST"},{"floor":15,"key":"REST"},{"data":"Echo Form","floor":23,"key":"SMITH"}],"neow_cost":"PERCENT_DAMAGE","seed_source_timestamp":788468848897551,"circlet_count":0,"master_deck":["AscendersBane","Strike_B","Strike_B","Defend_B","Defend_B","Defend_B","Defend_B","Zap","Dualcast","Cold Snap","Lockon","Conserve Battery","Glacier","Cold Snap","Redo","Self Repair","Echo Form+1","Decay","Shame","Glacier","Leap"],"relics":["Emotion Chip","Blue Candle","Omamori","Symbiotic Virus","Odd Mushroom","Lantern","ClockworkSouvenir","Calling Bell","MawBank","Meat on the Bone","Unceasing Top","Nloth\u0027s Gift","Dream Catcher"],"potions_floor_usage":[25],"damage_taken":[{"damage":0,"enemies":"Cultist","floor":1,"turns":3},{"damage":2,"enemies":"Jaw Worm","floor":2,"turns":3},{"damage":0,"enemies":"Small Slimes","floor":4,"turns":3},{"damage":10,"enemies":"2 Fungi Beasts","floor":5,"turns":5},{"damage":23,"enemies":"3 Sentries","floor":7,"turns":5},{"damage":6,"enemies":"The Mushroom Lair","floor":10,"turns":6},{"damage":16,"enemies":"Lagavulin","floor":12,"turns":6},{"damage":28,"enemies":"Hexaghost","floor":16,"turns":16},{"damage":16,"enemies":"3 Byrds","floor":18,"turns":6},{"damage":6,"enemies":"Spheric Guardian","floor":20,"turns":10},{"damage":18,"enemies":"Shelled Parasite and Fungi","floor":22,"turns":5},{"damage":54,"enemies":"Gremlin Leader","floor":25,"turns":4}],"seed_played":"-1047667236573569723","potions_obtained":[{"floor":2,"key":"Dexterity Potion"},{"floor":5,"key":"FearPotion"}],"is_trial":false,"path_per_floor":["M","M","?","M","M","R","E","R","T","?","?","E","?","$","R","B",null,"M","?","M","T","M","R","?","E"],"character_chosen":"DEFECT","items_purchased":["ClockworkSouvenir","Self Repair"],"campfire_rested":3,"item_purchase_floors":[14,14],"current_hp_per_floor":[46,44,33,33,23,44,21,42,42,36,36,20,20,20,41,20,58,49,49,50,50,51,51,51,0],"gold":258,"neow_bonus":"ONE_RARE_RELIC","is_prod":false,"is_daily":false,"chose_seed":false,"campfire_upgraded":1,"win_rate":0,"timestamp":1553907113,"path_taken":["M","M","?","M","M","R","E","R","T","?","?","E","?","$","R","BOSS","M","?","?","?","M","R","?","E"],"build_version":"2019-01-23","purchased_purges":1,"victory":false,"max_hp_per_floor":[71,71,71,71,71,71,71,71,71,71,71,71,71,71,71,71,71,71,71,71,71,71,71,71,71],"card_choices":[{"not_picked":["Stack","Beam Cell"],"picked":"Cold Snap","floor":1},{"not_picked":["Barrage","Gash"],"picked":"Lockon","floor":2},{"not_picked":["Melter","Gash"],"picked":"Conserve Battery","floor":4},{"not_picked":["Reboot","Turbo","Stack"],"picked":"SKIP","floor":5},{"not_picked":["Steam","Force Field"],"picked":"Glacier","floor":7},{"not_picked":["Loop","Conserve Battery"],"picked":"Cold Snap","floor":10},{"not_picked":["BootSequence","Melter"],"picked":"Redo","floor":12},{"not_picked":["Rainbow","Hyperbeam"],"picked":"Echo Form","floor":16},{"not_picked":["Gash","Conserve Battery"],"picked":"Glacier","floor":18},{"not_picked":["Steam","BootSequence","Auto Shields"],"picked":"SKIP","floor":20},{"not_picked":["Gash","Scrape"],"picked":"Leap","floor":22}],"player_experience":476766,"relics_obtained":[{"floor":7,"key":"Omamori"},{"floor":9,"key":"Symbiotic Virus"},{"floor":10,"key":"Odd Mushroom"},{"floor":12,"key":"Lantern"},{"floor":17,"key":"MawBank"},{"floor":17,"key":"Meat on the Bone"},{"floor":17,"key":"Unceasing Top"},{"floor":21,"key":"Dream Catcher"}],"event_choices":[{"damage_healed":0,"gold_gain":0,"player_choice":"Success","damage_taken":11,"relics_obtained":["Blue Candle"],"max_hp_gain":0,"max_hp_loss":0,"event_name":"Scrap Ooze","floor":3,"gold_loss":0},{"damage_healed":0,"gold_gain":0,"player_choice":"Fought Mushrooms","damage_taken":0,"max_hp_gain":0,"max_hp_loss":0,"event_name":"Mushrooms","floor":10,"gold_loss":0},{"damage_healed":0,"gold_gain":150,"player_choice":"AGREE","damage_taken":0,"max_hp_gain":0,"max_hp_loss":0,"event_name":"Liars Game","floor":11,"gold_loss":0,"cards_obtained":["Doubt"]},{"cards_removed":["Strike_B"],"damage_healed":0,"gold_gain":0,"player_choice":"Forget","damage_taken":0,"max_hp_gain":0,"max_hp_loss":0,"event_name":"Living Wall","floor":13,"gold_loss":0},{"damage_healed":0,"gold_gain":0,"player_choice":"Traded Relic","damage_taken":0,"relics_obtained":["Nloth\u0027s Gift"],"max_hp_gain":0,"max_hp_loss":0,"event_name":"N\u0027loth","floor":19,"relics_lost":["Cracked Core"],"gold_loss":0},{"damage_healed":0,"gold_gain":0,"player_choice":"Ignored","damage_taken":0,"max_hp_gain":0,"max_hp_loss":0,"event_name":"Vampires","floor":24,"gold_loss":0}],"is_beta":false,"boss_relics":[{"not_picked":["Tiny House","Snecko Eye"],"picked":"Calling Bell"}],"items_purged_floors":[14],"is_endless":false,"potions_floor_spawned":[2,5,10,12,20],"killed_by":"Gremlin Leader","ascension_level":15}