{"gold_per_floor":[113,128,143,72,92,126,126,155,155,170,184,184,202,229,229,330,330,346,362,362,377,347,347,376,376,376,376],"floor_reached":27,"playtime":1387,"items_purged":[],"score":306,"play_id":"5cae2300-3663-416f-a214-7b380590cfe0","local_time":"20190621012902","is_ascension_mode":true,"campfire_choices":[{"data":"Rampage","floor":7,"key":"SMITH"},{"data":"Flame Barrier","floor":12,"key":"SMITH"},{"data":"Defend_R","floor":15,"key":"SMITH"},{"data":"Limit Break","floor":23,"key":"SMITH"},{"data":"Heavy Blade","floor":25,"key":"SMITH"}],"neow_cost":"NONE","seed_source_timestamp":113320745963405,"circlet_count":0,"master_deck":["Strike_R","Strike_R","Strike_R","Strike_R","Strike_R","Defend_R","Defend_R","Defend_R","Defend_R+1","Bash","Sword Boomerang","Rampage+1","Reaper","Battle Trance","Pommel Strike","Flame Barrier+1","Twin Strike","Whirlwind","Limit Break+1","Heavy Blade+1","Headbutt+1"],"relics":["Burning Blood","Shuriken","Question Card","Potion Belt","Meat on the Bone","Smiling Mask","Coffee Dripper","Darkstone Periapt","Dodecahedron"],"potions_floor_usage":[5,6,10,11,16,24,24],"damage_taken":[{"damage":8,"enemies":"2 Louse","floor":1,"turns":3},{"damage":6,"enemies":"Cultist","floor":2,"turns":3},{"damage":10,"enemies":"Small Slimes","floor":3,"turns":3},{"damage":1,"enemies":"Blue Slaver","floor":5,"turns":2},{"damage":40,"enemies":"Lagavulin","floor":6,"turns":7},{"damage":50,"enemies":"3 Sentries","floor":8,"turns":7},{"damage":2,"enemies":"Red Slaver","floor":10,"turns":3},{"damage":16,"enemies":"3 Louse","floor":11,"turns":3},{"damage":8,"enemies":"Blue Slaver","floor":13,"turns":3},{"damage":24,"enemies":"Lagavulin","floor":14,"turns":7},{"damage":53,"enemies":"The Guardian","floor":16,"turns":11},{"damage":17,"enemies":"2 Thieves","floor":18,"turns":4},{"damage":28,"enemies":"Spheric Guardian","floor":19,"turns":5},{"damage":48,"enemies":"Centurion and Healer","floor":21,"turns":5},{"damage":52,"enemies":"Gremlin Leader","floor":24,"turns":6},{"damage":47,"enemies":"Book of Stabbing","floor":27,"turns":4}],"seed_played":"-1022125874090747787","potions_obtained":[{"floor":2,"key":"SpeedPotion"},{"floor":3,"key":"Block Potion"},{"floor":8,"key":"PowerPotion"},{"floor":10,"key":"SkillPotion"},{"floor":14,"key":"SpeedPotion"},{"floor":21,"key":"Weak Potion"},{"floor":22,"key":"Block Potion"},{"floor":22,"key":"FairyPotion"}],"is_trial":false,"path_per_floor":["M","M","M","?","M","E","R","E","T","M","M","R","M","E","R","B",null,"M","M","?","M","?","R","E","R","T","E"],"character_chosen":"IRONCLAD","items_purchased":[],"campfire_rested":0,"item_purchase_floors":[],"current_hp_per_floor":[86,86,82,82,87,59,59,30,30,46,60,60,58,52,52,21,88,86,64,88,51,51,51,23,23,23,0],"gold":376,"neow_bonus":"TEN_PERCENT_HP_BONUS","is_prod":false,"is_daily":false,"chose_seed":false,"campfire_upgraded":5,"win_rate":0,"timestamp":1561105742,"path_taken":["M","M","M","?","M","E","R","E","T","?","M","R","M","E","R","BOSS","M","M","?","M","?","R","E","R","T","E"],"build_version":"2019-01-23","purchased_purges":0,"victory":false,"max_hp_per_floor":[88,88,88,88,88,88,88,88,88,88,88,88,88,88,88,88,88,88,88,88,88,88,88,88,88,88,88],"card_choices":[{"not_picked":["Thunderclap","Disarm"],"picked":"Sword Boomerang","floor":1},{"not_picked":["Armaments","Shrug It Off"],"picked":"Rampage","floor":2},{"not_picked":["Sword Boomerang","Armaments"],"picked":"Reaper","floor":3},{"not_picked":["Perfected Strike","Warcry","Sword Boomerang"],"picked":"SKIP","floor":5},{"not_picked":["Flex","Warcry"],"picked":"Battle Trance","floor":6},{"not_picked":["Second Wind","Dual Wield","Thunderclap"],"picked":"Pommel Strike","floor":8},{"not_picked":["Feel No Pain","Whirlwind","Battle Trance"],"picked":"Flame Barrier","floor":10},{"not_picked":["Clothesline","Wild Strike","Brutality"],"picked":"Twin Strike","floor":11},{"not_picked":["Entrench","Warcry","Flex","Perfected Strike"],"picked":"SKIP","floor":13},{"not_picked":["Wild Strike","Sword Boomerang","Thunderclap"],"picked":"Whirlwind","floor":14},{"not_picked":["Offering","Feed","Berserk"],"picked":"Limit Break","floor":16},{"not_picked":["Fire Breathing","Shrug It Off","Body Slam"],"picked":"Heavy Blade","floor":18},{"not_picked":["Corruption+1","Shrug It Off","Clothesline"],"picked":"Headbutt+1","floor":19},{"not_picked":["Power Through","Cleave+1","Anger","Pommel Strike+1"],"picked":"SKIP","floor":21},{"not_picked":["Corruption","Clash","Headbutt","Sentinel"],"picked":"SKIP","floor":24}],"player_experience":455452,"relics_obtained":[{"floor":6,"key":"Question Card"},{"floor":8,"key":"Potion Belt"},{"floor":9,"key":"Meat on the Bone"},{"floor":14,"key":"Smiling Mask"},{"floor":24,"key":"Darkstone Periapt"},{"floor":26,"key":"Dodecahedron"}],"event_choices":[{"damage_healed":0,"gold_gain":0,"player_choice":"Paid Gold","damage_taken":0,"relics_obtained":["Shuriken"],"max_hp_gain":0,"max_hp_loss":0,"event_name":"WeMeetAgain","floor":4,"gold_loss":71},{"damage_healed":29,"gold_gain":0,"player_choice":"Heal","damage_taken":0,"max_hp_gain":0,"max_hp_loss":0,"event_name":"The Library","floor":20,"gold_loss":0},{"damage_healed":0,"gold_gain":0,"player_choice":"Bought 2 Potions","damage_taken":0,"max_hp_gain":0,"max_hp_loss":0,"event_name":"The Woman in Blue","floor":22,"gold_loss":0}],"is_beta":false,"boss_relics":[{"not_picked":["Orrery","Calling Bell"],"picked":"Coffee Dripper"}],"items_purged_floors":[],"is_endless":false,"potions_floor_spawned":[2,3,8,10,14,21],"killed_by":"Book of Stabbing","ascension_level":4}