{"gold_per_floor":[116,129,129,129,140,140,159,190,190,190,190,39,73,90,90,90],"floor_reached":16,"playtime":734,"items_purged":[],"score":270,"play_id":"5546a51a-0c99-4233-bb57-48e7577d6de8","local_time":"20190626074256","is_ascension_mode":true,"campfire_choices":[{"data":"Zap","floor":6,"key":"SMITH"},{"data":"Cold Snap","floor":11,"key":"SMITH"},{"data":"Coolheaded","floor":15,"key":"SMITH"}],"neow_cost":"NONE","seed_source_timestamp":389769680243575,"circlet_count":0,"master_deck":["AscendersBane","Strike_B","Strike_B","Strike_B","Strike_B","Defend_B","Defend_B","Defend_B","Zap+1","Dualcast","Skim","Leap","Coolheaded+1","Cold Snap+1","Buffer+1","Cold Snap"],"relics":["Coffee Dripper","Bag of Marbles","Frozen Egg 2","Gambling Chip"],"potions_floor_usage":[7,8,8,8,16,16],"damage_taken":[{"damage":2,"enemies":"Jaw Worm","floor":1,"turns":4},{"damage":6,"enemies":"Cultist","floor":2,"turns":3},{"damage":6,"enemies":"2 Louse","floor":5,"turns":3},{"damage":18,"enemies":"Exordium Thugs","floor":7,"turns":4},{"damage":9,"enemies":"Lagavulin","floor":8,"turns":6},{"damage":0,"enemies":"Gremlin Nob","floor":13,"turns":5},{"damage":0,"enemies":"2 Fungi Beasts","floor":14,"turns":3},{"damage":23,"enemies":"Slime Boss","floor":16,"turns":11}],"seed_played":"-5543032887161136066","potions_obtained":[{"floor":1,"key":"Explosive Potion"},{"floor":2,"key":"EntropicBrew"},{"floor":8,"key":"SpeedPotion"},{"floor":13,"key":"GamblersBrew"}],"is_trial":false,"path_per_floor":["M","M","?","$","M","R","M","E","T","?","R","$","E","M","R","B"],"character_chosen":"DEFECT","items_purchased":["Buffer+1"],"campfire_rested":0,"item_purchase_floors":[12],"current_hp_per_floor":[62,56,56,56,50,50,32,23,23,23,23,23,23,23,23,0],"gold":90,"neow_bonus":"BOSS_RELIC","is_prod":false,"is_daily":false,"chose_seed":false,"campfire_upgraded":3,"win_rate":0,"timestamp":1561549376,"path_taken":["M","M","?","?","M","R","?","E","T","?","R","?","E","M","R","BOSS"],"build_version":"2019-01-23","purchased_purges":0,"victory":false,"max_hp_per_floor":[71,71,71,71,71,71,71,71,71,71,71,71,71,71,71,71],"card_choices":[{"not_picked":["Barrage","Steam"],"picked":"Skim","floor":1},{"not_picked":["Go for the Eyes","Beam Cell"],"picked":"Leap","floor":2},{"not_picked":["All For One","Compile Driver"],"picked":"Coolheaded","floor":5},{"not_picked":["Reprogram","Skim"],"picked":"Cold Snap","floor":7},{"not_picked":["Redo","Leap","Turbo"],"picked":"SKIP","floor":8},{"not_picked":["Beam Cell","Barrage","Stack"],"picked":"SKIP","floor":13},{"not_picked":["Barrage","Gash"],"picked":"Cold Snap","floor":14}],"player_experience":975381,"relics_obtained":[{"floor":8,"key":"Bag of Marbles"},{"floor":9,"key":"Frozen Egg 2"},{"floor":13,"key":"Gambling Chip"}],"event_choices":[{"cards_removed":["Defend_B"],"damage_healed":0,"gold_gain":0,"player_choice":"Offered Basic","damage_taken":0,"max_hp_gain":0,"max_hp_loss":0,"event_name":"Bonfire Elementals","floor":3,"gold_loss":0},{"damage_healed":0,"gold_gain":0,"player_choice":"Ignored","damage_taken":0,"max_hp_gain":0,"max_hp_loss":0,"event_name":"Shining Light","floor":10,"gold_loss":0}],"is_beta":false,"boss_relics":[],"items_purged_floors":[],"is_endless":false,"potions_floor_spawned":[1,2,8,13],"killed_by":"Slime Boss","ascension_level":20}