{"gold_per_floor":[109,109,19,71,71,71,103,253,253,282,282,300,300,316,316,391,391,408,408,86,59,69,69,81,81,131,146,146,159,170,170,170,241,241,257,257,273,186,196,196,213,213,213,225,138,138,238,257,257,257],"floor_reached":51,"playtime":3035,"items_purged":["Defend_B"],"score":1298,"play_id":"23865d0a-4561-4e9a-b113-1fbe8394dc0b","local_time":"20190619211610","is_ascension_mode":true,"campfire_choices":[{"data":"Chaos","floor":6,"key":"SMITH"},{"data":"Sunder","floor":11,"key":"SMITH"},{"data":"Fusion","floor":15,"key":"SMITH"},{"data":"Buffer","floor":23,"key":"SMITH"},{"data":"1","floor":25,"key":"LIFT"},{"data":"Force Field","floor":28,"key":"SMITH"},{"data":"Force Field","floor":32,"key":"SMITH"},{"data":"Glacier","floor":40,"key":"SMITH"},{"floor":42,"key":"REST"},{"data":"Force Field","floor":46,"key":"SMITH"},{"floor":49,"key":"REST"}],"neow_cost":"NONE","seed_source_timestamp":596418825412878,"circlet_count":0,"master_deck":["AscendersBane","Strike_B+1","Strike_B+1","Strike_B+1","Defend_B+1","Defend_B+1","Defend_B+1","Zap","Dualcast","Chaos+1","Self Repair","Leap+1","Sunder+1","Fusion+1","Capacitor","Echo Form","Cold Snap+1","Force Field+1","Buffer+1","Double Energy+1","Force Field+1","All For One","Force Field","Sunder","Glacier+1","Parasite","Force Field+1","Defragment","Stack+1"],"relics":["Cracked Core","NeowsBlessing","Anchor","Girya","Unceasing Top","Dead Branch","Bronze Scales","Snecko Eye","Whetstone","Ancient Tea Set","Sozu","War Paint","Torii"],"potions_floor_usage":[10,12,16,18,21,22,24,41],"damage_taken":[{"damage":0,"enemies":"Small Slimes","floor":1,"turns":1},{"damage":0,"enemies":"Lagavulin","floor":7,"turns":1},{"damage":0,"enemies":"3 Sentries","floor":10,"turns":1},{"damage":0,"enemies":"Cultist","floor":12,"turns":4},{"damage":0,"enemies":"Jaw Worm","floor":14,"turns":3},{"damage":29,"enemies":"The Guardian","floor":16,"turns":12},{"damage":1,"enemies":"3 Byrds","floor":18,"turns":4},{"damage":1,"enemies":"2 Thieves","floor":21,"turns":4},{"damage":4,"enemies":"Sentry and Sphere","floor":22,"turns":4},{"damage":0,"enemies":"Chosen and Byrds","floor":24,"turns":6},{"damage":11,"enemies":"Shelled Parasite and Fungi","floor":27,"turns":3},{"damage":0,"enemies":"Snecko","floor":29,"turns":5},{"damage":0,"enemies":"3 Cultists","floor":30,"turns":5},{"damage":40,"enemies":"Collector","floor":33,"turns":11},{"damage":0,"enemies":"Orb Walker","floor":35,"turns":3},{"damage":0,"enemies":"3 Darklings","floor":37,"turns":5},{"damage":24,"enemies":"Sphere and 2 Shapes","floor":39,"turns":6},{"damage":17,"enemies":"Writhing Mass","floor":41,"turns":9},{"damage":0,"enemies":"4 Shapes","floor":44,"turns":7},{"damage":0,"enemies":"Mind Bloom Boss Battle","floor":47,"turns":3},{"damage":28,"enemies":"3 Darklings","floor":48,"turns":5},{"damage":19,"enemies":"Awakened One","floor":50,"turns":20}],"seed_played":"-7586186817517180213","potions_obtained":[{"floor":2,"key":"GamblersBrew"},{"floor":2,"key":"EntropicBrew"},{"floor":18,"key":"AttackPotion"},{"floor":22,"key":"Weak Potion"},{"floor":27,"key":"Weak Potion"}],"is_trial":false,"path_per_floor":["M","?","$","T","?","R","E","?","T","E","R","M","?","M","R","B",null,"M","?","$","M","M","R","M","R","T","M","R","M","M","?","R","B",null,"M","?","M","$","M","R","M","R","T","M","$","R","?","M","R","B",null],"character_chosen":"DEFECT","items_purchased":["Self Repair","Whetstone","Ancient Potion","Sunder","Force Field"],"campfire_rested":2,"item_purchase_floors":[3,20,20,38,45],"current_hp_per_floor":[64,64,64,64,53,53,53,53,53,53,53,60,53,60,60,38,63,62,62,62,68,71,71,71,71,71,60,60,71,71,71,71,38,63,70,70,71,71,54,54,51,71,71,71,71,71,71,43,64,52],"gold":257,"neow_bonus":"THREE_ENEMY_KILL","is_prod":false,"is_daily":false,"chose_seed":false,"campfire_upgraded":8,"win_rate":0,"timestamp":1561004170,"path_taken":["M","?","$","?","?","R","E","?","T","E","R","M","?","?","R","BOSS","M","?","$","M","M","R","M","R","T","M","R","?","M","?","R","BOSS","M","?","M","$","M","R","M","R","T","M","$","R","?","M","R","BOSS"],"build_version":"2019-01-23","purchased_purges":1,"victory":true,"max_hp_per_floor":[71,71,71,71,71,71,71,71,71,71,71,71,71,71,71,71,71,71,71,71,71,71,71,71,71,71,71,71,71,71,71,71,71,71,71,71,71,71,71,71,71,71,71,71,71,71,71,71,71,71],"card_choices":[{"not_picked":["Barrage","Cold Snap"],"picked":"Chaos","floor":1},{"not_picked":["Auto Shields","Thunder Strike"],"picked":"Leap","floor":7},{"not_picked":["Coolheaded","Seek"],"picked":"Sunder","floor":10},{"not_picked":["Barrage","Streamline"],"picked":"Fusion","floor":12},{"not_picked":["Blizzard","Hologram"],"picked":"Capacitor","floor":14},{"not_picked":["Seek","Reboot"],"picked":"Echo Form","floor":16},{"not_picked":["Stack","Steam"],"picked":"Cold Snap+1","floor":18},{"not_picked":["Gash","Hologram+1"],"picked":"Force Field","floor":21},{"not_picked":["Barrage","Blizzard"],"picked":"Buffer","floor":22},{"not_picked":["Steam","Gash","Hologram"],"picked":"SKIP","floor":24},{"not_picked":["Compile Driver","Gash","Steam Power"],"picked":"SKIP","floor":27},{"not_picked":["Fission","Reinforced Body"],"picked":"Double Energy","floor":29},{"not_picked":["Capacitor","Go for the Eyes"],"picked":"Force Field","floor":30},{"not_picked":["Reboot","Biased Cognition"],"picked":"All For One","floor":33},{"not_picked":["Stack","Blizzard"],"picked":"Force Field","floor":35},{"not_picked":["Cold Snap","Beam Cell","Stack"],"picked":"SKIP","floor":37},{"not_picked":["Sweeping Beam","Rebound"],"picked":"Glacier","floor":39},{"not_picked":["White Noise","Sweeping Beam","Genetic Algorithm+1"],"picked":"SKIP","floor":41},{"not_picked":["Static Discharge","Coolheaded+1","Beam Cell"],"picked":"SKIP","floor":44},{"not_picked":["Heatsinks","Compile Driver"],"picked":"Defragment","floor":47},{"not_picked":["Core Surge","Barrage"],"picked":"Stack+1","floor":48}],"player_experience":1044948,"relics_obtained":[{"floor":4,"key":"Anchor"},{"floor":7,"key":"Unceasing Top"},{"floor":9,"key":"Dead Branch"},{"floor":10,"key":"Bronze Scales"},{"floor":26,"key":"Ancient Tea Set"},{"floor":43,"key":"War Paint"},{"floor":47,"key":"Torii"}],"event_choices":[{"damage_healed":0,"gold_gain":0,"player_choice":"Got Potions","damage_taken":0,"max_hp_gain":0,"max_hp_loss":0,"event_name":"Lab","floor":2,"gold_loss":0},{"damage_healed":0,"gold_gain":0,"player_choice":"Success","damage_taken":11,"relics_obtained":["Girya"],"max_hp_gain":0,"max_hp_loss":0,"event_name":"Scrap Ooze","floor":5,"gold_loss":0},{"damage_healed":0,"gold_gain":150,"player_choice":"AGREE","damage_taken":0,"max_hp_gain":0,"max_hp_loss":0,"event_name":"Liars Game","floor":8,"gold_loss":0,"cards_obtained":["Doubt"]},{"cards_removed":["Doubt"],"damage_healed":0,"gold_gain":0,"player_choice":"Card Removal","damage_taken":7,"max_hp_gain":0,"max_hp_loss":0,"event_name":"Golden Wing","floor":13,"gold_loss":0},{"cards_removed":["Strike_B"],"damage_healed":0,"gold_gain":0,"player_choice":"Offered Basic","damage_taken":0,"max_hp_gain":0,"max_hp_loss":0,"event_name":"Bonfire Elementals","floor":19,"gold_loss":0},{"damage_healed":0,"gold_gain":0,"player_choice":"Simplicity","damage_taken":0,"max_hp_gain":0,"max_hp_loss":0,"event_name":"Back to Basics","floor":31,"gold_loss":0,"cards_upgraded":["Strike_B","Defend_B","Defend_B","Defend_B"]},{"damage_healed":0,"gold_gain":0,"player_choice":"Ignored","damage_taken":0,"max_hp_gain":0,"max_hp_loss":0,"event_name":"Mysterious Sphere","floor":36,"gold_loss":0},{"damage_healed":0,"gold_gain":0,"player_choice":"Fight","damage_taken":0,"max_hp_gain":0,"max_hp_loss":0,"event_name":"MindBloom","floor":47,"gold_loss":0}],"is_beta":false,"boss_relics":[{"not_picked":["Orrery","Black Star"],"picked":"Snecko Eye"},{"not_picked":["Coffee Dripper","Pandora\u0027s Box"],"picked":"Sozu"}],"items_purged_floors":[20],"is_endless":false,"potions_floor_spawned":[12,14,18,22,27,35,41,48],"ascension_level":18}