{"gold_per_floor":[110,123,198,209,134,152,4,4,86,119,135,135,146,161,161,258,258,277,293,293,310,330,330,345,345],"floor_reached":25,"playtime":954,"items_purged":["Strike_B"],"score":209,"play_id":"685815ca-8bea-4fc6-8be2-3af181ea9dc7","local_time":"20190415170304","is_ascension_mode":false,"campfire_choices":[{"data":"Multi-Cast","floor":8,"key":"SMITH"},{"floor":15,"key":"REST"},{"data":"Multi-Cast","floor":23,"key":"SMITH"}],"neow_cost":"NONE","seed_source_timestamp":488355180706003,"circlet_count":0,"master_deck":["Defend_B","Defend_B","Zap","Dualcast","Doom and Gloom","Coolheaded","Conserve Battery","Multi-Cast+1","Leap","Thunder Strike","Multi-Cast+1","FTL+1","Thunder Strike+1","Redo+1","Undo","Core Surge","Seek"],"relics":["Cracked Core","Art of War","Dodecahedron","Bag of Preparation","Matryoshka","Astrolabe"],"potions_floor_usage":[16,19,25,25],"damage_taken":[{"damage":0,"enemies":"Small Slimes","floor":1,"turns":3},{"damage":8,"enemies":"Jaw Worm","floor":2,"turns":3},{"damage":0,"enemies":"Cultist","floor":4,"turns":3},{"damage":10,"enemies":"Lots of Slimes","floor":6,"turns":2},{"damage":24,"enemies":"Lagavulin","floor":10,"turns":7},{"damage":0,"enemies":"Blue Slaver","floor":11,"turns":2},{"damage":6,"enemies":"Exordium Wildlife","floor":13,"turns":3},{"damage":0,"enemies":"2 Fungi Beasts","floor":14,"turns":4},{"damage":26,"enemies":"The Guardian","floor":16,"turns":13},{"damage":0,"enemies":"Chosen","floor":18,"turns":3},{"damage":2,"enemies":"2 Thieves","floor":19,"turns":3},{"damage":15,"enemies":"Snecko","floor":21,"turns":3},{"damage":18,"enemies":"Centurion and Healer","floor":22,"turns":6},{"damage":3,"enemies":"Chosen and Byrds","floor":24,"turns":5},{"damage":52,"enemies":"Gremlin Leader","floor":25,"turns":6}],"seed_played":"5895045414129367855","potions_obtained":[{"floor":2,"key":"Fire Potion"},{"floor":10,"key":"Regen Potion"},{"floor":13,"key":"Dexterity Potion"},{"floor":16,"key":"Block Potion"}],"is_trial":false,"path_per_floor":["M","M","?","M","$","M","$","R","T","E","M","T","M","M","R","B",null,"M","M","?","M","M","R","M","E"],"character_chosen":"DEFECT","items_purchased":["Multi-Cast"],"campfire_rested":1,"item_purchase_floors":[7],"current_hp_per_floor":[75,67,56,56,56,46,46,46,46,22,22,22,16,16,38,12,75,75,73,73,58,40,40,37,0],"gold":345,"neow_bonus":"RANDOM_COMMON_RELIC","is_prod":false,"is_daily":false,"chose_seed":false,"campfire_upgraded":2,"win_rate":0,"timestamp":1555362184,"path_taken":["M","M","?","M","$","M","$","R","T","E","M","?","?","M","R","BOSS","M","?","?","M","M","R","M","E"],"build_version":"2019-01-23","purchased_purges":1,"victory":false,"max_hp_per_floor":[75,75,75,75,75,75,75,75,75,75,75,75,75,75,75,75,75,75,75,75,75,75,75,75,75],"card_choices":[{"not_picked":["Barrage","Cold Snap"],"picked":"Doom and Gloom","floor":1},{"not_picked":["Barrage","Static Discharge"],"picked":"Coolheaded","floor":2},{"not_picked":["Compile Driver","Streamline"],"picked":"Conserve Battery","floor":4},{"not_picked":["Barrage","Beam Cell","Conserve Battery"],"picked":"SKIP","floor":6},{"not_picked":["Stack","Rebound","Steam"],"picked":"SKIP","floor":10},{"not_picked":["Hologram","Barrage","Compile Driver"],"picked":"SKIP","floor":11},{"not_picked":["Coolheaded","Compile Driver"],"picked":"Leap","floor":13},{"not_picked":["Sweeping Beam","Coolheaded"],"picked":"Thunder Strike","floor":14},{"not_picked":["Amplify","Thunder Strike"],"picked":"Multi-Cast","floor":16},{"not_picked":["Cold Snap","Heatsinks+1","Recycle"],"picked":"SKIP","floor":18},{"not_picked":["Stack","Force Field"],"picked":"Undo","floor":19},{"not_picked":["Gash","Ball Lightning","Aggregate"],"picked":"SKIP","floor":21},{"not_picked":["Rebound+1","Storm","Gash"],"picked":"SKIP","floor":22},{"not_picked":["Rip and Tear","Redo","Barrage"],"picked":"SKIP","floor":24}],"player_experience":597325,"relics_obtained":[{"floor":9,"key":"Dodecahedron"},{"floor":10,"key":"Bag of Preparation"},{"floor":12,"key":"Matryoshka"}],"event_choices":[{"damage_healed":0,"gold_gain":75,"player_choice":"Gather Gold","damage_taken":11,"max_hp_gain":0,"max_hp_loss":0,"event_name":"World of Goop","floor":3,"gold_loss":0},{"damage_healed":0,"gold_gain":0,"cards_transformed":["Defend_B","Strike_B"],"player_choice":"Became Test Subject","damage_taken":0,"max_hp_gain":0,"max_hp_loss":0,"event_name":"Drug Dealer","floor":20,"gold_loss":0,"cards_obtained":["Core Surge","Seek"]}],"is_beta":false,"boss_relics":[{"not_picked":["Lizard Tail","Calling Bell"],"picked":"Astrolabe"}],"items_purged_floors":[5],"is_endless":false,"potions_floor_spawned":[2,10,13,16],"killed_by":"Gremlin Leader","ascension_level":0}