{"gold_per_floor":[110,110,190,205,30,61,73,85,142,154,178,208,250,262,274,286],"floor_reached":16,"playtime":1504,"items_purged":["Strike_R"],"score":108,"play_id":"276026ea-9d4f-4e6c-982d-0b497c1ea3af","local_time":"20190507211444","is_ascension_mode":false,"campfire_choices":[{"floor":7,"key":"REST"},{"floor":10,"key":"RECALL"},{"floor":15,"key":"REST"}],"neow_cost":"NONE","seed_source_timestamp":819550004071085,"circlet_count":0,"master_deck":["Strike_R+1","Strike_R","Strike_R","Strike_R","Defend_R","Defend_R","Defend_R","Defend_R+1","Bash","Rupture","Cleave","Immolate","Armaments","Shrug It Off"],"relics":["Burning Blood","Happy Flower","MawBank","Smiling Mask","Dodecahedron"],"potions_floor_usage":[6,6,13,16],"damage_taken":[{"damage":8,"enemies":"2 Louse","floor":1,"turns":4},{"damage":6,"enemies":"Jaw Worm","floor":4,"turns":3},{"damage":32,"enemies":"Lagavulin","floor":6,"turns":6},{"damage":0,"enemies":"Small Slimes","floor":11,"turns":1},{"damage":6,"enemies":"3 Louse","floor":12,"turns":3},{"damage":27,"enemies":"3 Sentries","floor":13,"turns":5},{"damage":81,"enemies":"Hexaghost","floor":16,"turns":12}],"seed_played":"-6683680560622984037","potions_obtained":[{"floor":6,"key":"SteroidPotion"},{"floor":13,"key":"Energy Potion"}],"is_trial":false,"path_per_floor":["M","?","T","M","$","E","R","?","T","R","M","M","E","?","R","B"],"character_chosen":"IRONCLAD","items_purchased":["Explosive Potion","Strength Potion"],"campfire_rested":2,"item_purchase_floors":[5,5],"current_hp_per_floor":[78,62,62,62,62,36,60,80,80,80,80,80,59,59,80,0],"gold":286,"neow_bonus":"RANDOM_COMMON_RELIC","is_prod":false,"is_daily":false,"chose_seed":false,"campfire_upgraded":0,"win_rate":0,"timestamp":1557288884,"path_taken":["M","?","?","M","$","E","R","?","T","R","M","M","E","?","R","BOSS"],"build_version":"2019-01-23","purchased_purges":1,"victory":false,"max_hp_per_floor":[80,80,80,80,80,80,80,80,80,80,80,80,80,80,80,80],"card_choices":[{"not_picked":["True Grit","Anger"],"picked":"Rupture","floor":1},{"not_picked":["Pommel Strike","Heavy Blade"],"picked":"Cleave","floor":4},{"not_picked":["Metallicize","Clash"],"picked":"Immolate","floor":6},{"not_picked":["Thunderclap","True Grit"],"picked":"Armaments","floor":11},{"not_picked":["Anger","Disarm","Armaments"],"picked":"SKIP","floor":12},{"not_picked":["Anger","Disarm","Armaments"],"picked":"SKIP","floor":12},{"not_picked":["Immolate","Uppercut"],"picked":"Shrug It Off","floor":13}],"player_experience":132880,"relics_obtained":[{"floor":6,"key":"MawBank"},{"floor":9,"key":"Smiling Mask"},{"floor":13,"key":"Dodecahedron"}],"event_choices":[{"damage_healed":0,"gold_gain":0,"player_choice":"Entered Light","damage_taken":16,"max_hp_gain":0,"max_hp_loss":0,"event_name":"Shining Light","floor":2,"gold_loss":0,"cards_upgraded":["Defend_R","Strike_R"]},{"damage_healed":26,"gold_gain":0,"player_choice":"Banana","damage_taken":0,"max_hp_gain":0,"max_hp_loss":0,"event_name":"Big Fish","floor":8,"gold_loss":0},{"damage_healed":0,"gold_gain":0,"player_choice":"Ignored","damage_taken":0,"max_hp_gain":0,"max_hp_loss":0,"event_name":"Liars Game","floor":14,"gold_loss":0}],"is_beta":false,"boss_relics":[],"items_purged_floors":[5],"is_endless":false,"potions_floor_spawned":[6,13],"killed_by":"Hexaghost","ascension_level":0}