{"gold_per_floor":[115,290,290,303,303,303,74,74,74,102,114,144,162,162],"floor_reached":14,"playtime":382,"items_purged":["Decay"],"score":162,"play_id":"7e3b7c74-30a9-4897-b7c5-ea0792493117","local_time":"20190320220716","is_ascension_mode":true,"campfire_choices":[{"data":"Panacea","floor":6,"key":"SMITH"},{"data":"Loop","floor":8,"key":"SMITH"}],"neow_cost":"NONE","seed_source_timestamp":16257093165716,"circlet_count":0,"master_deck":["AscendersBane","Strike_B","Strike_B","Strike_B","Strike_B","Defend_B","Defend_B","Defend_B","Defend_B","Zap","Dualcast","Panacea+1","Beam Cell","Conserve Battery","Doom and Gloom","Loop+1","Defragment","Leap","Sweeping Beam"],"relics":["Cracked Core","Pantograph","Blue Candle","Bronze Scales"],"potions_floor_usage":[],"damage_taken":[{"damage":2,"enemies":"2 Louse","floor":1,"turns":2},{"damage":1,"enemies":"Cultist","floor":4,"turns":3},{"damage":28,"enemies":"Lagavulin","floor":10,"turns":7},{"damage":0,"enemies":"Jaw Worm","floor":11,"turns":4},{"damage":17,"enemies":"3 Sentries","floor":12,"turns":5},{"damage":11,"enemies":"3 Louse","floor":13,"turns":4},{"damage":5,"enemies":"2 Fungi Beasts","floor":14,"turns":3}],"seed_played":"981815027905315218","potions_obtained":[{"floor":1,"key":"LiquidBronze"},{"floor":10,"key":"Energy Potion"}],"is_trial":false,"path_per_floor":["M","?","?","M","?","R","$","R","T","E","M","E","M","M"],"character_chosen":"DEFECT","items_purchased":["Doom and Gloom","Loop"],"campfire_rested":0,"item_purchase_floors":[7,7],"current_hp_per_floor":[66,66,59,58,58,58,58,58,58,30,30,13,2,0],"gold":162,"neow_bonus":"RANDOM_COLORLESS","is_prod":false,"is_daily":false,"chose_seed":false,"campfire_upgraded":2,"win_rate":0,"timestamp":1553134036,"path_taken":["M","?","?","M","?","R","$","R","T","E","M","E","M","?"],"build_version":"2019-01-23","purchased_purges":1,"victory":false,"max_hp_per_floor":[75,75,75,75,75,75,75,75,75,75,75,75,75,75],"card_choices":[{"not_picked":["Barrage","Hologram"],"picked":"Beam Cell","floor":1},{"not_picked":["Compile Driver","Beam Cell"],"picked":"Conserve Battery","floor":4},{"not_picked":["Go for the Eyes","Barrage"],"picked":"Defragment","floor":10},{"not_picked":["Hologram","Static Discharge"],"picked":"Leap","floor":11},{"not_picked":["Turbo","Hello World","Blizzard"],"picked":"SKIP","floor":12},{"not_picked":["Genetic Algorithm","Storm"],"picked":"Sweeping Beam","floor":13}],"player_experience":433039,"relics_obtained":[{"floor":9,"key":"Pantograph"},{"floor":10,"key":"Blue Candle"},{"floor":12,"key":"Bronze Scales"}],"event_choices":[{"damage_healed":0,"gold_gain":175,"player_choice":"AGREE","damage_taken":0,"max_hp_gain":0,"max_hp_loss":0,"event_name":"Liars Game","floor":2,"gold_loss":0,"cards_obtained":["Doubt"]},{"cards_removed":["Doubt"],"damage_healed":0,"gold_gain":0,"player_choice":"Card Removal","damage_taken":7,"max_hp_gain":0,"max_hp_loss":0,"event_name":"Golden Wing","floor":3,"gold_loss":0},{"damage_healed":0,"gold_gain":0,"player_choice":"Cursed","damage_taken":0,"max_hp_gain":0,"max_hp_loss":0,"event_name":"Wheel of Change","floor":5,"gold_loss":0,"cards_obtained":["Decay"]}],"is_beta":false,"boss_relics":[],"items_purged_floors":[7],"is_endless":false,"potions_floor_spawned":[1,10,13],"killed_by":"2 Fungi Beasts","ascension_level":13}