{"gold_per_floor":[119,137,152,152,166,195,195,227,227,227,255,220,220,239,239,239],"floor_reached":16,"playtime":967,"items_purged":[],"score":222,"play_id":"251dc865-7734-4289-a6c4-cf79df592703","local_time":"20190612222215","is_ascension_mode":true,"campfire_choices":[{"data":"Footwork","floor":7,"key":"SMITH"},{"floor":10,"key":"REST"},{"floor":15,"key":"REST"}],"neow_cost":"NONE","seed_source_timestamp":975218835919867,"circlet_count":0,"master_deck":["AscendersBane","Defend_G","Defend_G","Defend_G","Defend_G","Defend_G","Strike_G","Strike_G","Strike_G","Strike_G","Strike_G","Survivor","Neutralize","Die Die Die","Flying Knee","Poisoned Stab","Blur","Dagger Throw","Footwork+1","Corpse Explosion+1","Dash","PiercingWail+1"],"relics":["Ring of the Snake","Happy Flower","Toxic Egg 2","Blue Candle","Bottled Flame","PreservedInsect"],"potions_floor_usage":[8],"damage_taken":[{"damage":0,"enemies":"2 Louse","floor":1,"turns":2},{"damage":0,"enemies":"Small Slimes","floor":2,"turns":3},{"damage":2,"enemies":"Jaw Worm","floor":3,"turns":4},{"damage":8,"enemies":"3 Louse","floor":5,"turns":5},{"damage":17,"enemies":"3 Sentries","floor":6,"turns":9},{"damage":13,"enemies":"Gremlin Nob","floor":8,"turns":4},{"damage":19,"enemies":"Lagavulin","floor":11,"turns":7},{"damage":0,"enemies":"2 Fungi Beasts","floor":14,"turns":1},{"damage":47,"enemies":"Slime Boss","floor":16,"turns":7}],"seed_played":"-1843308844342329623","potions_obtained":[{"floor":3,"key":"SpeedPotion"},{"floor":5,"key":"Strength Potion"}],"is_trial":false,"path_per_floor":["M","M","M","?","M","E","R","E","T","R","E","?","?","M","R","B"],"character_chosen":"THE_SILENT","items_purchased":[],"campfire_rested":2,"item_purchase_floors":[],"current_hp_per_floor":[59,59,57,62,54,37,37,24,24,45,26,43,17,17,38,0],"gold":239,"neow_bonus":"ONE_RANDOM_RARE_CARD","is_prod":false,"is_daily":false,"chose_seed":false,"campfire_upgraded":1,"win_rate":0,"timestamp":1560403335,"path_taken":["M","M","M","?","M","E","R","E","T","R","E","?","?","M","R","BOSS"],"build_version":"2019-01-23","purchased_purges":0,"victory":false,"max_hp_per_floor":[66,66,66,71,71,71,71,71,71,71,71,71,71,71,71,71],"card_choices":[{"not_picked":["Acrobatics","Prepared"],"picked":"Flying Knee","floor":1},{"not_picked":["Catalyst","Slice"],"picked":"Poisoned Stab","floor":2},{"not_picked":["Slice","Dodge and Roll"],"picked":"Blur","floor":3},{"not_picked":["Deflect","Sucker Punch"],"picked":"Dagger Throw","floor":5},{"not_picked":["Reflex","Dodge and Roll"],"picked":"Footwork","floor":6},{"not_picked":["Outmaneuver","Underhanded Strike"],"picked":"Corpse Explosion","floor":8},{"not_picked":["Masterful Stab","Poisoned Stab"],"picked":"Dash","floor":11},{"not_picked":["Poisoned Stab","Quick Slash"],"picked":"PiercingWail+1","floor":14}],"player_experience":994685,"relics_obtained":[{"floor":6,"key":"Happy Flower"},{"floor":8,"key":"Toxic Egg 2"},{"floor":9,"key":"Blue Candle"},{"floor":11,"key":"Bottled Flame"}],"event_choices":[{"damage_healed":0,"gold_gain":0,"player_choice":"Donut","damage_taken":0,"max_hp_gain":5,"max_hp_loss":0,"event_name":"Big Fish","floor":4,"gold_loss":0},{"damage_healed":17,"gold_gain":0,"player_choice":"Healed","damage_taken":0,"max_hp_gain":0,"max_hp_loss":0,"event_name":"The Cleric","floor":12,"gold_loss":35},{"damage_healed":0,"gold_gain":0,"player_choice":"Success","damage_taken":26,"relics_obtained":["PreservedInsect"],"max_hp_gain":0,"max_hp_loss":0,"event_name":"Scrap Ooze","floor":13,"gold_loss":0}],"is_beta":false,"boss_relics":[],"items_purged_floors":[],"is_endless":false,"potions_floor_spawned":[3,5,6],"killed_by":"Slime Boss","ascension_level":17}