{"gold_per_floor":[115,115,65,65,75,105,121,121,174,200,200,211,211,46,46,117,117,131,230,121,132,132,132,132],"floor_reached":24,"playtime":612,"items_purged":[],"score":416,"play_id":"38ad4fce-7673-4608-acdd-1629b8001056","local_time":"20190320223330","is_ascension_mode":true,"campfire_choices":[{"floor":8,"key":"REST"},{"data":"Buffer","floor":13,"key":"SMITH"},{"floor":15,"key":"REST"},{"data":"Writhe","floor":23,"key":"PURGE"}],"neow_cost":"NONE","seed_source_timestamp":17599963111000,"circlet_count":0,"master_deck":["AscendersBane","Strike_B","Strike_B","Defend_B","Defend_B","Defend_B+1","Defend_B","Zap+1","Dualcast","Gash","Beam Cell","Buffer+1","Ball Lightning","Gash","Darkness","Doom and Gloom","Ball Lightning","Electrodynamics","Sweeping Beam","Self Repair","Fusion","Sunder+1"],"relics":["Cracked Core","Oddly Smooth Stone","War Paint","Juzu Bracelet","Mango","Calipers","Inserter","Peace Pipe"],"potions_floor_usage":[21,24],"damage_taken":[{"damage":0,"enemies":"Small Slimes","floor":1,"turns":3},{"damage":1,"enemies":"Jaw Worm","floor":5,"turns":3},{"damage":26,"enemies":"Lagavulin","floor":6,"turns":7},{"damage":7,"enemies":"2 Louse","floor":7,"turns":3},{"damage":26,"enemies":"Gremlin Nob","floor":10,"turns":5},{"damage":0,"enemies":"Large Slime","floor":12,"turns":5},{"damage":0,"enemies":"Slime Boss","floor":16,"turns":8},{"damage":18,"enemies":"3 Byrds","floor":18,"turns":3},{"damage":11,"enemies":"Spheric Guardian","floor":21,"turns":4},{"damage":69,"enemies":"Gremlin Leader","floor":24,"turns":5}],"seed_played":"3433183033932790918","potions_obtained":[{"floor":5,"key":"SneckoOil"},{"floor":16,"key":"Swift Potion"}],"is_trial":false,"path_per_floor":["M","?","?","?","M","E","M","R","T","E","T","M","R","$","R","B",null,"M","?","$","M","?","R","E"],"character_chosen":"DEFECT","items_purchased":["Darkness","Doom and Gloom","Ball Lightning","Self Repair","Fusion"],"campfire_rested":2,"item_purchase_floors":[14,14,14,20,20],"current_hp_per_floor":[68,61,61,61,60,34,27,49,49,37,37,37,37,37,63,63,83,65,65,65,61,61,61,0],"gold":132,"neow_bonus":"RANDOM_COMMON_RELIC","is_prod":false,"is_daily":false,"chose_seed":false,"campfire_upgraded":1,"win_rate":0,"timestamp":1553135610,"path_taken":["M","?","?","?","M","E","M","R","T","E","?","M","R","$","R","BOSS","M","?","$","M","?","R","E"],"build_version":"2019-01-23","purchased_purges":0,"victory":false,"max_hp_per_floor":[75,75,75,75,75,75,75,75,75,89,89,89,89,89,89,89,89,89,89,89,89,89,89,89],"card_choices":[{"not_picked":["Beam Cell","Redo"],"picked":"Gash","floor":1},{"not_picked":["Barrage","Melter"],"picked":"Beam Cell","floor":5},{"not_picked":["Force Field","Tempest"],"picked":"Buffer","floor":6},{"not_picked":["Recycle","Skim"],"picked":"Ball Lightning","floor":7},{"not_picked":["Barrage","Skim","Redo"],"picked":"SKIP","floor":10},{"not_picked":["Steam Power","Darkness"],"picked":"Gash","floor":12},{"not_picked":["All For One","Thunder Strike"],"picked":"Electrodynamics","floor":16},{"not_picked":["Streamline","Redo"],"picked":"Sweeping Beam","floor":18},{"not_picked":["Reprogram","Hologram+1"],"picked":"Sunder+1","floor":21}],"player_experience":434362,"relics_obtained":[{"floor":6,"key":"War Paint"},{"floor":9,"key":"Juzu Bracelet"},{"floor":10,"key":"Mango"},{"floor":11,"key":"Calipers"}],"event_choices":[{"cards_removed":["Strike_B"],"damage_healed":0,"gold_gain":0,"player_choice":"Card Removal","damage_taken":7,"max_hp_gain":0,"max_hp_loss":0,"event_name":"Golden Wing","floor":2,"gold_loss":0},{"cards_removed":["Strike_B"],"damage_healed":0,"gold_gain":0,"player_choice":"Card Removal","damage_taken":0,"max_hp_gain":0,"max_hp_loss":0,"event_name":"The Cleric","floor":3,"gold_loss":50},{"damage_healed":0,"gold_gain":0,"player_choice":"Ignored","damage_taken":0,"max_hp_gain":0,"max_hp_loss":0,"event_name":"Liars Game","floor":4,"gold_loss":0},{"damage_healed":0,"gold_gain":99,"player_choice":"Stole From Cult","damage_taken":0,"max_hp_gain":0,"max_hp_loss":0,"event_name":"Nest","floor":19,"gold_loss":0},{"damage_healed":0,"gold_gain":0,"player_choice":"Opened","damage_taken":0,"relics_obtained":["Peace Pipe"],"max_hp_gain":0,"max_hp_loss":0,"event_name":"The Mausoleum","floor":22,"gold_loss":0,"cards_obtained":["Writhe"]}],"is_beta":false,"boss_relics":[{"not_picked":["Tiny House","Fusion Hammer"],"picked":"Inserter"}],"items_purged_floors":[],"is_endless":false,"potions_floor_spawned":[5,16],"killed_by":"Gremlin Leader","ascension_level":13}