{"gold_per_floor":[118,131,32,32,48,48,87,105,105,124,143,143,143,164,164,284,284,298,314,413,413,413,413,449,468,468,488,20,20,34,55,55,55],"floor_reached":33,"playtime":1895,"items_purged":["Strike_G","Concentrate"],"score":296,"play_id":"9ad3b931-ebac-4522-bbc1-682d23fb8073","local_time":"20190701023526","is_ascension_mode":false,"campfire_choices":[{"data":"Neutralize","floor":6,"key":"SMITH"},{"data":"Sucker Punch","floor":13,"key":"SMITH"},{"data":"Terror","floor":15,"key":"SMITH"},{"data":"Terror","floor":23,"key":"SMITH"},{"data":"Apotheosis","floor":29,"key":"SMITH"},{"floor":32,"key":"REST"}],"neow_cost":"NONE","seed_source_timestamp":695625030925407,"circlet_count":0,"master_deck":["Survivor","Neutralize+1","Bane","Sucker Punch+1","Sucker Punch","Dagger Throw","Leg Sweep","Dash","Terror+1","Bullet Time","All Out Attack","Terror+1","Slice","Blur","Poisoned Stab","Blur","Underhanded Strike+1","Bite","Bite","Bite","Bite","Bite","Heel Hook","Unload","Noxious Fumes","Apotheosis+1","Blur","PiercingWail"],"relics":["Ring of the Snake","Golden Idol","Snake Skull","Oddly Smooth Stone","Pandora\u0027s Box","Ninja Scroll","Omamori"],"potions_floor_usage":[7,11,11,11,16,24,24,25,27,30,30,31],"damage_taken":[{"damage":0,"enemies":"Jaw Worm","floor":1,"turns":4},{"damage":0,"enemies":"Small Slimes","floor":2,"turns":3},{"damage":0,"enemies":"Cultist","floor":5,"turns":3},{"damage":15,"enemies":"3 Sentries","floor":7,"turns":10},{"damage":0,"enemies":"Blue Slaver","floor":8,"turns":5},{"damage":0,"enemies":"2 Fungi Beasts","floor":10,"turns":4},{"damage":0,"enemies":"Large Slime","floor":11,"turns":6},{"damage":0,"enemies":"Looter","floor":14,"turns":3},{"damage":28,"enemies":"Hexaghost","floor":16,"turns":12},{"damage":0,"enemies":"Shell Parasite","floor":18,"turns":4},{"damage":11,"enemies":"2 Thieves","floor":19,"turns":4},{"damage":31,"enemies":"Slavers","floor":24,"turns":6},{"damage":2,"enemies":"Cultist and Chosen","floor":25,"turns":6},{"damage":33,"enemies":"Sentry and Sphere","floor":27,"turns":9},{"damage":8,"enemies":"Shelled Parasite and Fungi","floor":30,"turns":4},{"damage":0,"enemies":"3 Cultists","floor":31,"turns":5},{"damage":54,"enemies":"Collector","floor":33,"turns":7}],"seed_played":"-1599823823535039345","potions_obtained":[{"floor":1,"key":"Poison Potion"},{"floor":7,"key":"FearPotion"},{"floor":8,"key":"Poison Potion"},{"floor":10,"key":"Regen Potion"},{"floor":14,"key":"Fire Potion"},{"floor":16,"key":"LiquidBronze"},{"floor":19,"key":"Fire Potion"},{"floor":24,"key":"EssenceOfSteel"},{"floor":25,"key":"SkillPotion"},{"floor":30,"key":"EssenceOfSteel"}],"is_trial":false,"path_per_floor":["M","M","$","?","M","R","E","M","T","M","M","?","R","M","R","B",null,"M","M","?","?","?","R","E","M","T","M","$","R","M","M","R","B"],"character_chosen":"THE_SILENT","items_purchased":["Sucker Punch","Noxious Fumes","Apotheosis","AttackPotion","PowerPotion"],"campfire_rested":1,"item_purchase_floors":[3,28,28,28,28],"current_hp_per_floor":[77,77,77,71,71,71,56,56,56,56,70,70,70,70,70,42,71,71,60,60,60,49,49,22,34,34,15,15,15,10,22,36,0],"gold":55,"neow_bonus":"TEN_PERCENT_HP_BONUS","is_prod":false,"is_daily":false,"chose_seed":false,"campfire_upgraded":5,"win_rate":0,"timestamp":1561973726,"path_taken":["M","M","$","?","M","R","E","M","T","M","M","?","R","M","R","BOSS","M","M","?","?","?","R","E","M","T","M","$","R","M","M","R","BOSS"],"build_version":"2019-01-23","purchased_purges":2,"victory":false,"max_hp_per_floor":[77,77,77,71,71,71,71,71,71,71,71,71,71,71,71,71,71,71,71,71,71,49,49,49,49,49,49,49,49,49,49,49,49],"card_choices":[{"not_picked":["Finisher","Escape Plan"],"picked":"Bane","floor":1},{"not_picked":["Calculated Gamble","Deflect"],"picked":"Sucker Punch","floor":2},{"not_picked":["Outmaneuver","Riddle With Holes"],"picked":"Dagger Throw","floor":5},{"not_picked":["Choke","Slice"],"picked":"Leg Sweep","floor":7},{"not_picked":["Deflect","Cloak And Dagger"],"picked":"Dash","floor":8},{"not_picked":["Endless Agony","Catalyst","Wraith Form v2"],"picked":"SKIP","floor":10},{"not_picked":["Underhanded Strike","Dodge and Roll","Expertise"],"picked":"SKIP","floor":11},{"not_picked":["Expertise","Deflect"],"picked":"Terror","floor":14},{"not_picked":["Adrenaline","Storm of Steel"],"picked":"Bullet Time","floor":16},{"not_picked":["Masterful Stab","Deadly Poison"],"picked":"Underhanded Strike+1","floor":18},{"not_picked":["Bane","Cloak And Dagger","Deflect+1"],"picked":"SKIP","floor":19},{"not_picked":["Bane","Cloak And Dagger","Deflect+1"],"picked":"SKIP","floor":19},{"not_picked":["Infinite Blades","Leg Sweep","Eviscerate+1"],"picked":"SKIP","floor":24},{"not_picked":["Underhanded Strike","Sucker Punch"],"picked":"Heel Hook","floor":25},{"not_picked":["Endless Agony","Bane"],"picked":"Unload","floor":27},{"not_picked":["Dagger Spray","Cloak And Dagger"],"picked":"Blur","floor":30},{"not_picked":["Riddle With Holes","Predator"],"picked":"PiercingWail","floor":31}],"player_experience":564608,"relics_obtained":[{"floor":7,"key":"Snake Skull"},{"floor":9,"key":"Oddly Smooth Stone"},{"floor":24,"key":"Ninja Scroll"},{"floor":26,"key":"Omamori"}],"event_choices":[{"damage_healed":0,"gold_gain":0,"player_choice":"Lose Max HP","damage_taken":0,"relics_obtained":["Golden Idol"],"max_hp_gain":0,"max_hp_loss":6,"event_name":"Golden Idol","floor":4,"gold_loss":0},{"cards_removed":["Strike_G"],"damage_healed":0,"gold_gain":0,"player_choice":"Purged","damage_taken":0,"max_hp_gain":0,"max_hp_loss":0,"event_name":"Purifier","floor":12,"gold_loss":0},{"damage_healed":0,"gold_gain":99,"player_choice":"Stole From Cult","damage_taken":0,"max_hp_gain":0,"max_hp_loss":0,"event_name":"Nest","floor":20,"gold_loss":0},{"cards_removed":["Tools of the Trade"],"damage_healed":0,"gold_gain":0,"player_choice":"Elegance","damage_taken":0,"max_hp_gain":0,"max_hp_loss":0,"event_name":"Back to Basics","floor":21,"gold_loss":0},{"damage_healed":0,"gold_gain":0,"player_choice":"Became a vampire","damage_taken":0,"max_hp_gain":0,"max_hp_loss":22,"event_name":"Vampires","floor":22,"gold_loss":0,"cards_obtained":["Bite","Bite","Bite","Bite","Bite"]}],"is_beta":false,"boss_relics":[{"not_picked":["Runic Dome","Black Star"],"picked":"Pandora\u0027s Box"}],"items_purged_floors":[3,28],"is_endless":false,"potions_floor_spawned":[1,7,8,10,14,16,19,24,25,30],"killed_by":"Collector","ascension_level":0}