{"gold_per_floor":[119,33,33,108,121,152,152,152,201,217,244,256,282,299,299,371,371,390,408,82,82,82,97,131,131,156,170,95,129,129,143,143,220,220,237,237,237,249,649,676,28,59,82,101,156,156,182,197,197,197],"floor_reached":50,"playtime":2642,"items_purged":["Strike_R"],"score":1401,"play_id":"d20aee25-d8d2-4f36-a846-9a285c949858","local_time":"20190624085921","is_ascension_mode":true,"campfire_choices":[{"data":"Bash","floor":8.0,"key":"SMITH"},{"data":"Inflame","floor":15.0,"key":"SMITH"},{"floor":30,"key":"REST"},{"floor":32,"key":"REST"},{"data":"Regret","floor":46,"key":"PURGE"},{"data":"Feel No Pain","floor":49,"key":"SMITH"}],"neow_cost":"NONE","seed_source_timestamp":0,"circlet_count":0,"master_deck":["AscendersBane","Strike_R+1","Strike_R+1","Defend_R+1","Defend_R","Defend_R","Defend_R","Bash+1","Iron Wave+1","Inflame+1","Thunderclap","Shrug It Off+1","Fiend Fire+1","Pommel Strike","Iron Wave","Reaper","Whirlwind","Burning Pact","J.A.X.","Decay","Heavy Blade","Flame Barrier","Dual Wield","Uppercut+1","Seeing Red","Offering","Writhe","Dark Shackles","Power Through+1","Burning Pact","Reaper","Shrug It Off","Feel No Pain+1"],"special_seed":0,"relics":["Burning Blood","NeowsBlessing","Pen Nib","Bronze Scales","Whetstone","Red Skull","Runic Pyramid","Bag of Preparation","Lantern","War Paint","Dream Catcher","Mummified Hand","Cursed Key","Old Coin","Ginger","Vajra","Brimstone","Bottled Lightning","Blood Vial","Bag of Marbles","Peace Pipe","Boot"],"potions_floor_usage":[24,33,50],"damage_taken":[{"damage":0.0,"enemies":"Cultist","floor":1.0,"turns":1.0},{"damage":0.0,"enemies":"2 Louse","floor":5.0,"turns":1.0},{"damage":0.0,"enemies":"3 Sentries","floor":6.0,"turns":2.0},{"damage":7.0,"enemies":"Jaw Worm","floor":10.0,"turns":3.0},{"damage":0.0,"enemies":"Gremlin Nob","floor":11.0,"turns":2.0},{"damage":3.0,"enemies":"2 Fungi Beasts","floor":12.0,"turns":4.0},{"damage":25.0,"enemies":"Lagavulin","floor":13.0,"turns":6.0},{"damage":0.0,"enemies":"Large Slime","floor":14.0,"turns":4.0},{"damage":27.0,"enemies":"The Guardian","floor":16.0,"turns":9.0},{"damage":19,"enemies":"Shell Parasite","floor":18,"turns":3},{"damage":10,"enemies":"3 Byrds","floor":19,"turns":3},{"damage":4,"enemies":"Sentry and Sphere","floor":23,"turns":3},{"damage":43,"enemies":"Gremlin Leader","floor":24,"turns":4},{"damage":9,"enemies":"Centurion and Healer","floor":27,"turns":4},{"damage":3,"enemies":"Book of Stabbing","floor":29,"turns":3},{"damage":50,"enemies":"3 Cultists","floor":31,"turns":5},{"damage":65,"enemies":"Collector","floor":33,"turns":6},{"damage":66,"enemies":"3 Shapes","floor":35,"turns":8},{"damage":39,"enemies":"3 Darklings","floor":38,"turns":3},{"damage":34,"enemies":"Mind Bloom Boss Battle","floor":39,"turns":7},{"damage":36,"enemies":"Giant Head","floor":40,"turns":5},{"damage":0,"enemies":"Nemesis","floor":42,"turns":3},{"damage":9,"enemies":"Transient","floor":44,"turns":6},{"damage":11,"enemies":"2 Orb Walkers","floor":45,"turns":2},{"damage":3,"enemies":"Reptomancer","floor":47,"turns":3},{"damage":9,"enemies":"Maw","floor":48,"turns":4},{"damage":116,"enemies":"Time Eater","floor":50,"turns":9}],"seed_played":"809887881119228539","potions_obtained":[{"floor":10.0,"key":"Poison Potion"},{"floor":11.0,"key":"Fire Potion"},{"floor":12.0,"key":"Explosive Potion"},{"floor":23,"key":"SkillPotion"},{"floor":31,"key":"PowerPotion"},{"floor":39,"key":"SmokeBomb"}],"is_trial":false,"path_per_floor":["M","$","?","?","M","E","?","R","T","M","E","M","E","M","R","B",null,"M","M","$","?","?","M","E","T","T","M","?","E","R","M","R","B",null,"M","?","?","M","?","E","$","E","T","M","?","R","E","M","R","B"],"character_chosen":"IRONCLAD","items_purchased":["Inflame","Bag of Preparation","Burning Pact","Vajra","Brimstone","Bottled Lightning"],"campfire_rested":2,"item_purchase_floors":[2,20,20,41,41,41],"current_hp_per_floor":[74,74,67,56,62,68,45,45,45,44,50,53,34,40,40,19,61,48,47,47,47,47,49,30,30,30,27,27,30,52,51,73,55,70,34,49,44,52,48,44,44,60,60,75,75,75,75,75,75,0],"gold":197,"neow_bonus":"THREE_ENEMY_KILL","is_prod":false,"is_daily":false,"chose_seed":false,"campfire_upgraded":3,"win_rate":0,"timestamp":1561381161,"path_taken":["M","$","?","?","M","E","?","R","T","M","E","M","E","M","R","BOSS","M","M","$","?","?","M","E","?","T","M","?","E","R","M","R","BOSS","M","?","?","M","?","E","$","E","T","M","?","R","E","M","R","BOSS"],"build_version":"2019-01-23","purchased_purges":1,"victory":false,"max_hp_per_floor":[75,75,75,75,75,75,75,75,75,75,75,75,75,75,75,75,75,75,75,75,75,75,75,75,75,75,75,75,75,75,75,75,75,75,75,75,75,75,75,75,75,75,75,75,75,75,75,75,75,75],"card_choices":[{"not_picked":["Sever Soul","Blood for Blood"],"picked":"Iron Wave","floor":1.0},{"not_picked":["Flex","Warcry"],"picked":"Thunderclap","floor":5.0},{"not_picked":["Perfected Strike","Sentinel"],"picked":"Shrug It Off","floor":6.0},{"not_picked":["Shrug It Off","Anger"],"picked":"Fiend Fire","floor":10.0},{"not_picked":["Blood for Blood","Reckless Charge"],"picked":"Pommel Strike","floor":11.0},{"not_picked":["Cleave","Shrug It Off"],"picked":"Iron Wave","floor":12.0},{"not_picked":["Anger","Sentinel","Rupture"],"picked":"SKIP","floor":13.0},{"not_picked":["Second Wind","Cleave","Seeing Red"],"picked":"SKIP","floor":14.0},{"not_picked":["Immolate","Fiend Fire"],"picked":"Reaper","floor":16.0},{"not_picked":["Inflame","Thunderclap"],"picked":"Whirlwind","floor":18},{"not_picked":["Iron Wave","Blood for Blood","Thunderclap"],"picked":"SKIP","floor":19},{"not_picked":["Headbutt","Thunderclap"],"picked":"Heavy Blade","floor":23},{"not_picked":["Rage","Sever Soul"],"picked":"Flame Barrier","floor":24},{"not_picked":["Burning Pact","Body Slam","Rage"],"picked":"SKIP","floor":27},{"not_picked":["Twin Strike","Havoc"],"picked":"Dual Wield","floor":29},{"not_picked":["Havoc","Anger"],"picked":"Uppercut+1","floor":30},{"not_picked":["Heavy Blade","Pummel","Entrench"],"picked":"SKIP","floor":31},{"not_picked":["Clash","True Grit"],"picked":"Seeing Red","floor":32},{"not_picked":["Feed","Reaper"],"picked":"Offering","floor":33},{"not_picked":["Pommel Strike+1","Battle Trance","Headbutt+1"],"picked":"SKIP","floor":35},{"not_picked":["Dramatic Entrance","Mind Blast"],"picked":"Dark Shackles","floor":37},{"not_picked":["Headbutt+1","Iron Wave","Clothesline"],"picked":"SKIP","floor":38},{"not_picked":["Reckless Charge+1","Dropkick"],"picked":"Power Through+1","floor":39},{"not_picked":["Rage+1","Thunderclap"],"picked":"Burning Pact","floor":40},{"not_picked":["Twin Strike+1","Warcry"],"picked":"Reaper","floor":42},{"not_picked":["Anger+1","Shockwave","Thunderclap"],"picked":"SKIP","floor":44},{"not_picked":["Pommel Strike","Rampage"],"picked":"Shrug It Off","floor":47},{"not_picked":["Spot Weakness","Twin Strike"],"picked":"Feel No Pain","floor":48}],"player_experience":969072,"relics_obtained":[{"floor":6.0,"key":"Pen Nib"},{"floor":9.0,"key":"Bronze Scales"},{"floor":11.0,"key":"Whetstone"},{"floor":13.0,"key":"Red Skull"},{"floor":24,"key":"Lantern"},{"floor":25,"key":"War Paint"},{"floor":26,"key":"Dream Catcher"},{"floor":29,"key":"Mummified Hand"},{"floor":39,"key":"Old Coin"},{"floor":40,"key":"Ginger"},{"floor":42,"key":"Blood Vial"},{"floor":43,"key":"Bag of Marbles"},{"floor":45,"key":"Peace Pipe"},{"floor":47,"key":"Boot"}],"event_choices":[{"cards_removed":["Strike_R"],"damage_healed":0.0,"max_hp_gain":0.0,"max_hp_loss":0.0,"gold_gain":0.0,"event_name":"Golden Wing","player_choice":"Card Removal","floor":3.0,"gold_loss":0.0,"damage_taken":7.0},{"damage_healed":0.0,"max_hp_gain":0.0,"max_hp_loss":0.0,"gold_gain":75.0,"event_name":"World of Goop","player_choice":"Gather Gold","floor":4.0,"gold_loss":0.0,"damage_taken":11.0},{"damage_healed":0.0,"max_hp_gain":0.0,"max_hp_loss":0.0,"gold_gain":0.0,"event_name":"Shining Light","player_choice":"Entered Light","floor":7.0,"gold_loss":0.0,"damage_taken":23.0,"cards_upgraded":["Strike_R","Iron Wave"]},{"damage_healed":0,"gold_gain":0,"player_choice":"Obtain J.A.X.","damage_taken":0,"max_hp_gain":0,"max_hp_loss":0,"event_name":"Drug Dealer","floor":21,"gold_loss":0,"cards_obtained":["J.A.X."]},{"damage_healed":0,"gold_gain":0,"player_choice":"Smashed Altar","damage_taken":0,"max_hp_gain":0,"max_hp_loss":0,"event_name":"Forgotten Altar","floor":22,"gold_loss":0,"cards_obtained":["Decay"]},{"cards_removed":["Strike_R"],"damage_healed":0,"gold_gain":0,"player_choice":"Gave Gold","damage_taken":0,"max_hp_gain":0,"max_hp_loss":0,"event_name":"Beggar","floor":28,"gold_loss":75},{"damage_healed":15,"gold_gain":0,"player_choice":"Writhe","damage_taken":0,"max_hp_gain":0,"max_hp_loss":0,"event_name":"Winding Halls","floor":36,"gold_loss":0,"cards_obtained":["Writhe"]},{"damage_healed":0,"gold_gain":0,"player_choice":"Memory 2","damage_taken":5,"max_hp_gain":0,"max_hp_loss":0,"event_name":"SensoryStone","floor":37,"gold_loss":0},{"damage_healed":0,"gold_gain":0,"player_choice":"Fight","damage_taken":0,"max_hp_gain":0,"max_hp_loss":0,"event_name":"MindBloom","floor":39,"gold_loss":0},{"damage_healed":0,"gold_gain":0,"player_choice":"Fight","damage_taken":0,"max_hp_gain":0,"max_hp_loss":0,"event_name":"Mysterious Sphere","floor":45,"gold_loss":0}],"is_beta":false,"boss_relics":[{"not_picked":["Runic Cube","White Beast Statue"],"picked":"Runic Pyramid"},{"not_picked":["Runic Dome","Tiny House"],"picked":"Cursed Key"}],"items_purged_floors":[20],"is_endless":false,"potions_floor_spawned":[10,11,12,13,19,23,31,39,40,45,47],"killed_by":"Time Eater","ascension_level":20}