{"gold_per_floor":[359,72,84,84,97,127,140,140,140,150,161,161,177,212,212,288,338,312,312,312,48,63,63,77,95,119,119],"floor_reached":27,"playtime":929,"items_purged":["Decay"],"score":454,"play_id":"99987ec8-446f-409d-84f9-f054ba101709","local_time":"20190430152141","is_ascension_mode":true,"campfire_choices":[{"data":"Armaments","floor":12,"key":"SMITH"},{"data":"Barricade","floor":15,"key":"SMITH"},{"data":"Whirlwind","floor":23,"key":"SMITH"}],"neow_cost":"PERCENT_DAMAGE","seed_source_timestamp":156053722715574,"circlet_count":0,"master_deck":["AscendersBane","Strike_R","Strike_R","Strike_R","Strike_R+1","Defend_R","Defend_R","Defend_R","Defend_R","Bash","Rampage","Whirlwind+1","Inflame","Armaments+1","Barricade+1","Disarm","Double Tap","Headbutt","Shrug It Off+1","Shrug It Off","Seeing Red"],"relics":["Burning Blood","Chemical X","Bag of Preparation","Matryoshka","Sundial","Tiny House","MutagenicStrength","Bag of Marbles","Bronze Scales","Juzu Bracelet"],"potions_floor_usage":[6,14,16,16,18,22,25],"damage_taken":[{"damage":7,"enemies":"Cultist","floor":1,"turns":4},{"damage":3,"enemies":"Small Slimes","floor":3,"turns":3},{"damage":0,"enemies":"2 Louse","floor":5,"turns":1},{"damage":25,"enemies":"Lagavulin","floor":6,"turns":6},{"damage":8,"enemies":"Lots of Slimes","floor":7,"turns":2},{"damage":6,"enemies":"Looter","floor":10,"turns":4},{"damage":0,"enemies":"Exordium Wildlife","floor":11,"turns":2},{"damage":4,"enemies":"Red Slaver","floor":13,"turns":3},{"damage":1,"enemies":"Gremlin Nob","floor":14,"turns":3},{"damage":27,"enemies":"The Guardian","floor":16,"turns":9},{"damage":22,"enemies":"2 Thieves","floor":18,"turns":4},{"damage":21,"enemies":"Shell Parasite","floor":22,"turns":7},{"damage":24,"enemies":"Sentry and Sphere","floor":24,"turns":5},{"damage":12,"enemies":"Snecko","floor":25,"turns":6},{"damage":50,"enemies":"Chosen and Byrds","floor":27,"turns":7}],"seed_played":"-8080790649218095960","potions_obtained":[{"floor":3,"key":"Dexterity Potion"},{"floor":5,"key":"PowerPotion"},{"floor":10,"key":"AttackPotion"},{"floor":14,"key":"Strength Potion"},{"floor":17,"key":"EssenceOfSteel"},{"floor":18,"key":"Weak Potion"},{"floor":24,"key":"Regen Potion"}],"is_trial":false,"path_per_floor":["M","$","M","?","M","E","M","?","T","M","M","R","M","E","R","B",null,"M","?","?","$","M","R","M","M","T","M"],"character_chosen":"IRONCLAD","items_purchased":["Whirlwind","Chemical X","Bag of Marbles","Shrug It Off"],"campfire_rested":0,"item_purchase_floors":[2,2,21,21],"current_hp_per_floor":[49,49,52,52,58,39,37,37,37,37,43,43,45,50,50,29,69,53,53,53,53,38,38,20,29,29,0],"gold":119,"neow_bonus":"TWO_FIFTY_GOLD","is_prod":false,"is_daily":false,"chose_seed":false,"campfire_upgraded":3,"win_rate":0,"timestamp":1556652101,"path_taken":["M","$","?","?","M","E","M","?","T","M","?","R","M","E","R","BOSS","M","?","?","$","?","R","M","M","T","M"],"build_version":"2019-01-23","purchased_purges":1,"victory":false,"max_hp_per_floor":[75,75,75,75,75,75,75,75,75,75,75,75,75,75,75,75,80,80,80,80,80,80,80,80,80,80,80],"card_choices":[{"not_picked":["Flex","Sword Boomerang"],"picked":"Rampage","floor":1},{"not_picked":["Havoc","Anger","Pommel Strike"],"picked":"SKIP","floor":3},{"not_picked":["Iron Wave","Combust","Bloodletting"],"picked":"SKIP","floor":5},{"not_picked":["Warcry","Shockwave"],"picked":"Inflame","floor":6},{"not_picked":["Feel No Pain","Power Through","Pommel Strike"],"picked":"SKIP","floor":7},{"not_picked":["Pommel Strike","Havoc"],"picked":"Armaments","floor":10},{"not_picked":["Clothesline","Bloodletting","Inflame"],"picked":"SKIP","floor":11},{"not_picked":["True Grit","Twin Strike"],"picked":"Barricade","floor":13},{"not_picked":["Reckless Charge","Shockwave"],"picked":"Disarm","floor":14},{"not_picked":["Brutality","Demon Form"],"picked":"Double Tap","floor":16},{"not_picked":["Shockwave","Rage"],"picked":"Headbutt","floor":17},{"not_picked":["Dropkick","Disarm"],"picked":"Shrug It Off+1","floor":18},{"not_picked":["Heavy Blade","Spot Weakness","Havoc"],"picked":"SKIP","floor":22},{"not_picked":["True Grit","Evolve+1","Warcry"],"picked":"SKIP","floor":24},{"not_picked":["Intimidate","True Grit"],"picked":"Seeing Red","floor":25}],"player_experience":632660,"relics_obtained":[{"floor":6,"key":"Bag of Preparation"},{"floor":9,"key":"Matryoshka"},{"floor":14,"key":"Sundial"},{"floor":26,"key":"Bronze Scales"},{"floor":26,"key":"Juzu Bracelet"}],"event_choices":[{"damage_healed":0,"gold_gain":0,"player_choice":"Ignored","damage_taken":0,"max_hp_gain":0,"max_hp_loss":0,"event_name":"Liars Game","floor":4,"gold_loss":0},{"cards_removed":["Strike_R"],"damage_healed":0,"gold_gain":0,"player_choice":"Offered Basic","damage_taken":0,"max_hp_gain":0,"max_hp_loss":0,"event_name":"Bonfire Elementals","floor":8,"gold_loss":0},{"damage_healed":0,"gold_gain":0,"player_choice":"Inject Mutagens","damage_taken":0,"relics_obtained":["MutagenicStrength"],"max_hp_gain":0,"max_hp_loss":0,"event_name":"Drug Dealer","floor":19,"gold_loss":0},{"damage_healed":0,"gold_gain":0,"player_choice":"Smashed Altar","damage_taken":0,"max_hp_gain":0,"max_hp_loss":0,"event_name":"Forgotten Altar","floor":20,"gold_loss":0,"cards_obtained":["Decay"]}],"is_beta":false,"boss_relics":[{"not_picked":["Calling Bell","Pandora\u0027s Box"],"picked":"Tiny House"}],"items_purged_floors":[21],"is_endless":false,"potions_floor_spawned":[3,5,10,14,18,24],"killed_by":"Chosen and Byrds","ascension_level":20}