{"gold_per_floor":[215,165,183,197,272,272,301,301,301,301,326,326,326,336,336,435,435,445,464,186,200,214,214,139,149,149,159,159,74,105,118,118,219,219,229,109,122,122,136,155,174,174,252,30,40,54,54,69,69,69],"floor_reached":50,"playtime":3232,"items_purged":["Parasite","Regret","Clumsy"],"score":766,"play_id":"71815acf-9454-49f8-ae7c-b0d0258d908c","local_time":"20190313000258","is_ascension_mode":true,"campfire_choices":[{"data":"Cleave","floor":6,"key":"SMITH"},{"floor":12,"key":"REST"},{"data":"Flame Barrier","floor":15,"key":"SMITH"},{"data":"Demon Form","floor":23,"key":"SMITH"},{"floor":28,"key":"REST"},{"floor":32,"key":"REST"},{"floor":49,"key":"REST"}],"neow_cost":"NONE","seed_source_timestamp":2171057338455228,"circlet_count":0,"master_deck":["AscendersBane","Strike_R+1","Strike_R+1","Strike_R","Strike_R","Defend_R+1","Defend_R","Defend_R+1","Defend_R","Bash","Flame Barrier+1","Cleave+1","Pommel Strike","Headbutt","Shrug It Off+1","True Grit+1","Demon Form+1","Rage+1","Uppercut","Carnage","Heavy Blade","Whirlwind","Feed","Shrug It Off+1","Shrug It Off+1","Enlightenment+1","Heavy Blade","Heavy Blade"],"relics":["Burning Blood","Regal Pillow","Toxic Egg 2","The Courier","Bronze Scales","Cursed Key","Lee\u0027s Waffle","Bottled Tornado","Ginger","War Paint","Busted Crown","Pear","Happy Flower"],"potions_floor_usage":[7,16,21,25,30,40,45,48,50],"damage_taken":[{"damage":5,"enemies":"2 Louse","floor":1,"turns":4},{"damage":7,"enemies":"Jaw Worm","floor":3,"turns":5},{"damage":0,"enemies":"Small Slimes","floor":4,"turns":3},{"damage":46,"enemies":"Lagavulin","floor":7,"turns":9},{"damage":30,"enemies":"3 Sentries","floor":11,"turns":9},{"damage":7,"enemies":"2 Fungi Beasts","floor":14,"turns":3},{"damage":31,"enemies":"Hexaghost","floor":16,"turns":9},{"damage":0,"enemies":"3 Byrds","floor":18,"turns":2},{"damage":0,"enemies":"Chosen","floor":19,"turns":5},{"damage":15,"enemies":"3 Cultists","floor":21,"turns":6},{"damage":19,"enemies":"Centurion and Healer","floor":22,"turns":8},{"damage":26,"enemies":"Snake Plant","floor":25,"turns":4},{"damage":11,"enemies":"Cultist and Chosen","floor":27,"turns":5},{"damage":27,"enemies":"Slavers","floor":30,"turns":4},{"damage":20,"enemies":"Snecko","floor":31,"turns":3},{"damage":77,"enemies":"Automaton","floor":33,"turns":9},{"damage":18,"enemies":"3 Shapes","floor":35,"turns":4},{"damage":13,"enemies":"3 Darklings","floor":37,"turns":4},{"damage":11,"enemies":"4 Shapes","floor":39,"turns":5},{"damage":11,"enemies":"Spire Growth","floor":40,"turns":4},{"damage":18,"enemies":"Jaw Worm Horde","floor":41,"turns":4},{"damage":9,"enemies":"Maw","floor":45,"turns":6},{"damage":26,"enemies":"3 Darklings","floor":46,"turns":4},{"damage":2,"enemies":"4 Shapes","floor":48,"turns":4},{"damage":75,"enemies":"Donu and Deca","floor":50,"turns":6}],"seed_played":"-7908387708203384708","potions_obtained":[{"floor":1,"key":"Ancient Potion"},{"floor":4,"key":"SneckoOil"},{"floor":11,"key":"LiquidBronze"},{"floor":16,"key":"Block Potion"},{"floor":27,"key":"Ancient Potion"},{"floor":30,"key":"Explosive Potion"},{"floor":31,"key":"Fire Potion"},{"floor":33,"key":"Dexterity Potion"},{"floor":41,"key":"SkillPotion"},{"floor":46,"key":"Explosive Potion"}],"is_trial":false,"path_per_floor":["M","$","M","M","?","R","E","?","T","T","E","R","?","M","R","B",null,"M","M","$","M","M","R","?","M","T","M","R","?","E","M","R","B",null,"M","$","M","?","M","M","M","?","T","$","M","M","$","M","R","B"],"character_chosen":"IRONCLAD","items_purchased":["Cleave","Lee\u0027s Waffle","Uppercut","Shrug It Off+1","Happy Flower"],"campfire_rested":4,"item_purchase_floors":[2,20,20,36,44],"current_hp_per_floor":[73,73,72,78,67,67,27,47,47,47,23,62,46,45,45,20,65,71,77,84,75,62,62,62,42,42,37,77,77,56,42,82,11,66,57,57,50,50,48,43,34,34,44,44,41,21,21,28,74,0],"gold":69,"neow_bonus":"HUNDRED_GOLD","is_prod":false,"is_daily":false,"chose_seed":false,"campfire_upgraded":3,"win_rate":0,"timestamp":1552449778,"path_taken":["M","$","M","M","?","R","E","?","T","?","E","R","?","M","R","BOSS","M","M","$","M","M","R","?","M","T","M","R","?","E","M","R","BOSS","M","$","M","?","?","M","M","?","T","?","M","?","$","M","R","BOSS"],"build_version":"2019-01-23","purchased_purges":3,"victory":false,"max_hp_per_floor":[80,80,80,80,80,80,80,80,80,80,80,80,80,80,80,80,80,80,80,84,84,84,84,84,84,84,84,84,84,84,84,84,84,84,87,87,87,87,90,90,93,93,103,103,103,103,103,106,106,106],"card_choices":[{"not_picked":["Heavy Blade","Anger"],"picked":"Flame Barrier","floor":1},{"not_picked":["Anger","Sword Boomerang"],"picked":"Pommel Strike","floor":3},{"not_picked":["Pummel","Second Wind","Flex"],"picked":"SKIP","floor":4},{"not_picked":["Evolve","Flex"],"picked":"Headbutt","floor":7},{"not_picked":["Pummel","Corruption"],"picked":"Shrug It Off+1","floor":11},{"not_picked":["Heavy Blade","Disarm+1"],"picked":"True Grit+1","floor":14},{"not_picked":["Barricade","Immolate"],"picked":"Demon Form","floor":16},{"not_picked":["Uppercut","Carnage"],"picked":"Rage+1","floor":18},{"not_picked":["Headbutt","Burning Pact+1","Infernal Blade+1"],"picked":"SKIP","floor":19},{"not_picked":["Evolve+1","Wild Strike"],"picked":"Carnage","floor":21},{"not_picked":["Seeing Red+1","Sword Boomerang"],"picked":"Heavy Blade","floor":22},{"not_picked":["Anger","Clash","Spot Weakness+1"],"picked":"SKIP","floor":25},{"not_picked":["Reckless Charge+1","Cleave","Corruption+1"],"picked":"SKIP","floor":27},{"not_picked":["Dark Embrace","Dropkick","Cleave+1"],"picked":"SKIP","floor":30},{"not_picked":["True Grit+1","Disarm+1"],"picked":"Whirlwind","floor":31},{"not_picked":["Demon Form","Dark Embrace"],"picked":"Feed","floor":33},{"not_picked":["Warcry+1"],"picked":"SKIP","floor":35},{"not_picked":["Clash"],"picked":"SKIP","floor":37},{"not_picked":["Inflame+1"],"picked":"SKIP","floor":39},{"not_picked":[],"picked":"Shrug It Off+1","floor":40},{"not_picked":["Iron Wave+1"],"picked":"SKIP","floor":41},{"not_picked":[],"picked":"Enlightenment+1","floor":42},{"not_picked":["Flex+1"],"picked":"SKIP","floor":45},{"not_picked":[],"picked":"Heavy Blade","floor":46},{"not_picked":[],"picked":"Heavy Blade","floor":48}],"player_experience":372384,"relics_obtained":[{"floor":7,"key":"Regal Pillow"},{"floor":9,"key":"Toxic Egg 2"},{"floor":10,"key":"The Courier"},{"floor":11,"key":"Bronze Scales"},{"floor":26,"key":"Bottled Tornado"},{"floor":30,"key":"War Paint"},{"floor":43,"key":"Pear"}],"event_choices":[{"damage_healed":0,"gold_gain":75,"player_choice":"Gather Gold","damage_taken":11,"max_hp_gain":0,"max_hp_loss":0,"event_name":"World of Goop","floor":5,"gold_loss":0},{"damage_healed":20,"gold_gain":0,"player_choice":"Healed and dodged fight","damage_taken":0,"max_hp_gain":0,"max_hp_loss":0,"event_name":"Mushrooms","floor":8,"gold_loss":0,"cards_obtained":["Parasite"]},{"damage_healed":0,"gold_gain":0,"player_choice":"Entered Light","damage_taken":16,"max_hp_gain":0,"max_hp_loss":0,"event_name":"Shining Light","floor":13,"gold_loss":0,"cards_upgraded":["Strike_R","Strike_R"]},{"cards_removed":["Strike_R"],"damage_healed":0,"gold_gain":0,"player_choice":"Gave Gold","damage_taken":0,"max_hp_gain":0,"max_hp_loss":0,"event_name":"Beggar","floor":24,"gold_loss":75},{"damage_healed":0,"gold_gain":0,"player_choice":"Obtained Relic","damage_taken":0,"relics_obtained":["Ginger"],"max_hp_gain":0,"max_hp_loss":0,"event_name":"Addict","floor":29,"gold_loss":85},{"damage_healed":0,"gold_gain":0,"player_choice":"Ignored","damage_taken":0,"max_hp_gain":0,"max_hp_loss":0,"event_name":"SecretPortal","floor":38,"gold_loss":0},{"damage_healed":0,"gold_gain":0,"player_choice":"Memory 1","damage_taken":0,"max_hp_gain":0,"max_hp_loss":0,"event_name":"SensoryStone","floor":42,"gold_loss":0}],"is_beta":false,"boss_relics":[{"not_picked":["Snecko Eye","White Beast Statue"],"picked":"Cursed Key"},{"not_picked":["Astrolabe","Mark of Pain"],"picked":"Busted Crown"}],"items_purged_floors":[20,36,44],"is_endless":false,"potions_floor_spawned":[1,4,11,16,19,27,30,31,33,39,41,46],"killed_by":"Donu and Deca","ascension_level":11}