{"gold_per_floor":[115,178,178,178,193,227,250,289,360,360,208,208,208,292,292,416,416,436,459,479,479,234,234,234,234,234,253,253,294,209,256,256,380,380,404,199,212,236,284,284,25,25,104,104,122,122,153,375,375,375,375,375,81,112,112],"floor_reached":55,"playtime":2690,"items_purged":["Strike_B","Strike_B","Strike_B"],"score":747,"play_id":"d2699054-4dbf-47b5-ab52-67abc918238e","local_time":"20190415195737","is_ascension_mode":false,"campfire_choices":[{"data":"Fission","floor":10,"key":"SMITH"},{"data":"Biased Cognition","floor":13,"key":"SMITH"},{"data":"Streamline","floor":15,"key":"SMITH"},{"data":"Panacea","floor":23,"key":"SMITH"},{"floor":25,"key":"RECALL"},{"floor":32,"key":"REST"},{"data":"Creative AI","floor":40,"key":"SMITH"},{"data":"Darkness","floor":42,"key":"SMITH"},{"data":"Zap","floor":44,"key":"SMITH"},{"data":"Coolheaded","floor":49,"key":"SMITH"},{"data":"Electrodynamics","floor":52,"key":"SMITH"}],"neow_cost":"TEN_PERCENT_HP_LOSS","seed_source_timestamp":497090331530522,"circlet_count":0,"master_deck":["Strike_B+1","Defend_B","Defend_B+1","Defend_B","Defend_B","Zap+1","Dualcast+1","Biased Cognition+1","Streamline+1","BootSequence","Ball Lightning+1","Coolheaded+1","Fission+1","Self Repair","Electrodynamics+1","Capacitor+1","Darkness+1","Panacea+1","Undo+1","Coolheaded+1","Creative AI+1","Fusion+1","Glacier+1","Writhe","Conserve Battery+1","Darkness+1","Thunder Strike"],"relics":["Cracked Core","Ice Cream","Golden Idol","War Paint","Incense Burner","Tiny Chest","Philosopher\u0027s Stone","Nilry\u0027s Codex","Whetstone","Toxic Egg 2","Smiling Mask","Red Mask","Juzu Bracelet","Pen Nib","Eternal Feather","Bag of Preparation","Art of War","ClockworkSouvenir","Blue Candle","Letter Opener","Runic Capacitor","Bottled Lightning"],"potions_floor_usage":[16,19,19,27,55,55],"damage_taken":[{"damage":1,"enemies":"Cultist","floor":1,"turns":3},{"damage":0,"enemies":"Small Slimes","floor":5,"turns":2},{"damage":11,"enemies":"Lagavulin","floor":6,"turns":6},{"damage":0,"enemies":"2 Louse","floor":7,"turns":2},{"damage":11,"enemies":"Gremlin Nob","floor":8,"turns":3},{"damage":7,"enemies":"Hexaghost","floor":16,"turns":8},{"damage":0,"enemies":"Chosen","floor":18,"turns":5},{"damage":8,"enemies":"3 Byrds","floor":19,"turns":3},{"damage":0,"enemies":"Sentry and Sphere","floor":20,"turns":1},{"damage":0,"enemies":"Centurion and Healer","floor":27,"turns":5},{"damage":19,"enemies":"Masked Bandits","floor":29,"turns":4},{"damage":25,"enemies":"Automaton","floor":33,"turns":7},{"damage":0,"enemies":"3 Shapes","floor":35,"turns":5},{"damage":0,"enemies":"Orb Walker","floor":37,"turns":2},{"damage":10,"enemies":"3 Darklings","floor":38,"turns":5},{"damage":10,"enemies":"Spire Growth","floor":45,"turns":5},{"damage":1,"enemies":"Nemesis","floor":47,"turns":7},{"damage":4,"enemies":"Awakened One","floor":50,"turns":8},{"damage":27,"enemies":"Shield and Spear","floor":54,"turns":5},{"damage":51,"enemies":"The Heart","floor":55,"turns":9}],"seed_played":"-8202518733594781981","potions_obtained":[{"floor":6,"key":"Swift Potion"},{"floor":7,"key":"LiquidBronze"},{"floor":8,"key":"Fire Potion"},{"floor":16,"key":"LiquidBronze"},{"floor":33,"key":"Weak Potion"},{"floor":37,"key":"Explosive Potion"},{"floor":47,"key":"Strength Potion"},{"floor":54,"key":"FearPotion"}],"is_trial":false,"path_per_floor":["M","?","?","?","M","E","M","E","T","R","$","?","R","T","R","B",null,"M","M","M","?","$","R","?","R","T","M","?","?","?","T","R","B",null,"M","$","M","M","T","R","$","R","T","R","M","?","E","?","R","B",null,"R","$","E","B"],"character_chosen":"DEFECT","items_purchased":["Self Repair","Panacea","Whetstone","Bag of Preparation","ClockworkSouvenir","Glacier+1","Runic Capacitor","Darkness+1"],"campfire_rested":1,"item_purchase_floors":[11,22,22,36,41,41,53,53],"current_hp_per_floor":[67,67,64,64,64,53,53,42,42,42,42,42,42,42,42,42,68,68,67,68,52,52,52,52,52,52,52,52,40,40,40,60,42,68,68,68,68,65,65,68,68,68,68,68,65,68,68,68,68,68,68,68,68,48,0],"gold":112,"neow_bonus":"THREE_RARE_CARDS","is_prod":false,"is_daily":false,"chose_seed":false,"campfire_upgraded":9,"win_rate":0,"timestamp":1555372657,"path_taken":["M","?","?","?","M","E","M","E","T","R","$","?","R","?","R","BOSS","M","M","M","?","$","R","?","R","T","?","?","?","?","?","R","BOSS","M","$","M","M","?","R","$","R","T","R","M","?","E","?","R","BOSS","R","$","E","BOSS"],"build_version":"2019-01-23","purchased_purges":3,"victory":false,"max_hp_per_floor":[68,68,68,68,68,68,68,68,68,68,68,68,68,68,68,68,68,68,68,68,68,68,68,68,68,68,68,68,68,68,68,68,68,68,68,68,68,68,68,68,68,68,68,68,68,68,68,68,68,68,68,68,68,68,68],"card_choices":[{"not_picked":["Reboot","All For One"],"picked":"Biased Cognition","floor":0},{"not_picked":["Turbo","Hologram"],"picked":"Streamline","floor":1},{"not_picked":["Go for the Eyes","Hologram"],"picked":"BootSequence","floor":5},{"not_picked":["Reprogram","Streamline"],"picked":"Ball Lightning","floor":6},{"not_picked":["Steam Power","Loop"],"picked":"Coolheaded","floor":7},{"not_picked":["Static Discharge","Tempest"],"picked":"Fission","floor":8},{"not_picked":["Seek","Meteor Strike"],"picked":"Electrodynamics","floor":16},{"not_picked":["Leap+1","Scrape+1"],"picked":"Capacitor+1","floor":18},{"not_picked":["Chill","Ball Lightning"],"picked":"Darkness","floor":19},{"not_picked":["Go for the Eyes+1","Stack","Hologram"],"picked":"SKIP","floor":20},{"not_picked":["Redo+1","Stack+1"],"picked":"Undo+1","floor":27},{"not_picked":["Beam Cell+1","Leap+1"],"picked":"Coolheaded+1","floor":29},{"not_picked":["Hyperbeam","Biased Cognition"],"picked":"Creative AI","floor":33},{"not_picked":["Steam+1","Turbo+1","Cold Snap"],"picked":"SKIP","floor":35},{"not_picked":["Leap+1","Hello World"],"picked":"Fusion+1","floor":37},{"not_picked":["Barrage","Turbo+1","Doom and Gloom"],"picked":"SKIP","floor":38},{"not_picked":["Go for the Eyes+1","Leap+1","Redo+1"],"picked":"SKIP","floor":45},{"not_picked":["Leap+1","Streamline"],"picked":"Conserve Battery+1","floor":47},{"not_picked":["Steam+1","Conserve Battery+1"],"picked":"Thunder Strike","floor":54}],"player_experience":598279,"relics_obtained":[{"floor":6,"key":"War Paint"},{"floor":8,"key":"Incense Burner"},{"floor":14,"key":"Tiny Chest"},{"floor":21,"key":"Nilry\u0027s Codex"},{"floor":26,"key":"Smiling Mask"},{"floor":29,"key":"Red Mask"},{"floor":31,"key":"Pen Nib"},{"floor":39,"key":"Art of War"},{"floor":43,"key":"Blue Candle"},{"floor":47,"key":"Letter Opener"},{"floor":54,"key":"Bottled Lightning"}],"event_choices":[{"damage_healed":0,"gold_gain":63,"player_choice":"Gained Gold","damage_taken":0,"max_hp_gain":0,"max_hp_loss":0,"event_name":"Golden Wing","floor":2,"gold_loss":0},{"damage_healed":0,"gold_gain":0,"player_choice":"Success","damage_taken":3,"relics_obtained":["Ice Cream"],"max_hp_gain":0,"max_hp_loss":0,"event_name":"Scrap Ooze","floor":3,"gold_loss":0},{"damage_healed":0,"gold_gain":0,"player_choice":"Take Wound","damage_taken":0,"relics_obtained":["Golden Idol"],"max_hp_gain":0,"max_hp_loss":0,"event_name":"Golden Idol","floor":4,"gold_loss":0,"cards_obtained":["Injury"]},{"cards_removed":["Injury"],"damage_healed":0,"gold_gain":0,"player_choice":"Forget","damage_taken":0,"max_hp_gain":0,"max_hp_loss":0,"event_name":"Living Wall","floor":12,"gold_loss":0},{"damage_healed":0,"gold_gain":0,"player_choice":"Obtained Book","damage_taken":16,"max_hp_gain":0,"max_hp_loss":0,"event_name":"Cursed Tome","floor":21,"gold_loss":0},{"damage_healed":0,"gold_gain":0,"player_choice":"Opened","damage_taken":0,"relics_obtained":["Toxic Egg 2"],"max_hp_gain":0,"max_hp_loss":0,"event_name":"The Mausoleum","floor":24,"gold_loss":0},{"damage_healed":0,"gold_gain":0,"player_choice":"Ignored","damage_taken":0,"max_hp_gain":0,"max_hp_loss":0,"event_name":"Ghosts","floor":28,"gold_loss":0},{"damage_healed":0,"gold_gain":0,"player_choice":"Fought Bandits","damage_taken":0,"max_hp_gain":0,"max_hp_loss":0,"event_name":"Masked Bandits","floor":29,"gold_loss":0},{"damage_healed":0,"gold_gain":0,"player_choice":"Obtained Relic","damage_taken":0,"relics_obtained":["Juzu Bracelet"],"max_hp_gain":0,"max_hp_loss":0,"event_name":"Addict","floor":30,"gold_loss":85},{"damage_healed":17,"gold_gain":0,"player_choice":"Writhe","damage_taken":0,"max_hp_gain":0,"max_hp_loss":0,"event_name":"Winding Halls","floor":46,"gold_loss":0,"cards_obtained":["Writhe"]},{"damage_healed":0,"gold_gain":222,"player_choice":"Wore Mask","damage_taken":0,"max_hp_gain":0,"max_hp_loss":0,"event_name":"Tomb of Lord Red Mask","floor":48,"gold_loss":0}],"is_beta":false,"boss_relics":[{"not_picked":["Astrolabe","Tiny House"],"picked":"Philosopher\u0027s Stone"},{"not_picked":["Snecko Eye","Velvet Choker"],"picked":"Eternal Feather"}],"items_purged_floors":[11,36,53],"is_endless":false,"potions_floor_spawned":[6,7,8,16,18,33,37,47,54],"killed_by":"The Heart","ascension_level":0}