{"gold_per_floor":[115,115,138,151,172,205,175,175,175,100,100,124,124,159,159,159],"floor_reached":16,"playtime":454,"items_purged":["Strike_G"],"score":110,"play_id":"e2be42e4-3792-4b3e-9ac4-d5a07011dffa","local_time":"20190427202819","is_ascension_mode":false,"campfire_choices":[{"floor":11,"key":"REST"},{"data":"A Thousand Cuts","floor":13,"key":"SMITH"},{"data":"Dash","floor":15,"key":"SMITH"}],"neow_cost":"NONE","seed_source_timestamp":359867237863754,"circlet_count":0,"master_deck":["Defend_G","Defend_G","Defend_G","Defend_G","Defend_G","Strike_G","Strike_G","Strike_G","Survivor","Neutralize","Dagger Spray","Blur","Caltrops","A Thousand Cuts+1","Dash+1","Cloak And Dagger"],"relics":["Ring of the Snake","NeowsBlessing","Golden Idol","Incense Burner","The Courier"],"potions_floor_usage":[6,14,14],"damage_taken":[{"damage":0,"enemies":"Jaw Worm","floor":1,"turns":1},{"damage":0,"enemies":"2 Louse","floor":3,"turns":1},{"damage":0,"enemies":"Cultist","floor":4,"turns":1},{"damage":10,"enemies":"Large Slime","floor":5,"turns":9},{"damage":49,"enemies":"Lagavulin","floor":6,"turns":7},{"damage":0,"enemies":"Looter","floor":7,"turns":4},{"damage":0,"enemies":"2 Fungi Beasts","floor":12,"turns":4},{"damage":10,"enemies":"Gremlin Nob","floor":14,"turns":5},{"damage":31,"enemies":"Slime Boss","floor":16,"turns":7}],"seed_played":"2849222480254239783","potions_obtained":[{"floor":1,"key":"Strength Potion"},{"floor":6,"key":"SpeedPotion"},{"floor":12,"key":"Regen Potion"},{"floor":14,"key":"Ancient Potion"}],"is_trial":false,"path_per_floor":["M","?","M","M","M","E","M","?","T","$","R","M","R","E","R","B"],"character_chosen":"THE_SILENT","items_purchased":[],"campfire_rested":1,"item_purchase_floors":[],"current_hp_per_floor":[70,65,65,65,55,6,6,6,6,6,25,25,25,29,29,0],"gold":159,"neow_bonus":"THREE_ENEMY_KILL","is_prod":false,"is_daily":false,"chose_seed":false,"campfire_upgraded":2,"win_rate":0,"timestamp":1556411299,"path_taken":["M","?","M","M","M","E","M","?","T","$","R","?","R","E","R","BOSS"],"build_version":"2019-01-23","purchased_purges":1,"victory":false,"max_hp_per_floor":[70,65,65,65,65,65,65,65,65,65,65,65,65,65,65,65],"card_choices":[{"not_picked":["Sucker Punch","Acrobatics"],"picked":"Dagger Spray","floor":1},{"not_picked":["Deflect","Bouncing Flask"],"picked":"Blur","floor":3},{"not_picked":["Poisoned Stab","Tactician"],"picked":"Caltrops","floor":4},{"not_picked":["Masterful Stab","Sucker Punch","Accuracy"],"picked":"SKIP","floor":5},{"not_picked":["Escape Plan","Tactician"],"picked":"A Thousand Cuts","floor":6},{"not_picked":["Poisoned Stab","Backflip"],"picked":"Dash","floor":7},{"not_picked":["Catalyst","Dagger Spray","Blade Dance"],"picked":"SKIP","floor":12},{"not_picked":["Riddle With Holes","Finisher"],"picked":"Cloak And Dagger","floor":14}],"player_experience":627457,"relics_obtained":[{"floor":6,"key":"Incense Burner"},{"floor":14,"key":"The Courier"}],"event_choices":[{"damage_healed":0,"gold_gain":0,"player_choice":"Lose Max HP","damage_taken":0,"relics_obtained":["Golden Idol"],"max_hp_gain":0,"max_hp_loss":5,"event_name":"Golden Idol","floor":2,"gold_loss":0},{"cards_removed":["Strike_G"],"damage_healed":0,"gold_gain":0,"player_choice":"Offered Basic","damage_taken":0,"max_hp_gain":0,"max_hp_loss":0,"event_name":"Bonfire Elementals","floor":8,"gold_loss":0}],"is_beta":false,"boss_relics":[],"items_purged_floors":[10],"is_endless":false,"potions_floor_spawned":[1,6,12,14],"killed_by":"Slime Boss","ascension_level":0}