{"gold_per_floor":[115,115,115,40,55,98,60,60,86,124,159,191,203,231,243,386,398,428,480,150,171,185,185,208,208],"floor_reached":25,"playtime":1252,"items_purged":["Injury","Strike_G"],"score":330,"play_id":"16d739a2-abb5-4726-8ff9-374628e11335","local_time":"20190313112810","is_ascension_mode":true,"campfire_choices":[{"floor":8,"key":"REST"},{"floor":15,"key":"REST"},{"floor":23,"key":"REST"}],"neow_cost":"NONE","seed_source_timestamp":2214149376827910,"circlet_count":0,"master_deck":["AscendersBane","Defend_G","Defend_G","Defend_G","Defend_G","Strike_G+1","Strike_G+1","Survivor","Neutralize","Masterful Stab","Caltrops","Dash","Well Laid Plans","Dagger Spray","Dodge and Roll","Footwork","Corpse Explosion","Die Die Die+1","Well Laid Plans+1","Dagger Throw+1","Bane","Caltrops","Deadly Poison+1","Deflect+1","Prepared+1"],"relics":["Ring of the Snake","Whetstone","Golden Idol","Darkstone Periapt","Bag of Marbles","Smiling Mask","MawBank","Astrolabe","Red Mask","Toxic Egg 2"],"potions_floor_usage":[10,16,16,22],"damage_taken":[{"damage":7,"enemies":"2 Louse","floor":1,"turns":3},{"damage":0,"enemies":"Jaw Worm","floor":5,"turns":3},{"damage":32,"enemies":"3 Sentries","floor":6,"turns":12},{"damage":18,"enemies":"Lagavulin","floor":10,"turns":6},{"damage":0,"enemies":"Cultist","floor":11,"turns":2},{"damage":4,"enemies":"Exordium Wildlife","floor":12,"turns":3},{"damage":1,"enemies":"Gremlin Gang","floor":14,"turns":4},{"damage":28,"enemies":"The Guardian","floor":16,"turns":17},{"damage":12,"enemies":"3 Byrds","floor":18,"turns":2},{"damage":0,"enemies":"Masked Bandits","floor":19,"turns":2},{"damage":0,"enemies":"Chosen","floor":21,"turns":4},{"damage":28,"enemies":"Centurion and Healer","floor":22,"turns":5},{"damage":12,"enemies":"Snecko","floor":24,"turns":5},{"damage":26,"enemies":"Snake Plant","floor":25,"turns":3}],"seed_played":"5636728260179001270","potions_obtained":[{"floor":5,"key":"Weak Potion"},{"floor":11,"key":"Weak Potion"},{"floor":14,"key":"SteroidPotion"},{"floor":19,"key":"FearPotion"},{"floor":24,"key":"Ancient Potion"}],"is_trial":false,"path_per_floor":["M","?","T","$","M","E","$","R","T","E","M","M","$","M","R","B",null,"M","?","$","M","M","R","M","M"],"character_chosen":"THE_SILENT","items_purchased":["Well Laid Plans","Toxic Egg 2","Caltrops"],"campfire_rested":3,"item_purchase_floors":[7,20,20],"current_hp_per_floor":[56,56,56,56,56,24,24,45,45,27,27,23,23,22,43,15,56,44,44,44,44,16,37,25,0],"gold":208,"neow_bonus":"RANDOM_COMMON_RELIC","is_prod":false,"is_daily":false,"chose_seed":false,"campfire_upgraded":0,"win_rate":0,"timestamp":1552490890,"path_taken":["M","?","?","?","M","E","$","R","T","E","M","M","$","M","R","BOSS","M","?","$","M","M","R","M","M"],"build_version":"2019-01-23","purchased_purges":2,"victory":false,"max_hp_per_floor":[70,70,70,70,70,70,70,70,70,70,70,70,70,70,70,70,70,70,70,70,70,70,70,70,70],"card_choices":[{"not_picked":["Blade Dance","Prepared"],"picked":"Masterful Stab","floor":1},{"not_picked":["Sucker Punch","Deflect"],"picked":"Caltrops","floor":5},{"not_picked":["Outmaneuver","Storm of Steel"],"picked":"Dash","floor":6},{"not_picked":["Bane","Blade Dance"],"picked":"Dagger Spray","floor":10},{"not_picked":["Blade Dance","Bane"],"picked":"Dodge and Roll","floor":11},{"not_picked":["Underhanded Strike","Bane","Dagger Spray"],"picked":"SKIP","floor":12},{"not_picked":["Concentrate","Sucker Punch"],"picked":"Footwork","floor":14},{"not_picked":["Malaise","Burst"],"picked":"Corpse Explosion","floor":16},{"not_picked":["Sucker Punch","Masterful Stab","Slice"],"picked":"SKIP","floor":18},{"not_picked":["All Out Attack","Dagger Spray"],"picked":"Bane","floor":19},{"not_picked":["Masterful Stab","Flying Knee"],"picked":"Deadly Poison+1","floor":21},{"not_picked":["Dash","Setup+1"],"picked":"Deflect+1","floor":22},{"not_picked":["Finisher","Deadly Poison+1"],"picked":"Prepared+1","floor":24}],"player_experience":379043,"relics_obtained":[{"floor":3,"key":"Darkstone Periapt"},{"floor":6,"key":"Bag of Marbles"},{"floor":9,"key":"Smiling Mask"},{"floor":10,"key":"MawBank"},{"floor":19,"key":"Red Mask"}],"event_choices":[{"damage_healed":0,"gold_gain":0,"player_choice":"Take Wound","damage_taken":0,"relics_obtained":["Golden Idol"],"max_hp_gain":0,"max_hp_loss":0,"event_name":"Golden Idol","floor":2,"gold_loss":0,"cards_obtained":["Injury"]},{"damage_healed":0,"gold_gain":0,"player_choice":"Fought Bandits","damage_taken":0,"max_hp_gain":0,"max_hp_loss":0,"event_name":"Masked Bandits","floor":19,"gold_loss":0}],"is_beta":false,"boss_relics":[{"not_picked":["Empty Cage","Tiny House"],"picked":"Astrolabe"}],"items_purged_floors":[4,20],"is_endless":false,"potions_floor_spawned":[5,11,14,19,24],"killed_by":"Snake Plant","ascension_level":11}