{"gold_per_floor":[113,113,126,126,126,126,146,71,71,71,71,81,99,134,134,210,210,229,179,13,13,13],"floor_reached":22,"playtime":700,"items_purged":[],"score":384,"play_id":"1567bac8-d82b-46b4-a490-d802ee670952","local_time":"20190622200132","is_ascension_mode":true,"campfire_choices":[{"data":"Flame Barrier","floor":6,"key":"SMITH"},{"data":"Defend_R","floor":11,"key":"SMITH"},{"floor":15,"key":"REST"}],"neow_cost":"NONE","seed_source_timestamp":853519676646576,"circlet_count":0,"master_deck":["AscendersBane","Defend_R+1","Defend_R","Defend_R","Defend_R","Corruption","Flame Barrier+1","Spot Weakness+1","Sword Boomerang","Double Tap","Double Tap","Rampage","Bite","Bite","Bite","Bite","Bite"],"relics":["Burning Blood","Ornamental Fan","Unceasing Top","StoneCalendar","Mark of Pain","Lantern"],"potions_floor_usage":[13,16,22],"damage_taken":[{"damage":7,"enemies":"Small Slimes","floor":1,"turns":4},{"damage":0,"enemies":"2 Louse","floor":3,"turns":4},{"damage":12,"enemies":"Cultist","floor":7,"turns":5},{"damage":8,"enemies":"Blue Slaver","floor":12,"turns":6},{"damage":8,"enemies":"Exordium Wildlife","floor":13,"turns":4},{"damage":50,"enemies":"Lagavulin","floor":14,"turns":8},{"damage":8,"enemies":"The Guardian","floor":16,"turns":10},{"damage":18,"enemies":"3 Byrds","floor":18,"turns":5},{"damage":35,"enemies":"2 Thieves","floor":19,"turns":5},{"damage":39,"enemies":"Colosseum Slavers","floor":22,"turns":3}],"seed_played":"-900345702097598382","potions_obtained":[{"floor":12,"key":"AttackPotion"},{"floor":14,"key":"FearPotion"},{"floor":16,"key":"Ancient Potion"},{"floor":19,"key":"Swift Potion"}],"is_trial":false,"path_per_floor":["M","?","M","?","$","R","M","?","T","?","R","M","M","E","R","B",null,"M","M","$","?","?"],"character_chosen":"IRONCLAD","items_purchased":["Lantern"],"campfire_rested":1,"item_purchase_floors":[20],"current_hp_per_floor":[67,67,73,73,73,73,67,67,67,67,67,65,63,19,41,39,66,54,25,25,25,0],"gold":13,"neow_bonus":"TRANSFORM_CARD","is_prod":false,"is_daily":false,"chose_seed":false,"campfire_upgraded":2,"win_rate":0,"timestamp":1561258892,"path_taken":["M","?","M","?","$","R","M","?","T","?","R","M","M","E","R","BOSS","M","M","$","?","?"],"build_version":"2019-01-23","purchased_purges":0,"victory":false,"max_hp_per_floor":[75,75,75,75,75,75,75,75,75,75,75,75,75,75,75,75,75,75,75,75,52,52],"card_choices":[{"not_picked":["Headbutt","Havoc"],"picked":"Flame Barrier","floor":1},{"not_picked":["True Grit","Iron Wave"],"picked":"Spot Weakness","floor":3},{"not_picked":["Perfected Strike","Combust"],"picked":"Spot Weakness","floor":7},{"not_picked":["Flex","Fire Breathing","Second Wind"],"picked":"SKIP","floor":12},{"not_picked":["Thunderclap","Havoc"],"picked":"Sword Boomerang","floor":13},{"not_picked":["Dropkick","Clash"],"picked":"Double Tap","floor":14},{"not_picked":["Bludgeon","Berserk"],"picked":"Double Tap","floor":16},{"not_picked":["Entrench","Havoc","Twin Strike"],"picked":"SKIP","floor":18},{"not_picked":["Headbutt","Clash"],"picked":"Rampage","floor":19}],"player_experience":1050601,"relics_obtained":[{"floor":9,"key":"Ornamental Fan"},{"floor":14,"key":"StoneCalendar"}],"event_choices":[{"damage_healed":0,"gold_gain":0,"player_choice":"Ignored","damage_taken":0,"max_hp_gain":0,"max_hp_loss":0,"event_name":"Golden Wing","floor":2,"gold_loss":0},{"damage_healed":0,"gold_gain":0,"player_choice":"Grow","damage_taken":0,"max_hp_gain":0,"max_hp_loss":0,"event_name":"Living Wall","floor":4,"gold_loss":0,"cards_upgraded":["Spot Weakness"]},{"cards_removed":["Strike_R"],"damage_healed":0,"gold_gain":0,"player_choice":"Card Removal","damage_taken":0,"max_hp_gain":0,"max_hp_loss":0,"event_name":"The Cleric","floor":8,"gold_loss":75},{"cards_removed":["Spot Weakness"],"damage_healed":0,"gold_gain":0,"player_choice":"Gave Card","damage_taken":0,"relics_obtained":["Unceasing Top"],"max_hp_gain":0,"max_hp_loss":0,"event_name":"WeMeetAgain","floor":10,"gold_loss":0},{"damage_healed":0,"gold_gain":0,"player_choice":"Became a vampire","damage_taken":0,"max_hp_gain":0,"max_hp_loss":23,"event_name":"Vampires","floor":21,"gold_loss":0,"cards_obtained":["Bite","Bite","Bite","Bite","Bite"]},{"damage_healed":0,"gold_gain":0,"player_choice":"Fight","damage_taken":0,"max_hp_gain":0,"max_hp_loss":0,"event_name":"Colosseum","floor":22,"gold_loss":0}],"is_beta":false,"boss_relics":[{"not_picked":["Astrolabe","Eternal Feather"],"picked":"Mark of Pain"}],"items_purged_floors":[],"is_endless":false,"potions_floor_spawned":[12,14,16,19],"killed_by":"Colosseum Slavers","ascension_level":19}