{"gold_per_floor":[18,18,31,31,44,44,77,77,77,411,411,426,158,100,100,195,195,218,237,237,260,98,98,98,113,113,151,66,66,97,112,112,112],"floor_reached":33,"playtime":1183,"items_purged":["Strike_B"],"score":686,"play_id":"6766e28c-3c6e-42c0-8ba6-d74dd21a6961","local_time":"20190629122614","is_ascension_mode":true,"campfire_choices":[{"data":"Zap","floor":6,"key":"SMITH"},{"floor":8,"key":"REST"},{"floor":11,"key":"REST"},{"floor":15,"key":"REST"},{"data":"Biased Cognition","floor":23,"key":"SMITH"},{"data":"Electrodynamics","floor":29,"key":"SMITH"},{"floor":32,"key":"REST"}],"neow_cost":"NO_GOLD","seed_source_timestamp":665533295691862,"circlet_count":0,"master_deck":["AscendersBane","Strike_B","Strike_B","Strike_B","Defend_B","Defend_B","Defend_B","Defend_B","Zap+1","Dualcast","All For One","White Noise","Ball Lightning","Beam Cell","Sweeping Beam","Electrodynamics+1","Self Repair","Biased Cognition+1","Cold Snap","Glacier","Heatsinks","Fusion","Capacitor","Conserve Battery","White Noise"],"relics":["Cracked Core","Golden Idol","Mercury Hourglass","Bottled Flame","Old Coin","Mummified Hand","Eternal Feather","Dead Branch","CultistMask","Du-Vu Doll","Happy Flower","Question Card"],"potions_floor_usage":[27,30],"damage_taken":[{"damage":7,"enemies":"Jaw Worm","floor":1,"turns":4},{"damage":8,"enemies":"Small Slimes","floor":3,"turns":4},{"damage":4,"enemies":"2 Louse","floor":5,"turns":3},{"damage":40,"enemies":"3 Sentries","floor":7,"turns":7},{"damage":20,"enemies":"Lagavulin","floor":10,"turns":6},{"damage":7,"enemies":"Exordium Wildlife","floor":12,"turns":2},{"damage":0,"enemies":"Slime Boss","floor":16,"turns":4},{"damage":14,"enemies":"3 Byrds","floor":18,"turns":3},{"damage":0,"enemies":"Spheric Guardian","floor":19,"turns":2},{"damage":20,"enemies":"Snecko","floor":21,"turns":5},{"damage":5,"enemies":"Sentry and Sphere","floor":25,"turns":5},{"damage":3,"enemies":"Gremlin Leader","floor":27,"turns":6},{"damage":25,"enemies":"Book of Stabbing","floor":30,"turns":4},{"damage":41,"enemies":"Shelled Parasite and Fungi","floor":31,"turns":4},{"damage":82,"enemies":"Champ","floor":33,"turns":8}],"seed_played":"-7896500856583584197","potions_obtained":[{"floor":5,"key":"Dexterity Potion"},{"floor":16,"key":"FairyPotion"},{"floor":18,"key":"PowerPotion"},{"floor":21,"key":"PowerPotion"},{"floor":30,"key":"Energy Potion"},{"floor":31,"key":"SmokeBomb"}],"is_trial":false,"path_per_floor":["M","?","M","?","M","R","E","R","T","E","R","M","$","?","R","B",null,"M","M","?","M","$","R","?","M","T","E","$","R","E","M","R","B"],"character_chosen":"DEFECT","items_purchased":["Mummified Hand","Heatsinks","Capacitor"],"campfire_rested":4,"item_purchase_floors":[13,22,28],"current_hp_per_floor":[57,57,49,49,45,45,5,24,24,4,23,16,16,16,35,42,59,59,59,59,46,46,58,58,60,60,64,64,64,53,19,53,0],"gold":112,"neow_bonus":"THREE_RARE_CARDS","is_prod":false,"is_daily":false,"chose_seed":false,"campfire_upgraded":3,"win_rate":0,"timestamp":1561825574,"path_taken":["M","?","M","?","M","R","E","R","T","E","R","M","$","?","R","BOSS","M","M","?","?","$","R","?","M","T","E","$","R","E","M","R","BOSS"],"build_version":"2019-01-23","purchased_purges":1,"victory":false,"max_hp_per_floor":[71,64,64,64,64,64,64,64,64,64,64,64,64,64,64,64,64,64,64,64,64,64,64,64,64,64,64,64,64,64,64,64,64],"card_choices":[{"not_picked":["Fission","Machine Learning"],"picked":"All For One","floor":0},{"not_picked":["Go for the Eyes","Coolheaded"],"picked":"White Noise","floor":1},{"not_picked":["Rebound","Hologram"],"picked":"Ball Lightning","floor":3},{"not_picked":["Recycle","Aggregate"],"picked":"Beam Cell","floor":5},{"not_picked":["Hologram","Redo"],"picked":"Sweeping Beam","floor":7},{"not_picked":["Steam","Turbo"],"picked":"Electrodynamics","floor":10},{"not_picked":["Turbo","Coolheaded"],"picked":"Self Repair","floor":12},{"not_picked":["All For One","Fission"],"picked":"Biased Cognition","floor":16},{"not_picked":["Skim","Double Energy"],"picked":"Cold Snap","floor":18},{"not_picked":["Rebound","Consume","Compile Driver"],"picked":"SKIP","floor":19},{"not_picked":["Tempest","Turbo"],"picked":"Glacier","floor":21},{"not_picked":["Barrage","Redo+1","Rebound"],"picked":"SKIP","floor":25},{"not_picked":["Melter","Compile Driver"],"picked":"Fusion","floor":27},{"not_picked":["Beam Cell","All For One"],"picked":"Conserve Battery","floor":30},{"not_picked":["Skim","Leap+1","Cold Snap"],"picked":"White Noise","floor":31}],"player_experience":992853,"relics_obtained":[{"floor":7,"key":"Mercury Hourglass"},{"floor":9,"key":"Bottled Flame"},{"floor":10,"key":"Old Coin"},{"floor":26,"key":"Du-Vu Doll"},{"floor":27,"key":"Happy Flower"},{"floor":30,"key":"Question Card"}],"event_choices":[{"damage_healed":0,"gold_gain":0,"player_choice":"Lose Max HP","damage_taken":0,"relics_obtained":["Golden Idol"],"max_hp_gain":0,"max_hp_loss":7,"event_name":"Golden Idol","floor":2,"gold_loss":0},{"damage_healed":0,"gold_gain":0,"player_choice":"Ignored","damage_taken":0,"max_hp_gain":0,"max_hp_loss":0,"event_name":"Liars Game","floor":4,"gold_loss":0},{"damage_healed":0,"gold_gain":0,"player_choice":"Left Gold","damage_taken":0,"max_hp_gain":0,"max_hp_loss":0,"event_name":"World of Goop","floor":14,"gold_loss":58},{"damage_healed":0,"gold_gain":0,"player_choice":"Gave Potion","damage_taken":0,"relics_obtained":["Dead Branch"],"max_hp_gain":0,"max_hp_loss":0,"event_name":"WeMeetAgain","floor":20,"gold_loss":0},{"damage_healed":0,"gold_gain":0,"player_choice":"Trade","damage_taken":0,"relics_obtained":["CultistMask"],"max_hp_gain":0,"max_hp_loss":0,"event_name":"FaceTrader","floor":24,"gold_loss":0}],"is_beta":false,"boss_relics":[{"not_picked":["Empty Cage","Tiny House"],"picked":"Eternal Feather"}],"items_purged_floors":[22],"is_endless":false,"potions_floor_spawned":[5,16,18,21,30,31],"killed_by":"Champ","ascension_level":20}