{"gold_per_floor":[115,53,73,91,16,16,30,56,56,56,71,82,93,93,93,168,168,48,19,19,19,19,19,19],"floor_reached":24,"playtime":1401,"items_purged":[],"score":400,"play_id":"05ee95c3-33be-442f-9316-8da2e011be9e","local_time":"20190607101644","is_ascension_mode":true,"campfire_choices":[{"data":"Poisoned Stab","floor":6,"key":"SMITH"},{"floor":10,"key":"REST"},{"data":"Neutralize","floor":15,"key":"SMITH"},{"floor":23,"key":"REST"}],"neow_cost":"NONE","seed_source_timestamp":295002033889308,"circlet_count":0,"master_deck":["AscendersBane","Defend_G","Defend_G","Defend_G","Defend_G","Defend_G","Strike_G","Strike_G","Strike_G","Strike_G","Survivor","Neutralize+1","Flechettes","Poisoned Stab+1","Poisoned Stab","Footwork+1","Dagger Spray","After Image+1","Sucker Punch","Tools of the Trade+1","Deadly Poison","Bane","Caltrops+1","Bane"],"relics":["Ring of the Snake","NeowsBlessing","Darkstone Periapt","Frozen Egg 2","Ectoplasm","MutagenicStrength"],"potions_floor_usage":[8,16,16,21,21],"damage_taken":[{"damage":0,"enemies":"Jaw Worm","floor":1,"turns":1},{"damage":0,"enemies":"Small Slimes","floor":3,"turns":1},{"damage":0,"enemies":"2 Louse","floor":4,"turns":1},{"damage":19,"enemies":"Large Slime","floor":7,"turns":7},{"damage":24,"enemies":"Lagavulin","floor":8,"turns":4},{"damage":2,"enemies":"2 Fungi Beasts","floor":11,"turns":5},{"damage":14,"enemies":"Exordium Thugs","floor":12,"turns":7},{"damage":0,"enemies":"Blue Slaver","floor":13,"turns":5},{"damage":4,"enemies":"The Guardian","floor":16,"turns":12},{"damage":27,"enemies":"2 Thieves","floor":18,"turns":5},{"damage":17,"enemies":"Spheric Guardian","floor":20,"turns":6},{"damage":6,"enemies":"Chosen and Byrds","floor":21,"turns":5},{"damage":22,"enemies":"Book of Stabbing","floor":24,"turns":4}],"seed_played":"-1188001979897817217","potions_obtained":[{"floor":1,"key":"LiquidBronze"},{"floor":7,"key":"FearPotion"},{"floor":8,"key":"Ancient Potion"},{"floor":12,"key":"SteroidPotion"},{"floor":16,"key":"LiquidBronze"},{"floor":20,"key":"AttackPotion"}],"is_trial":false,"path_per_floor":["M","?","M","M","?","R","M","E","T","R","M","M","M","?","R","B",null,"M","$","M","M","?","R","E"],"character_chosen":"THE_SILENT","items_purchased":["Bane"],"campfire_rested":2,"item_purchase_floors":[19],"current_hp_per_floor":[59,59,59,59,59,59,40,16,16,35,33,19,19,19,19,15,53,26,26,9,3,3,22,0],"gold":19,"neow_bonus":"THREE_ENEMY_KILL","is_prod":false,"is_daily":false,"chose_seed":false,"campfire_upgraded":2,"win_rate":0,"timestamp":1559917004,"path_taken":["M","?","M","M","?","R","M","E","T","R","M","?","M","?","R","BOSS","M","$","M","M","?","R","E"],"build_version":"2019-01-23","purchased_purges":0,"victory":false,"max_hp_per_floor":[66,66,66,66,66,66,66,66,66,66,66,66,66,66,66,66,66,66,66,66,66,66,66,66],"card_choices":[{"not_picked":["Blade Dance","Sucker Punch"],"picked":"Flechettes","floor":1},{"not_picked":["Acrobatics","Distraction","Prepared"],"picked":"SKIP","floor":3},{"not_picked":["Slice","Acrobatics"],"picked":"Poisoned Stab","floor":4},{"not_picked":["Blade Dance","Crippling Poison"],"picked":"Poisoned Stab","floor":7},{"not_picked":["Escape Plan","Slice"],"picked":"Footwork","floor":8},{"not_picked":["Well Laid Plans+1","Accuracy+1"],"picked":"Dagger Spray","floor":11},{"not_picked":["Dash","Backflip"],"picked":"After Image+1","floor":12},{"not_picked":["Dagger Throw","Quick Slash"],"picked":"Sucker Punch","floor":13},{"not_picked":["Glass Knife","Malaise"],"picked":"Tools of the Trade+1","floor":16},{"not_picked":["Setup","Deflect"],"picked":"Deadly Poison","floor":18},{"not_picked":["Reflex","Outmaneuver"],"picked":"Caltrops+1","floor":20},{"not_picked":["Acrobatics","Prepared"],"picked":"Bane","floor":21}],"player_experience":854153,"relics_obtained":[{"floor":8,"key":"Darkstone Periapt"},{"floor":9,"key":"Frozen Egg 2"}],"event_choices":[{"damage_healed":0,"gold_gain":0,"player_choice":"Left Gold","damage_taken":0,"max_hp_gain":0,"max_hp_loss":0,"event_name":"World of Goop","floor":2,"gold_loss":62},{"cards_removed":["Strike_G"],"damage_healed":0,"gold_gain":0,"player_choice":"Card Removal","damage_taken":0,"max_hp_gain":0,"max_hp_loss":0,"event_name":"The Cleric","floor":5,"gold_loss":75},{"damage_healed":0,"gold_gain":0,"player_choice":"Grow","damage_taken":0,"max_hp_gain":0,"max_hp_loss":0,"event_name":"Living Wall","floor":14,"gold_loss":0,"cards_upgraded":["Footwork"]},{"damage_healed":0,"gold_gain":0,"player_choice":"Inject Mutagens","damage_taken":0,"relics_obtained":["MutagenicStrength"],"max_hp_gain":0,"max_hp_loss":0,"event_name":"Drug Dealer","floor":22,"gold_loss":0}],"is_beta":false,"boss_relics":[{"not_picked":["Velvet Choker","Pandora\u0027s Box"],"picked":"Ectoplasm"}],"items_purged_floors":[],"is_endless":false,"potions_floor_spawned":[1,7,8,12,13,16,20],"killed_by":"Book of Stabbing","ascension_level":20}