{"gold_per_floor":[115,130,280,205,205,205,260,260,260,260,240,265,176,192,192,192],"floor_reached":16,"playtime":318,"items_purged":[],"score":207,"play_id":"040e9a38-676e-450d-99dd-987464289b98","local_time":"20190628213744","is_ascension_mode":true,"campfire_choices":[{"data":"Perfected Strike","floor":6,"key":"SMITH"},{"data":"Limit Break","floor":8,"key":"SMITH"},{"data":"Perfected Strike","floor":10,"key":"SMITH"},{"data":"Flame Barrier","floor":15,"key":"SMITH"}],"neow_cost":"NONE","seed_source_timestamp":1378073005549822,"circlet_count":0,"master_deck":["AscendersBane","Strike_R","Strike_R","Strike_R","Strike_R","Strike_R","Defend_R","Defend_R","Defend_R","Defend_R","Bash","Perfected Strike+1","Perfected Strike+1","Regret","Limit Break+1","Double Tap","Seeing Red","Flame Barrier+1"],"relics":["Burning Blood","Self Forming Clay","Tiny Chest","Frozen Egg 2","Bronze Scales"],"potions_floor_usage":[12,14,14],"damage_taken":[{"damage":4,"enemies":"Small Slimes","floor":1,"turns":4},{"damage":9,"enemies":"Jaw Worm","floor":2,"turns":4},{"damage":31,"enemies":"Lagavulin","floor":7,"turns":5},{"damage":10,"enemies":"Gremlin Nob","floor":12,"turns":3},{"damage":4,"enemies":"2 Louse","floor":14,"turns":2},{"damage":51,"enemies":"The Guardian","floor":16,"turns":6}],"seed_played":"-6098356133263639584","potions_obtained":[{"floor":2,"key":"Swift Potion"},{"floor":11,"key":"AttackPotion"},{"floor":12,"key":"Energy Potion"}],"is_trial":false,"path_per_floor":["M","M","?","?","?","R","E","R","T","R","?","E","$","M","R","B"],"character_chosen":"IRONCLAD","items_purchased":["Seeing Red"],"campfire_rested":0,"item_purchase_floors":[13],"current_hp_per_floor":[77,74,74,74,74,74,49,49,49,49,49,45,45,47,47,0],"gold":192,"neow_bonus":"TEN_PERCENT_HP_BONUS","is_prod":false,"is_daily":false,"chose_seed":false,"campfire_upgraded":4,"win_rate":0,"timestamp":1561783064,"path_taken":["M","M","?","?","?","R","E","R","T","R","?","E","$","?","R","BOSS"],"build_version":"2019-01-23","purchased_purges":0,"victory":false,"max_hp_per_floor":[82,82,82,82,82,82,82,82,82,82,82,82,82,82,82,82],"card_choices":[{"not_picked":["Clothesline","Body Slam"],"picked":"Perfected Strike","floor":1},{"not_picked":["Shrug It Off","Headbutt"],"picked":"Perfected Strike","floor":2},{"not_picked":["Sword Boomerang","Dropkick"],"picked":"Limit Break","floor":7},{"not_picked":["Body Slam","Pommel Strike"],"picked":"Double Tap","floor":12},{"not_picked":["Clothesline","Shrug It Off"],"picked":"Flame Barrier","floor":14}],"player_experience":1103253,"relics_obtained":[{"floor":7,"key":"Tiny Chest"},{"floor":9,"key":"Frozen Egg 2"},{"floor":12,"key":"Bronze Scales"}],"event_choices":[{"damage_healed":0,"gold_gain":150,"player_choice":"AGREE","damage_taken":0,"max_hp_gain":0,"max_hp_loss":0,"event_name":"Liars Game","floor":3,"gold_loss":0,"cards_obtained":["Doubt"]},{"cards_removed":["Doubt"],"damage_healed":0,"gold_gain":0,"player_choice":"Card Removal","damage_taken":0,"max_hp_gain":0,"max_hp_loss":0,"event_name":"The Cleric","floor":4,"gold_loss":75},{"damage_healed":0,"gold_gain":0,"player_choice":"Box","damage_taken":0,"relics_obtained":["Self Forming Clay"],"max_hp_gain":0,"max_hp_loss":0,"event_name":"Big Fish","floor":5,"gold_loss":0,"cards_obtained":["Regret"]},{"damage_healed":0,"gold_gain":0,"player_choice":"Bought 1 Potion","damage_taken":0,"max_hp_gain":0,"max_hp_loss":0,"event_name":"The Woman in Blue","floor":11,"gold_loss":0}],"is_beta":false,"boss_relics":[],"items_purged_floors":[],"is_endless":false,"potions_floor_spawned":[2,12],"killed_by":"The Guardian","ascension_level":19}