{"gold_per_floor":[110,130,144,244,262,262,297,308,335,354,374,388,408,408],"floor_reached":14,"playtime":426,"items_purged":[],"score":191,"play_id":"c6bc763b-e996-435a-97a7-9e46ed6032f9","local_time":"20190701224038","is_ascension_mode":true,"campfire_choices":[{"data":"Backstab","floor":6,"key":"SMITH"}],"neow_cost":"NONE","seed_source_timestamp":1640938337290005,"circlet_count":0,"master_deck":["AscendersBane","Strike_G","Strike_G","Strike_G","Strike_G","Strike_G","Defend_G","Defend_G","Defend_G","Defend_G","Defend_G","Survivor","Neutralize","Backstab+1","Underhanded Strike","Blur","Dagger Spray","Die Die Die","Poisoned Stab","Footwork","Footwork","Bullet Time","Poisoned Stab"],"relics":["Ring of the Snake","Bronze Scales","Blood Vial"],"potions_floor_usage":[8,12],"damage_taken":[{"damage":0,"enemies":"Cultist","floor":1,"turns":4},{"damage":0,"enemies":"Small Slimes","floor":2,"turns":4},{"damage":0,"enemies":"2 Louse","floor":3,"turns":3},{"damage":2,"enemies":"2 Fungi Beasts","floor":5,"turns":3},{"damage":54,"enemies":"Gremlin Nob","floor":7,"turns":5},{"damage":0,"enemies":"Blue Slaver","floor":8,"turns":3},{"damage":1,"enemies":"Red Slaver","floor":10,"turns":2},{"damage":0,"enemies":"3 Louse","floor":11,"turns":2},{"damage":0,"enemies":"Large Slime","floor":12,"turns":3},{"damage":9,"enemies":"2 Fungi Beasts","floor":13,"turns":3},{"damage":9,"enemies":"Blue Slaver","floor":14,"turns":1}],"seed_played":"4105645705133480194","potions_obtained":[{"floor":5,"key":"Strength Potion"},{"floor":7,"key":"Block Potion"},{"floor":11,"key":"Fire Potion"},{"floor":13,"key":"Weak Potion"}],"is_trial":false,"path_per_floor":["M","M","M","?","M","R","E","M","T","M","M","M","M","M"],"character_chosen":"THE_SILENT","items_purchased":[],"campfire_rested":0,"item_purchase_floors":[],"current_hp_per_floor":[65,65,65,65,63,63,9,9,9,10,12,14,7,0],"gold":408,"neow_bonus":"TEN_PERCENT_HP_BONUS","is_prod":false,"is_daily":false,"chose_seed":false,"campfire_upgraded":1,"win_rate":0,"timestamp":1562046038,"path_taken":["M","M","?","?","?","R","E","M","T","M","M","M","M","M"],"build_version":"2019-07-01","purchased_purges":0,"victory":false,"max_hp_per_floor":[72,72,72,72,72,72,72,72,72,72,72,72,72,72],"card_choices":[{"not_picked":["Poisoned Stab","Acrobatics"],"picked":"Backstab","floor":1},{"not_picked":["Dodge and Roll","Predator"],"picked":"Underhanded Strike","floor":2},{"not_picked":["PiercingWail","Dagger Throw"],"picked":"Blur","floor":3},{"not_picked":["Poisoned Stab","Flechettes"],"picked":"Dagger Spray","floor":5},{"not_picked":["Outmaneuver","Poisoned Stab"],"picked":"Die Die Die","floor":7},{"not_picked":["Blade Dance","Bane"],"picked":"Poisoned Stab","floor":8},{"not_picked":["Sucker Punch","Flechettes"],"picked":"Footwork","floor":10},{"not_picked":["Bouncing Flask","Tactician"],"picked":"Footwork","floor":11},{"not_picked":["Footwork","Backflip"],"picked":"Bullet Time","floor":12},{"not_picked":["Dodge and Roll","Caltrops"],"picked":"Poisoned Stab","floor":13}],"player_experience":1114559,"relics_obtained":[{"floor":7,"key":"Bronze Scales"},{"floor":9,"key":"Blood Vial"}],"event_choices":[{"damage_healed":0,"gold_gain":100,"player_choice":"Gold","damage_taken":0,"max_hp_gain":0,"max_hp_loss":0,"event_name":"Wheel of Change","floor":4,"gold_loss":0}],"is_beta":false,"boss_relics":[],"items_purged_floors":[],"is_endless":false,"potions_floor_spawned":[5,7,11,13],"killed_by":"Blue Slaver","ascension_level":19}