{"gold_per_floor":[111,123,140,90,109,109,125,125,125,152,152,152,166,91,91,186,186,203,193,212,38,53,53,71,89,144,144,174,174,174,144,144,239,239,255,271,271,17,32,32,32,132,132,149,162,3,21,40,40,40],"floor_reached":51,"playtime":4015,"items_purged":["Defend_G","Strike_G","Strike_G"],"score":623,"play_id":"62369ec6-518e-41bb-a88e-c01a7e396419","local_time":"20190630215954","is_ascension_mode":false,"campfire_choices":[{"data":"Terror","floor":6,"key":"SMITH"},{"floor":11,"key":"REST"},{"floor":15,"key":"REST"},{"floor":23,"key":"REST"},{"floor":27,"key":"REST"},{"floor":29,"key":"REST"},{"data":"Night Terror","floor":32,"key":"SMITH"},{"data":"Mayhem","floor":41,"key":"SMITH"},{"floor":49,"key":"REST"}],"neow_cost":"NONE","seed_source_timestamp":676958741727975,"circlet_count":0,"master_deck":["Defend_G","Defend_G","Survivor","Neutralize+1","PiercingWail","Terror+1","Underhanded Strike","Leg Sweep+1","Flying Knee","Night Terror+1","Tactician+1","Sucker Punch+1","Distraction+1","Heel Hook+1","Dagger Spray+1","Heel Hook","Glass Knife","Backflip+1","Well Laid Plans+1","Prepared","After Image","Blade Dance+1","Mayhem+1","Heel Hook+1","Shame","Footwork","Crippling Poison","Cloak And Dagger","Acrobatics+1"],"relics":["Ring of the Snake","Meat on the Bone","Letter Opener","Astrolabe","Blood Vial","Bottled Lightning","Cursed Key","Bottled Tornado","FossilizedHelix","Art of War"],"potions_floor_usage":[7,16,16,20,25,33,33,33,42,42,47,50],"damage_taken":[{"damage":0,"enemies":"Cultist","floor":1,"turns":4},{"damage":4,"enemies":"2 Louse","floor":2,"turns":2},{"damage":0,"enemies":"Jaw Worm","floor":3,"turns":7},{"damage":5,"enemies":"3 Louse","floor":5,"turns":4},{"damage":0,"enemies":"2 Fungi Beasts","floor":7,"turns":4},{"damage":45,"enemies":"Lagavulin","floor":10,"turns":8},{"damage":0,"enemies":"Red Slaver","floor":13,"turns":3},{"damage":42,"enemies":"Hexaghost","floor":16,"turns":16},{"damage":12,"enemies":"Spheric Guardian","floor":18,"turns":6},{"damage":3,"enemies":"2 Thieves","floor":19,"turns":4},{"damage":15,"enemies":"Centurion and Healer","floor":20,"turns":9},{"damage":16,"enemies":"Snake Plant","floor":22,"turns":4},{"damage":8,"enemies":"Cultist and Chosen","floor":24,"turns":6},{"damage":3,"enemies":"3 Cultists","floor":25,"turns":3},{"damage":21,"enemies":"Book of Stabbing","floor":28,"turns":5},{"damage":27,"enemies":"Automaton","floor":33,"turns":10},{"damage":0,"enemies":"Orb Walker","floor":35,"turns":3},{"damage":14,"enemies":"3 Darklings","floor":36,"turns":5},{"damage":2,"enemies":"Writhing Mass","floor":39,"turns":6},{"damage":0,"enemies":"Mind Bloom Boss Battle","floor":42,"turns":6},{"damage":36,"enemies":"Jaw Worm Horde","floor":44,"turns":5},{"damage":0,"enemies":"Spire Growth","floor":45,"turns":4},{"damage":26,"enemies":"4 Shapes","floor":47,"turns":5},{"damage":0,"enemies":"Maw","floor":48,"turns":7},{"damage":55,"enemies":"Donu and Deca","floor":50,"turns":12}],"seed_played":"5735111564092375401","potions_obtained":[{"floor":3,"key":"Swift Potion"},{"floor":10,"key":"Poison Potion"},{"floor":13,"key":"Swift Potion"},{"floor":19,"key":"EssenceOfSteel"},{"floor":24,"key":"Strength Potion"},{"floor":28,"key":"Regen Potion"},{"floor":31,"key":"PowerPotion"},{"floor":31,"key":"Fire Potion"},{"floor":36,"key":"Fire Potion"},{"floor":39,"key":"AttackPotion"},{"floor":44,"key":"EssenceOfSteel"},{"floor":48,"key":"PowerPotion"}],"is_trial":false,"path_per_floor":["M","M","M","?","M","R","M","?","T","E","R","?","M","$","R","B",null,"M","M","M","$","M","R","M","M","T","R","E","R","?","?","R","B",null,"M","M","?","$","M","?","R","?","T","M","M","$","M","M","R","B",null],"character_chosen":"THE_SILENT","items_purchased":["Heel Hook","Bottled Tornado","Crippling Poison"],"campfire_rested":6,"item_purchase_floors":[21,38,46],"current_hp_per_floor":[70,66,66,66,61,61,61,58,58,25,46,46,46,46,67,37,70,58,55,40,40,36,57,49,46,46,67,48,69,69,69,69,54,70,70,56,56,56,56,56,56,58,58,36,38,38,26,40,61,20],"gold":40,"neow_bonus":"UPGRADE_CARD","is_prod":false,"is_daily":false,"chose_seed":false,"campfire_upgraded":3,"win_rate":0,"timestamp":1561957194,"path_taken":["M","M","M","?","M","R","M","?","T","E","R","?","?","$","R","BOSS","M","M","M","$","M","R","M","M","T","R","E","R","?","?","R","BOSS","M","M","?","$","M","?","R","?","T","?","M","$","M","M","R","BOSS"],"build_version":"2019-01-23","purchased_purges":3,"victory":true,"max_hp_per_floor":[70,70,70,70,70,70,70,70,70,70,70,70,70,70,70,70,70,70,70,70,70,70,70,70,70,70,70,70,70,70,70,70,70,70,70,70,70,70,70,70,70,70,70,70,70,70,70,70,70,70],"card_choices":[{"not_picked":["Underhanded Strike","Bane"],"picked":"PiercingWail","floor":1},{"not_picked":["Riddle With Holes","Outmaneuver","Distraction"],"picked":"SKIP","floor":2},{"not_picked":["Caltrops","Flying Knee"],"picked":"Terror","floor":3},{"not_picked":["Acrobatics","Infinite Blades"],"picked":"Underhanded Strike","floor":5},{"not_picked":["Backstab","Acrobatics"],"picked":"Leg Sweep","floor":7},{"not_picked":["Sucker Punch","Bane"],"picked":"Flying Knee","floor":10},{"not_picked":["Eviscerate","Bane","Calculated Gamble"],"picked":"SKIP","floor":13},{"not_picked":["A Thousand Cuts","Venomology"],"picked":"Night Terror","floor":16},{"not_picked":["Reflex","Backstab"],"picked":"Heel Hook+1","floor":18},{"not_picked":["Outmaneuver","Flying Knee+1"],"picked":"Dagger Spray+1","floor":19},{"not_picked":["All Out Attack","Bane","Prepared"],"picked":"SKIP","floor":20},{"not_picked":["Prepared","Riddle With Holes+1"],"picked":"Glass Knife","floor":22},{"not_picked":["Calculated Gamble","Dodge and Roll","Slice"],"picked":"SKIP","floor":24},{"not_picked":["PiercingWail+1","Dodge and Roll+1"],"picked":"Backflip+1","floor":25},{"not_picked":["Slice","Dagger Throw"],"picked":"Well Laid Plans+1","floor":28},{"not_picked":["Bullet Time","Storm of Steel"],"picked":"After Image","floor":33},{"not_picked":["Leg Sweep+1","Flechettes"],"picked":"Blade Dance+1","floor":35},{"not_picked":["Quick Slash","Tactician","Reflex"],"picked":"SKIP","floor":36},{"not_picked":["Crippling Poison","Slice","Bouncing Flask+1"],"picked":"SKIP","floor":39},{"not_picked":["Blind","Enlightenment"],"picked":"Mayhem","floor":40},{"not_picked":["Blade Dance+1","Slice+1"],"picked":"Heel Hook+1","floor":42},{"not_picked":["Slice+1","Blade Dance+1","Backstab"],"picked":"SKIP","floor":44},{"not_picked":["Heel Hook+1","Well Laid Plans+1"],"picked":"Footwork","floor":45},{"not_picked":["Concentrate","Flechettes"],"picked":"Cloak And Dagger","floor":47},{"not_picked":["Quick Slash+1","Terror+1"],"picked":"Acrobatics+1","floor":48}],"player_experience":552535,"relics_obtained":[{"floor":9,"key":"Meat on the Bone"},{"floor":10,"key":"Letter Opener"},{"floor":26,"key":"Blood Vial"},{"floor":28,"key":"Bottled Lightning"},{"floor":42,"key":"FossilizedHelix"},{"floor":43,"key":"Art of War"}],"event_choices":[{"cards_removed":["Strike_G"],"damage_healed":0,"gold_gain":0,"player_choice":"Card Removal","damage_taken":0,"max_hp_gain":0,"max_hp_loss":0,"event_name":"The Cleric","floor":4,"gold_loss":50},{"damage_healed":0,"gold_gain":0,"player_choice":"Fled","damage_taken":3,"max_hp_gain":0,"max_hp_loss":0,"event_name":"Scrap Ooze","floor":8,"gold_loss":0},{"damage_healed":0,"gold_gain":0,"player_choice":"Grow","damage_taken":0,"max_hp_gain":0,"max_hp_loss":0,"event_name":"Living Wall","floor":12,"gold_loss":0,"cards_upgraded":["Leg Sweep"]},{"damage_healed":0,"gold_gain":0,"player_choice":"Read","damage_taken":0,"max_hp_gain":0,"max_hp_loss":0,"event_name":"The Library","floor":30,"gold_loss":0,"cards_obtained":["Prepared"]},{"damage_healed":0,"gold_gain":0,"player_choice":"Bought 2 Potions","damage_taken":0,"max_hp_gain":0,"max_hp_loss":0,"event_name":"The Woman in Blue","floor":31,"gold_loss":0},{"cards_removed":["Defend_G"],"damage_healed":0,"gold_gain":0,"player_choice":"Removed Skill","damage_taken":0,"max_hp_gain":0,"max_hp_loss":0,"event_name":"Falling","floor":37,"gold_loss":0},{"damage_healed":0,"gold_gain":0,"player_choice":"Memory 1","damage_taken":0,"max_hp_gain":0,"max_hp_loss":0,"event_name":"SensoryStone","floor":40,"gold_loss":0},{"damage_healed":0,"gold_gain":0,"player_choice":"Fight","damage_taken":0,"max_hp_gain":0,"max_hp_loss":0,"event_name":"MindBloom","floor":42,"gold_loss":0}],"is_beta":false,"boss_relics":[{"not_picked":["Ectoplasm","HoveringKite"],"picked":"Astrolabe"},{"not_picked":["Velvet Choker","WristBlade"],"picked":"Cursed Key"}],"items_purged_floors":[14,21,46],"is_endless":false,"potions_floor_spawned":[3,10,13,19,24,28,36,39,44,48],"ascension_level":0}