{"gold_per_floor":[111,130,149,149,65,65,99,99,125,139,154,169,169,0,0,0],"floor_reached":16,"playtime":554,"items_purged":[],"score":194,"play_id":"5848d783-f617-4448-afa5-a8fe76940605","local_time":"20190613223009","is_ascension_mode":true,"campfire_choices":[{"data":"Sever Soul","floor":6,"key":"SMITH"},{"data":"Ghostly Armor","floor":8,"key":"SMITH"},{"data":"Pommel Strike","floor":13,"key":"SMITH"},{"data":"True Grit","floor":15,"key":"SMITH"}],"neow_cost":"TEN_PERCENT_HP_LOSS","seed_source_timestamp":84992232274384,"circlet_count":0,"master_deck":["AscendersBane","Strike_R","Strike_R","Strike_R+1","Strike_R","Defend_R","Defend_R","Defend_R","Defend_R","Bash","Whirlwind+1","Sever Soul+1","Wild Strike","Carnage","Ghostly Armor+1","True Grit+1","Feel No Pain","Pommel Strike+1"],"relics":["Burning Blood","FossilizedHelix","Blood Vial","Ancient Tea Set","Whetstone"],"potions_floor_usage":[2,7],"damage_taken":[{"damage":0,"enemies":"Cultist","floor":1,"turns":3},{"damage":2,"enemies":"2 Louse","floor":2,"turns":3},{"damage":0,"enemies":"Jaw Worm","floor":3,"turns":2},{"damage":37,"enemies":"Lagavulin","floor":7,"turns":7},{"damage":0,"enemies":"2 Fungi Beasts","floor":10,"turns":2},{"damage":16,"enemies":"Exordium Thugs","floor":11,"turns":5},{"damage":0,"enemies":"Large Slime","floor":12,"turns":5},{"damage":53,"enemies":"Hexaghost","floor":16,"turns":11}],"seed_played":"-4911928392477734706","potions_obtained":[{"floor":1,"key":"SteroidPotion"},{"floor":3,"key":"Block Potion"},{"floor":10,"key":"FearPotion"}],"is_trial":false,"path_per_floor":["M","M","M","?","$","R","E","R","T","M","M","M","R","$","R","B"],"character_chosen":"IRONCLAD","items_purchased":["Carnage","Whetstone"],"campfire_rested":0,"item_purchase_floors":[5,14],"current_hp_per_floor":[68,68,68,68,68,68,37,37,37,45,37,45,45,45,45,0],"gold":0,"neow_bonus":"ONE_RARE_RELIC","is_prod":false,"is_daily":false,"chose_seed":false,"campfire_upgraded":4,"win_rate":0,"timestamp":1560490209,"path_taken":["M","?","M","?","$","R","E","R","T","M","M","M","R","$","R","BOSS"],"build_version":"2019-01-23","purchased_purges":0,"victory":false,"max_hp_per_floor":[68,68,68,68,68,68,68,68,68,68,68,68,68,68,68,68],"card_choices":[{"not_picked":["Flex","Burning Pact"],"picked":"Whirlwind","floor":1},{"not_picked":["Anger","Uppercut"],"picked":"Sever Soul","floor":2},{"not_picked":["Clash","Thunderclap"],"picked":"Wild Strike","floor":3},{"not_picked":["Sword Boomerang","Disarm"],"picked":"Ghostly Armor","floor":7},{"not_picked":["Sword Boomerang","Flame Barrier"],"picked":"True Grit","floor":10},{"not_picked":["Ghostly Armor","Cleave"],"picked":"Feel No Pain","floor":11},{"not_picked":["Thunderclap","Clash"],"picked":"Pommel Strike","floor":12}],"player_experience":1006862,"relics_obtained":[{"floor":7,"key":"Blood Vial"},{"floor":9,"key":"Ancient Tea Set"}],"event_choices":[{"cards_removed":["Strike_R"],"damage_healed":0,"gold_gain":0,"player_choice":"Offered Basic","damage_taken":0,"max_hp_gain":0,"max_hp_loss":0,"event_name":"Bonfire Elementals","floor":4,"gold_loss":0}],"is_beta":false,"boss_relics":[],"items_purged_floors":[],"is_endless":false,"potions_floor_spawned":[1,3,10],"killed_by":"Hexaghost","ascension_level":18}