{"gold_per_floor":[211,123,136,211,229,257,257,257,257,274,274,274,197,224,224,298,298,312,327,26,26,36,36,64,64,64,91,30,30,50,62,62,62],"floor_reached":33,"playtime":1241,"items_purged":[],"score":513,"play_id":"55a4537f-4a63-4f5e-ac08-ac27b25b43fa","local_time":"20190329144555","is_ascension_mode":true,"campfire_choices":[{"data":"Bandage Up","floor":8,"key":"SMITH"},{"data":"Consume","floor":11,"key":"SMITH"},{"floor":15,"key":"REST"},{"data":"Capacitor","floor":23,"key":"SMITH"},{"floor":25,"key":"REST"},{"floor":29,"key":"REST"},{"floor":32,"key":"REST"}],"neow_cost":"NONE","seed_source_timestamp":766525514180681,"circlet_count":0,"master_deck":["AscendersBane","Strike_B","Strike_B","Strike_B","Defend_B","Defend_B","Defend_B","Defend_B","Zap","Dualcast","Cold Snap","Bandage Up+1","Conserve Battery","Consume+1","Ball Lightning","Loop","Capacitor+1","Core Surge","Electrodynamics","Ball Lightning+1","Conserve Battery","Zap","Fusion+1","Self Repair+1","Capacitor","Capacitor+1"],"relics":["Cracked Core","Thread and Needle","Bottled Flame","Dead Branch","Pear","Velvet Choker","FossilizedHelix","The Courier","Matryoshka","Nunchaku"],"potions_floor_usage":[10,14,24,24,33,33],"damage_taken":[{"damage":1,"enemies":"Cultist","floor":1,"turns":3},{"damage":0,"enemies":"Jaw Worm","floor":3,"turns":4},{"damage":4,"enemies":"Small Slimes","floor":5,"turns":3},{"damage":19,"enemies":"Lagavulin","floor":6,"turns":7},{"damage":0,"enemies":"Blue Slaver","floor":10,"turns":1},{"damage":31,"enemies":"Gremlin Nob","floor":14,"turns":5},{"damage":22,"enemies":"Hexaghost","floor":16,"turns":12},{"damage":10,"enemies":"Shell Parasite","floor":18,"turns":5},{"damage":19,"enemies":"3 Byrds","floor":19,"turns":4},{"damage":0,"enemies":"Snecko","floor":22,"turns":5},{"damage":27,"enemies":"Slavers","floor":24,"turns":3},{"damage":58,"enemies":"Book of Stabbing","floor":27,"turns":6},{"damage":16,"enemies":"Snake Plant","floor":30,"turns":3},{"damage":19,"enemies":"Shelled Parasite and Fungi","floor":31,"turns":6},{"damage":47,"enemies":"Collector","floor":33,"turns":5}],"seed_played":"787546811936269489","potions_obtained":[{"floor":1,"key":"Regen Potion"},{"floor":6,"key":"Fire Potion"},{"floor":14,"key":"FearPotion"},{"floor":19,"key":"PowerPotion"},{"floor":27,"key":"PowerPotion"},{"floor":30,"key":"SpeedPotion"}],"is_trial":false,"path_per_floor":["M","$","M","?","M","E","?","R","T","M","R","?","$","E","R","B",null,"M","M","$","?","M","R","E","R","T","E","$","R","M","M","R","B"],"character_chosen":"DEFECT","items_purchased":["Bandage Up","Core Surge","FossilizedHelix","Capacitor"],"campfire_rested":4,"item_purchase_floors":[2,13,20,28],"current_hp_per_floor":[63,63,67,56,56,41,41,41,41,41,41,30,30,23,47,31,69,65,52,52,52,58,58,31,55,55,3,3,27,17,14,38,0],"gold":62,"neow_bonus":"HUNDRED_GOLD","is_prod":false,"is_daily":false,"chose_seed":false,"campfire_upgraded":3,"win_rate":0,"timestamp":1553885155,"path_taken":["M","?","M","?","M","E","?","R","T","?","R","?","$","E","R","BOSS","M","M","$","?","M","R","E","R","T","E","$","R","?","M","R","BOSS"],"build_version":"2019-01-23","purchased_purges":0,"victory":false,"max_hp_per_floor":[71,71,71,71,71,71,71,71,71,71,71,71,71,81,81,81,81,81,81,81,81,81,81,81,81,81,81,81,81,81,81,81,81],"card_choices":[{"not_picked":["Auto Shields","Compile Driver"],"picked":"Cold Snap","floor":1},{"not_picked":["FTL","Recycle"],"picked":"Conserve Battery","floor":3},{"not_picked":["Conserve Battery","Stack"],"picked":"Consume","floor":5},{"not_picked":["Leap","Reinforced Body"],"picked":"Ball Lightning","floor":6},{"not_picked":["Blizzard","Self Repair"],"picked":"Capacitor","floor":10},{"not_picked":["Aggregate","Recycle","Streamline"],"picked":"SKIP","floor":14},{"not_picked":["Rainbow","Fission"],"picked":"Electrodynamics","floor":16},{"not_picked":["Barrage","Stack"],"picked":"Ball Lightning+1","floor":18},{"not_picked":["Force Field","Steam"],"picked":"Conserve Battery","floor":19},{"not_picked":["Force Field+1","Turbo","Stack"],"picked":"SKIP","floor":22},{"not_picked":["Aggregate","Barrage"],"picked":"Fusion+1","floor":24},{"not_picked":["Conserve Battery","Storm"],"picked":"Self Repair+1","floor":27},{"not_picked":["Gash","Heatsinks","Darkness"],"picked":"SKIP","floor":30},{"not_picked":["Compile Driver","Conserve Battery"],"picked":"Capacitor+1","floor":31}],"player_experience":475525,"relics_obtained":[{"floor":6,"key":"Thread and Needle"},{"floor":9,"key":"Bottled Flame"},{"floor":14,"key":"Pear"},{"floor":24,"key":"The Courier"},{"floor":26,"key":"Matryoshka"},{"floor":27,"key":"Nunchaku"}],"event_choices":[{"damage_healed":0,"gold_gain":75,"player_choice":"Gather Gold","damage_taken":11,"max_hp_gain":0,"max_hp_loss":0,"event_name":"World of Goop","floor":4,"gold_loss":0},{"damage_healed":0,"gold_gain":0,"cards_transformed":["Strike_B"],"player_choice":"Transformed","damage_taken":0,"max_hp_gain":0,"max_hp_loss":0,"event_name":"Transmorgrifier","floor":7,"gold_loss":0,"cards_obtained":["Loop"]},{"damage_healed":0,"gold_gain":0,"player_choice":"Success","damage_taken":11,"relics_obtained":["Dead Branch"],"max_hp_gain":0,"max_hp_loss":0,"event_name":"Scrap Ooze","floor":12,"gold_loss":0},{"damage_healed":0,"gold_gain":0,"player_choice":"1 cards matched","damage_taken":0,"max_hp_gain":0,"max_hp_loss":0,"event_name":"Match and Keep!","floor":21,"gold_loss":0,"cards_obtained":["Zap"]}],"is_beta":false,"boss_relics":[{"not_picked":["Calling Bell","Eternal Feather"],"picked":"Velvet Choker"}],"items_purged_floors":[],"is_endless":false,"potions_floor_spawned":[1,6,14,19,22,27,30],"killed_by":"Collector","ascension_level":15}