{"gold_per_floor":[112,112,126,100,117,117,143,143,168,195,104,104,104,124,124,198,198,213,48,60,10,21,21,31,47,47,47,65,82,82,94,94,94],"floor_reached":33,"playtime":1438,"items_purged":["Strike_B","Electrodynamics","Storm"],"score":479,"play_id":"88056fd2-4e17-4768-9821-cb3679cda8d0","local_time":"20190403144706","is_ascension_mode":true,"campfire_choices":[{"data":"Zap","floor":6,"key":"SMITH"},{"data":"Leap","floor":8,"key":"SMITH"},{"floor":12,"key":"REST"},{"data":"Defragment","floor":15,"key":"SMITH"},{"floor":23,"key":"REST"},{"floor":27,"key":"REST"},{"data":"Echo Form","floor":30,"key":"SMITH"},{"floor":32,"key":"REST"}],"neow_cost":"NONE","seed_source_timestamp":1198408585266700,"circlet_count":0,"master_deck":["AscendersBane","Zap+1","Dualcast","Cold Snap","Storm","Ball Lightning","Leap+1","Electrodynamics","Defragment+1","Auto Shields","Buffer","Creative AI","Auto Shields","Leap","Undo","Beam Cell","BootSequence","Leap","Heatsinks","Sweeping Beam","Fusion","Hologram","Echo Form+1"],"relics":["Cracked Core","NeowsBlessing","Lantern","Smiling Mask","Vajra","Pandora\u0027s Box","Ice Cream"],"potions_floor_usage":[16,16,22,28,29],"damage_taken":[{"damage":0,"enemies":"Jaw Worm","floor":1,"turns":1},{"damage":0,"enemies":"Cultist","floor":3,"turns":1},{"damage":0,"enemies":"2 Louse","floor":5,"turns":1},{"damage":21,"enemies":"Gremlin Nob","floor":7,"turns":4},{"damage":14,"enemies":"3 Sentries","floor":10,"turns":7},{"damage":6,"enemies":"Lots of Slimes","floor":14,"turns":2},{"damage":10,"enemies":"Hexaghost","floor":16,"turns":7},{"damage":7,"enemies":"3 Byrds","floor":18,"turns":3},{"damage":3,"enemies":"Spheric Guardian","floor":20,"turns":5},{"damage":16,"enemies":"Shelled Parasite and Fungi","floor":22,"turns":9},{"damage":10,"enemies":"Chosen and Byrds","floor":24,"turns":7},{"damage":16,"enemies":"Cultist and Chosen","floor":25,"turns":5},{"damage":0,"enemies":"Sentry and Sphere","floor":28,"turns":3},{"damage":0,"enemies":"Snecko","floor":29,"turns":5},{"damage":6,"enemies":"Centurion and Healer","floor":31,"turns":8},{"damage":87,"enemies":"Collector","floor":33,"turns":6}],"seed_played":"7745317389176422984","potions_obtained":[{"floor":2,"key":"LiquidBronze"},{"floor":2,"key":"Block Potion"},{"floor":14,"key":"LiquidBronze"},{"floor":16,"key":"Weak Potion"},{"floor":18,"key":"Swift Potion"},{"floor":22,"key":"AttackPotion"},{"floor":25,"key":"Ancient Potion"},{"floor":31,"key":"SteroidPotion"}],"is_trial":false,"path_per_floor":["M","?","M","$","M","R","E","R","T","E","$","R","?","M","R","B",null,"M","$","M","$","M","R","M","M","T","R","M","M","R","M","R","B"],"character_chosen":"DEFECT","items_purchased":["Ball Lightning","Defragment","Leap","Heatsinks"],"campfire_rested":4,"item_purchase_floors":[4,11,19,19],"current_hp_per_floor":[64,64,64,64,64,64,43,43,43,29,29,50,50,44,44,34,62,55,55,52,52,36,57,47,31,31,52,52,52,52,46,67,0],"gold":94,"neow_bonus":"THREE_ENEMY_KILL","is_prod":false,"is_daily":false,"chose_seed":false,"campfire_upgraded":4,"win_rate":0,"timestamp":1554317226,"path_taken":["M","?","?","?","?","R","E","R","T","E","$","R","?","M","R","BOSS","M","$","M","$","M","R","M","M","T","R","?","M","R","M","R","BOSS"],"build_version":"2019-01-23","purchased_purges":3,"victory":false,"max_hp_per_floor":[71,71,71,71,71,71,71,71,71,71,71,71,71,71,71,71,71,71,71,71,71,71,71,71,71,71,71,71,71,71,71,71,71],"card_choices":[{"not_picked":["Beam Cell","Streamline"],"picked":"Cold Snap","floor":1},{"not_picked":["Loop","Coolheaded"],"picked":"Storm","floor":3},{"not_picked":["Cold Snap","Heatsinks"],"picked":"Storm","floor":5},{"not_picked":["Sweeping Beam","Barrage"],"picked":"Leap","floor":7},{"not_picked":["Genetic Algorithm","Coolheaded"],"picked":"Electrodynamics","floor":10},{"not_picked":["Auto Shields","Barrage","Reinforced Body"],"picked":"SKIP","floor":14},{"not_picked":["Reboot","Multi-Cast"],"picked":"Buffer","floor":16},{"not_picked":["Force Field","Compile Driver"],"picked":"BootSequence","floor":18},{"not_picked":["Stack","Undo","Tempest"],"picked":"SKIP","floor":20},{"not_picked":["Go for the Eyes","Reprogram"],"picked":"Sweeping Beam","floor":22},{"not_picked":["Genetic Algorithm","Streamline","White Noise"],"picked":"SKIP","floor":24},{"not_picked":["Conserve Battery","Chill"],"picked":"Fusion","floor":25},{"not_picked":["Barrage","Chill"],"picked":"Hologram","floor":28},{"not_picked":["Chaos","Double Energy"],"picked":"Echo Form","floor":29},{"not_picked":["Aggregate","Hello World","Barrage"],"picked":"SKIP","floor":31}],"player_experience":500338,"relics_obtained":[{"floor":7,"key":"Lantern"},{"floor":9,"key":"Smiling Mask"},{"floor":10,"key":"Vajra"},{"floor":26,"key":"Ice Cream"}],"event_choices":[{"damage_healed":0,"gold_gain":0,"player_choice":"Got Potions","damage_taken":0,"max_hp_gain":0,"max_hp_loss":0,"event_name":"Lab","floor":2,"gold_loss":0},{"damage_healed":0,"gold_gain":0,"cards_transformed":["Strike_B"],"player_choice":"Transformed","damage_taken":0,"max_hp_gain":0,"max_hp_loss":0,"event_name":"Transmorgrifier","floor":13,"gold_loss":0,"cards_obtained":["Auto Shields"]}],"is_beta":false,"boss_relics":[{"not_picked":["Fusion Hammer","Nuclear Battery"],"picked":"Pandora\u0027s Box"}],"items_purged_floors":[11,19,21],"is_endless":false,"potions_floor_spawned":[7,14,16,18,22,25,31],"killed_by":"Collector","ascension_level":17}