{"gold_per_floor":[117,130,105,123,123,123,140,169,169,198,198,198,210,223,223,223],"floor_reached":16,"playtime":580,"items_purged":[],"score":199,"play_id":"ab0ba196-ad4f-4c3a-b23c-d80a2e2d8786","local_time":"20190701233820","is_ascension_mode":true,"campfire_choices":[{"data":"Heel Hook","floor":6,"key":"SMITH"},{"floor":11,"key":"REST"},{"floor":15,"key":"REST"}],"neow_cost":"NONE","seed_source_timestamp":1644244934831854,"circlet_count":0,"master_deck":["AscendersBane","Strike_G","Strike_G","Strike_G","Strike_G","Strike_G","Defend_G","Defend_G","Defend_G","Defend_G","Defend_G","Survivor","Neutralize+1","Deflect","Sucker Punch","Slice","Heel Hook+1","Deadly Poison","Crippling Poison","Reflex","Bouncing Flask","Deadly Poison"],"relics":["Ring of the Snake","Odd Mushroom","Tough Bandages","Turnip"],"potions_floor_usage":[8,14,16],"damage_taken":[{"damage":1,"enemies":"Jaw Worm","floor":1,"turns":4},{"damage":1,"enemies":"Small Slimes","floor":2,"turns":5},{"damage":1,"enemies":"2 Louse","floor":4,"turns":3},{"damage":0,"enemies":"Large Slime","floor":7,"turns":8},{"damage":23,"enemies":"The Mushroom Lair","floor":8,"turns":4},{"damage":14,"enemies":"Lagavulin","floor":10,"turns":7},{"damage":1,"enemies":"Blue Slaver","floor":13,"turns":4},{"damage":1,"enemies":"3 Louse","floor":14,"turns":2},{"damage":56,"enemies":"Slime Boss","floor":16,"turns":8}],"seed_played":"-8602875880717275549","potions_obtained":[{"floor":1,"key":"Explosive Potion"},{"floor":13,"key":"Fire Potion"},{"floor":14,"key":"SpeedPotion"}],"is_trial":false,"path_per_floor":["M","M","$","M","$","R","M","?","T","E","R","?","M","M","R","B"],"character_chosen":"THE_SILENT","items_purchased":["Slice"],"campfire_rested":2,"item_purchase_floors":[3],"current_hp_per_floor":[58,57,57,56,56,56,56,33,33,19,38,38,37,36,55,0],"gold":223,"neow_bonus":"UPGRADE_CARD","is_prod":false,"is_daily":false,"chose_seed":false,"campfire_upgraded":1,"win_rate":0,"timestamp":1562049500,"path_taken":["M","M","$","M","$","R","M","?","T","E","R","?","M","M","R","BOSS"],"build_version":"2019-07-01","purchased_purges":0,"victory":false,"max_hp_per_floor":[66,66,66,66,66,66,66,66,66,66,66,66,66,66,66,66],"card_choices":[{"not_picked":["Finisher","Slice"],"picked":"Deflect","floor":1},{"not_picked":["PiercingWail","Bane"],"picked":"Sucker Punch","floor":2},{"not_picked":["Cloak And Dagger","Calculated Gamble"],"picked":"Heel Hook","floor":4},{"not_picked":["Dodge and Roll","Flying Knee"],"picked":"Deadly Poison","floor":7},{"not_picked":["Acrobatics","Setup"],"picked":"Crippling Poison","floor":8},{"not_picked":["Catalyst","Deflect"],"picked":"Reflex","floor":10},{"not_picked":["Doppelganger","Bane"],"picked":"Bouncing Flask","floor":13},{"not_picked":["Concentrate","Poisoned Stab"],"picked":"Deadly Poison","floor":14}],"player_experience":1117775,"relics_obtained":[{"floor":8,"key":"Odd Mushroom"},{"floor":9,"key":"Tough Bandages"},{"floor":10,"key":"Turnip"}],"event_choices":[{"damage_healed":0,"gold_gain":0,"player_choice":"Fought Mushrooms","damage_taken":0,"max_hp_gain":0,"max_hp_loss":0,"event_name":"Mushrooms","floor":8,"gold_loss":0},{"damage_healed":0,"gold_gain":0,"player_choice":"Ignored","damage_taken":0,"max_hp_gain":0,"max_hp_loss":0,"event_name":"Golden Wing","floor":12,"gold_loss":0}],"is_beta":false,"boss_relics":[],"items_purged_floors":[],"is_endless":false,"potions_floor_spawned":[1,13,14],"killed_by":"Slime Boss","ascension_level":19}