{"gold_per_floor":[116,134,149,165,177,202,202,213,238,238,248,248,275,21,21,118,118,136,112,123,123,136,170,170,203,203,203],"floor_reached":27,"playtime":2218,"items_purged":[],"score":265,"play_id":"1e820f45-7108-4419-b3f0-e9e6a2a5eada","local_time":"20190428011049","is_ascension_mode":false,"campfire_choices":[{"floor":7,"key":"REST"},{"data":"Choke","floor":12,"key":"SMITH"},{"floor":15,"key":"REST"},{"floor":24,"key":"REST"}],"neow_cost":"NONE","seed_source_timestamp":1175978329596369,"circlet_count":0,"master_deck":["Defend_G","Defend_G","Defend_G","Defend_G","Strike_G","Strike_G","Strike_G","Strike_G","Strike_G","Survivor","Neutralize","Slice","Choke+1","Masterful Stab","Poisoned Stab","Masterful Stab","Flechettes","Sucker Punch","Blade Dance","Reflex","Unload","Terror","Choke","Burst","Slice+1","Quick Slash","Slice","Backflip","Quick Slash","Shame"],"relics":["Ring of the Snake","NeowsBlessing","Juzu Bracelet","Bronze Scales","MawBank","Cursed Key","Nilry\u0027s Codex","Blood Vial","Dream Catcher","Tough Bandages"],"potions_floor_usage":[13,13,16,23,23,25],"damage_taken":[{"damage":0,"enemies":"Small Slimes","floor":1,"turns":1},{"damage":0,"enemies":"Cultist","floor":2,"turns":1},{"damage":0,"enemies":"2 Louse","floor":3,"turns":1},{"damage":0,"enemies":"2 Fungi Beasts","floor":4,"turns":3},{"damage":4,"enemies":"3 Louse","floor":5,"turns":3},{"damage":18,"enemies":"Lagavulin","floor":6,"turns":5},{"damage":5,"enemies":"Lots of Slimes","floor":8,"turns":3},{"damage":0,"enemies":"Blue Slaver","floor":11,"turns":2},{"damage":14,"enemies":"3 Sentries","floor":13,"turns":5},{"damage":37,"enemies":"Slime Boss","floor":16,"turns":9},{"damage":0,"enemies":"Chosen","floor":18,"turns":3},{"damage":12,"enemies":"Shell Parasite","floor":20,"turns":4},{"damage":9,"enemies":"Snecko","floor":22,"turns":4},{"damage":2,"enemies":"Book of Stabbing","floor":23,"turns":3},{"damage":43,"enemies":"Gremlin Leader","floor":25,"turns":6},{"damage":21,"enemies":"Chosen and Byrds","floor":27,"turns":4}],"seed_played":"1033947844627429932","potions_obtained":[{"floor":2,"key":"Explosive Potion"},{"floor":4,"key":"Block Potion"},{"floor":5,"key":"Explosive Potion"},{"floor":13,"key":"SteroidPotion"},{"floor":16,"key":"SkillPotion"},{"floor":18,"key":"Weak Potion"},{"floor":20,"key":"SteroidPotion"}],"is_trial":false,"path_per_floor":["M","M","M","M","M","E","R","M","T","?","M","R","E","$","R","B",null,"M","$","M","?","M","E","R","E","T","M"],"character_chosen":"THE_SILENT","items_purchased":["Unload","Terror","Choke","Quick Slash"],"campfire_rested":3,"item_purchase_floors":[14,14,14,19],"current_hp_per_floor":[70,70,70,70,66,48,69,64,64,64,64,64,50,50,70,33,70,70,70,58,42,33,31,52,11,11,0],"gold":203,"neow_bonus":"THREE_ENEMY_KILL","is_prod":false,"is_daily":false,"chose_seed":false,"campfire_upgraded":1,"win_rate":0.0,"timestamp":1556439049,"path_taken":["M","M","M","M","M","E","R","M","T","?","M","R","E","$","R","BOSS","M","?","M","?","M","E","R","E","T","M"],"build_version":"2019-01-23","purchased_purges":0,"victory":false,"max_hp_per_floor":[70,70,70,70,70,70,70,70,70,70,70,70,70,70,70,70,70,70,70,70,70,70,70,70,70,70,70],"card_choices":[{"not_picked":["Dagger Spray","Quick Slash"],"picked":"Slice","floor":1},{"not_picked":["Acrobatics","Deadly Poison"],"picked":"Choke","floor":2},{"not_picked":["Sucker Punch","Choke"],"picked":"Masterful Stab","floor":3},{"not_picked":["Underhanded Strike","Night Terror"],"picked":"Poisoned Stab","floor":4},{"not_picked":["Reflex","Well Laid Plans"],"picked":"Masterful Stab","floor":5},{"not_picked":["Venomology","Escape Plan"],"picked":"Flechettes","floor":6},{"not_picked":["Caltrops","Deadly Poison"],"picked":"Sucker Punch","floor":8},{"not_picked":["Skewer","Backflip"],"picked":"Blade Dance","floor":11},{"not_picked":["Noxious Fumes","Catalyst"],"picked":"Reflex","floor":13},{"not_picked":["Wraith Form v2","Night Terror"],"picked":"Burst","floor":16},{"not_picked":["Flying Knee+1","Choke+1"],"picked":"Slice+1","floor":18},{"not_picked":["Sucker Punch","Wraith Form v2"],"picked":"Slice","floor":20},{"not_picked":["Well Laid Plans","PiercingWail+1"],"picked":"Backflip","floor":22},{"not_picked":["Crippling Poison","Catalyst","Well Laid Plans"],"picked":"SKIP","floor":23},{"not_picked":["Choke","Dodge and Roll+1"],"picked":"Quick Slash","floor":25}],"player_experience":18127,"relics_obtained":[{"floor":6,"key":"Juzu Bracelet"},{"floor":9,"key":"Bronze Scales"},{"floor":13,"key":"MawBank"},{"floor":21,"key":"Nilry\u0027s Codex"},{"floor":23,"key":"Blood Vial"},{"floor":25,"key":"Dream Catcher"},{"floor":26,"key":"Tough Bandages"}],"event_choices":[{"cards_removed":["Defend_G"],"damage_healed":0,"gold_gain":0,"player_choice":"Offered Basic","damage_taken":0,"max_hp_gain":0,"max_hp_loss":0,"event_name":"Bonfire Elementals","floor":10,"gold_loss":0},{"damage_healed":0,"gold_gain":0,"player_choice":"Obtained Book","damage_taken":16,"max_hp_gain":0,"max_hp_loss":0,"event_name":"Cursed Tome","floor":21,"gold_loss":0}],"is_beta":false,"boss_relics":[{"not_picked":["Coffee Dripper","Lizard Tail"],"picked":"Cursed Key"}],"items_purged_floors":[],"is_endless":false,"potions_floor_spawned":[2,4,5,11,13,16,18,20],"killed_by":"Chosen and Byrds","ascension_level":0}