{"gold_per_floor":[210,109,128,141,141,141,170,170,218,218,102,102,131,131,131,131],"floor_reached":16,"playtime":609,"items_purged":["Strike_G"],"score":201,"play_id":"6b344375-a12d-4fd9-a342-88cbdbb92b18","local_time":"20190523082002","is_ascension_mode":true,"campfire_choices":[{"data":"Flechettes","floor":6,"key":"SMITH"},{"floor":8,"key":"REST"},{"floor":12,"key":"REST"},{"data":"Bouncing Flask","floor":15,"key":"SMITH"}],"neow_cost":"NONE","seed_source_timestamp":486377575059463,"circlet_count":0,"master_deck":["AscendersBane","Defend_G","Defend_G","Defend_G","Defend_G","Defend_G","Strike_G","Strike_G","Strike_G","Strike_G","Survivor","Neutralize","Flechettes+1","Caltrops+1","Cloak And Dagger","Deadly Poison","Dagger Spray","Bouncing Flask+1","Envenom"],"relics":["Ring of the Snake","Happy Flower","Orichalcum","Kunai"],"potions_floor_usage":[7,16,16],"damage_taken":[{"damage":8,"enemies":"Small Slimes","floor":1,"turns":4},{"damage":4,"enemies":"Jaw Worm","floor":3,"turns":5},{"damage":2,"enemies":"2 Louse","floor":4,"turns":3},{"damage":49,"enemies":"Lagavulin","floor":7,"turns":11},{"damage":21,"enemies":"3 Sentries","floor":13,"turns":9},{"damage":25,"enemies":"The Guardian","floor":16,"turns":7}],"seed_played":"-8814387144018831332","potions_obtained":[{"floor":3,"key":"Swift Potion"},{"floor":13,"key":"EntropicBrew"}],"is_trial":false,"path_per_floor":["M","$","M","M","?","R","E","R","T","?","$","R","E","?","R","B"],"character_chosen":"THE_SILENT","items_purchased":["Caltrops","Cloak And Dagger","Bouncing Flask"],"campfire_rested":2,"item_purchase_floors":[2,2,11],"current_hp_per_floor":[51,51,47,45,50,50,1,22,22,22,22,43,22,22,22,0],"gold":131,"neow_bonus":"HUNDRED_GOLD","is_prod":false,"is_daily":false,"chose_seed":false,"campfire_upgraded":2,"win_rate":0,"timestamp":1558614002,"path_taken":["M","$","M","M","?","R","E","R","T","?","$","R","E","?","R","BOSS"],"build_version":"2019-01-23","purchased_purges":1,"victory":false,"max_hp_per_floor":[66,66,66,66,71,71,71,71,71,71,71,71,71,71,71,71],"card_choices":[{"not_picked":["Sucker Punch","Flying Knee"],"picked":"Flechettes","floor":1},{"not_picked":["Slice","Tactician","Quick Slash"],"picked":"SKIP","floor":3},{"not_picked":["Calculated Gamble","Deflect"],"picked":"Deadly Poison","floor":4},{"not_picked":["Outmaneuver","Sucker Punch"],"picked":"Dagger Spray","floor":7},{"not_picked":["Riddle With Holes","Blade Dance"],"picked":"Envenom","floor":13}],"player_experience":748165,"relics_obtained":[{"floor":7,"key":"Happy Flower"},{"floor":9,"key":"Orichalcum"},{"floor":13,"key":"Kunai"}],"event_choices":[{"damage_healed":0,"gold_gain":0,"player_choice":"Donut","damage_taken":0,"max_hp_gain":5,"max_hp_loss":0,"event_name":"Big Fish","floor":5,"gold_loss":0},{"damage_healed":0,"gold_gain":0,"player_choice":"Grow","damage_taken":0,"max_hp_gain":0,"max_hp_loss":0,"event_name":"Living Wall","floor":10,"gold_loss":0,"cards_upgraded":["Caltrops"]},{"damage_healed":0,"gold_gain":0,"player_choice":"Ignored","damage_taken":0,"max_hp_gain":0,"max_hp_loss":0,"event_name":"Golden Idol","floor":14,"gold_loss":0}],"is_beta":false,"boss_relics":[],"items_purged_floors":[11],"is_endless":false,"potions_floor_spawned":[3,13],"killed_by":"The Guardian","ascension_level":18}