{"gold_per_floor":[109,109,122,122,138,166,184,184,184,184,149,169,169,182,182,277,277,243,243,257,257,269,269,269],"floor_reached":24,"playtime":1591,"items_purged":[],"score":198,"play_id":"b5f2a1b3-aafb-4b72-9177-e68015c4845c","local_time":"20190628153119","is_ascension_mode":false,"campfire_choices":[{"data":"Coolheaded","floor":8,"key":"SMITH"},{"data":"Coolheaded","floor":10,"key":"SMITH"},{"data":"Dualcast","floor":13,"key":"SMITH"},{"data":"Zap","floor":15,"key":"SMITH"},{"data":"RitualDagger","floor":23,"key":"SMITH"}],"neow_cost":"NONE","seed_source_timestamp":1006720050756475,"circlet_count":0,"master_deck":["Strike_B+1","Strike_B+1","Strike_B+1","Strike_B+1","Defend_B+1","Defend_B+1","Defend_B+1","Defend_B+1","Zap+1","Dualcast+1","Coolheaded+1","Streamline","Coolheaded+1","BootSequence","Conserve Battery","Conserve Battery","Cold Snap","Rainbow","Barrage","RitualDagger+1","Leap","Redo"],"relics":["Cracked Core","NeowsBlessing","Strawberry","Dodecahedron","Inserter"],"potions_floor_usage":[6,16,16,16],"damage_taken":[{"damage":0,"enemies":"Cultist","floor":1,"turns":1},{"damage":0,"enemies":"Jaw Worm","floor":3,"turns":1},{"damage":0,"enemies":"Small Slimes","floor":5,"turns":1},{"damage":36,"enemies":"Lagavulin","floor":6,"turns":9},{"damage":6,"enemies":"Looter","floor":7,"turns":3},{"damage":0,"enemies":"Blue Slaver","floor":12,"turns":4},{"damage":0,"enemies":"3 Louse","floor":14,"turns":5},{"damage":5,"enemies":"Slime Boss","floor":16,"turns":17},{"damage":12,"enemies":"2 Thieves","floor":18,"turns":5},{"damage":6,"enemies":"Spheric Guardian","floor":20,"turns":4},{"damage":1,"enemies":"Snecko","floor":22,"turns":6},{"damage":77,"enemies":"Gremlin Leader","floor":24,"turns":8}],"seed_played":"-106974588962385988","potions_obtained":[{"floor":1,"key":"PowerPotion"},{"floor":3,"key":"EssenceOfSteel"},{"floor":7,"key":"GamblersBrew"},{"floor":14,"key":"EssenceOfSteel"},{"floor":20,"key":"FairyPotion"}],"is_trial":false,"path_per_floor":["M","$","M","$","M","E","M","R","T","R","?","M","R","M","R","B",null,"M","?","M","?","M","R","E"],"character_chosen":"DEFECT","items_purchased":[],"campfire_rested":0,"item_purchase_floors":[],"current_hp_per_floor":[75,75,75,75,75,46,40,40,40,40,60,60,60,60,60,55,82,70,64,58,58,57,57,0],"gold":269,"neow_bonus":"THREE_ENEMY_KILL","is_prod":false,"is_daily":false,"chose_seed":false,"campfire_upgraded":5,"win_rate":0.0,"timestamp":1561761079,"path_taken":["M","?","M","?","?","E","M","R","T","R","?","M","R","M","R","BOSS","M","?","M","?","M","R","E"],"build_version":"2019-01-23","purchased_purges":0,"victory":false,"max_hp_per_floor":[75,75,75,75,75,82,82,82,82,82,82,82,82,82,82,82,82,82,82,82,82,82,82,82],"card_choices":[{"not_picked":["Darkness","Defragment"],"picked":"Coolheaded","floor":1},{"not_picked":["Cold Snap","Doom and Gloom"],"picked":"Streamline","floor":3},{"not_picked":["Streamline","Ball Lightning"],"picked":"Coolheaded","floor":5},{"not_picked":["Tempest","Go for the Eyes"],"picked":"BootSequence","floor":6},{"not_picked":["Double Energy","Storm"],"picked":"Conserve Battery","floor":7},{"not_picked":["Streamline","Sweeping Beam"],"picked":"Conserve Battery","floor":12},{"not_picked":["Rip and Tear","Ball Lightning"],"picked":"Cold Snap","floor":14},{"not_picked":["Amplify","Creative AI"],"picked":"Rainbow","floor":16},{"not_picked":["Darkness","Rebound"],"picked":"Barrage","floor":18},{"not_picked":["Consume+1","Rebound+1"],"picked":"Leap","floor":20},{"not_picked":["Sweeping Beam","Blizzard"],"picked":"Redo","floor":22}],"player_experience":9520,"relics_obtained":[{"floor":6,"key":"Strawberry"},{"floor":9,"key":"Dodecahedron"}],"event_choices":[{"damage_healed":20,"gold_gain":0,"player_choice":"Healed","damage_taken":0,"max_hp_gain":0,"max_hp_loss":0,"event_name":"The Cleric","floor":11,"gold_loss":35},{"damage_healed":0,"gold_gain":0,"player_choice":"Joined the Cult","damage_taken":6,"max_hp_gain":0,"max_hp_loss":0,"event_name":"Nest","floor":19,"gold_loss":0,"cards_obtained":["RitualDagger"]},{"damage_healed":0,"gold_gain":0,"player_choice":"Simplicity","damage_taken":0,"max_hp_gain":0,"max_hp_loss":0,"event_name":"Back to Basics","floor":21,"gold_loss":0,"cards_upgraded":["Strike_B","Strike_B","Strike_B","Strike_B","Defend_B","Defend_B","Defend_B","Defend_B"]}],"is_beta":false,"boss_relics":[{"not_picked":["Runic Pyramid","Black Star"],"picked":"Inserter"}],"items_purged_floors":[],"is_endless":false,"potions_floor_spawned":[1,3,7,14,20],"killed_by":"Gremlin Leader","ascension_level":0}