{"gold_per_floor":[114,125,137,150,165,196,216,216,286,185,212,212,212,245,245,341,341,357,282,294,294,294],"floor_reached":22,"playtime":1630,"items_purged":["Defend_G"],"score":216,"play_id":"802f86c2-47fb-4e48-916d-21875d6e215c","local_time":"20190503202932","is_ascension_mode":true,"campfire_choices":[{"floor":8,"key":"REST"},{"data":"Prepared","floor":13,"key":"SMITH"},{"data":"Corpse Explosion","floor":15,"key":"SMITH"}],"neow_cost":"NONE","seed_source_timestamp":471106855282033,"circlet_count":0,"master_deck":["Defend_G","Defend_G","Defend_G","Defend_G","Strike_G","Strike_G","Strike_G","Strike_G","Survivor","Neutralize","Dagger Throw","Blur","Dagger Throw","Underhanded Strike","Riddle With Holes","Corpse Explosion+1","Eviscerate","Prepared+1","Quick Slash","Skewer","Bullet Time","Crippling Poison","Prepared"],"relics":["Runic Pyramid","FossilizedHelix","Pantograph","Tough Bandages","Pen Nib","HoveringKite"],"potions_floor_usage":[6,6,7,16],"damage_taken":[{"damage":2,"enemies":"Jaw Worm","floor":1,"turns":4},{"damage":0,"enemies":"2 Louse","floor":2,"turns":2},{"damage":0,"enemies":"Cultist","floor":3,"turns":4},{"damage":8,"enemies":"Lots of Slimes","floor":4,"turns":5},{"damage":1,"enemies":"Exordium Wildlife","floor":5,"turns":4},{"damage":11,"enemies":"3 Sentries","floor":6,"turns":7},{"damage":4,"enemies":"Exordium Thugs","floor":7,"turns":5},{"damage":7,"enemies":"Lagavulin","floor":11,"turns":8},{"damage":4,"enemies":"Gremlin Nob","floor":14,"turns":4},{"damage":26,"enemies":"Hexaghost","floor":16,"turns":9},{"damage":10,"enemies":"3 Byrds","floor":18,"turns":3},{"damage":10,"enemies":"2 Thieves","floor":20,"turns":3},{"damage":0,"enemies":"Snake Plant","floor":22,"turns":2}],"seed_played":"-8898520143020249706","potions_obtained":[{"floor":3,"key":"GamblersBrew"},{"floor":5,"key":"EssenceOfSteel"},{"floor":6,"key":"GamblersBrew"},{"floor":14,"key":"Ancient Potion"},{"floor":16,"key":"FearPotion"},{"floor":20,"key":"Fire Potion"}],"is_trial":false,"path_per_floor":["M","M","M","M","M","E","M","R","T","$","E","?","R","E","R","B",null,"M","?","M","?","M"],"character_chosen":"THE_SILENT","items_purchased":["Prepared"],"campfire_rested":1,"item_purchase_floors":[10],"current_hp_per_floor":[68,68,68,60,59,48,44,65,65,65,58,58,58,54,54,44,70,60,60,50,50,50],"gold":294,"neow_bonus":"BOSS_RELIC","is_prod":false,"is_daily":false,"chose_seed":false,"campfire_upgraded":2,"win_rate":0,"timestamp":1556940572,"path_taken":["M","M","M","M","M","E","M","R","T","$","E","?","R","E","R","BOSS","M","?","M","?","M"],"build_version":"2019-01-23","purchased_purges":1,"victory":false,"max_hp_per_floor":[70,70,70,70,70,70,70,70,70,70,70,70,70,70,70,70,70,70,70,70,70,70],"card_choices":[{"not_picked":["All Out Attack","Acrobatics"],"picked":"Dagger Throw","floor":1},{"not_picked":["Dodge and Roll","Bane"],"picked":"Blur","floor":2},{"not_picked":["Quick Slash","Infinite Blades"],"picked":"Dagger Throw","floor":3},{"not_picked":["Bouncing Flask","Backflip"],"picked":"Underhanded Strike","floor":4},{"not_picked":["Deflect","Flying Knee"],"picked":"Riddle With Holes","floor":5},{"not_picked":["Distraction","Dagger Throw"],"picked":"Corpse Explosion","floor":6},{"not_picked":["Backflip","Quick Slash"],"picked":"Eviscerate","floor":7},{"not_picked":["Infinite Blades","Slice"],"picked":"Quick Slash","floor":11},{"not_picked":["Deflect","Bouncing Flask"],"picked":"Skewer","floor":14},{"not_picked":["Phantasmal Killer","Night Terror"],"picked":"Bullet Time","floor":16},{"not_picked":["Accuracy","Acrobatics"],"picked":"Crippling Poison","floor":18},{"not_picked":["Dagger Throw","PiercingWail"],"picked":"Prepared","floor":20}],"player_experience":98500,"relics_obtained":[{"floor":6,"key":"FossilizedHelix"},{"floor":11,"key":"Pantograph"},{"floor":14,"key":"Pen Nib"}],"event_choices":[{"damage_healed":0,"gold_gain":0,"player_choice":"Searched \u00271\u0027 times","damage_taken":0,"relics_obtained":["Tough Bandages"],"max_hp_gain":0,"max_hp_loss":0,"event_name":"Dead Adventurer","floor":12,"gold_loss":0},{"cards_removed":["Strike_G"],"damage_healed":0,"gold_gain":0,"player_choice":"Gave Gold","damage_taken":0,"max_hp_gain":0,"max_hp_loss":0,"event_name":"Beggar","floor":19,"gold_loss":75},{"damage_healed":0,"gold_gain":0,"player_choice":"Ignored","damage_taken":0,"max_hp_gain":0,"max_hp_loss":0,"event_name":"Cursed Tome","floor":21,"gold_loss":0}],"is_beta":false,"boss_relics":[{"not_picked":["Calling Bell","Tiny House"],"picked":"HoveringKite"}],"items_purged_floors":[10],"is_endless":false,"potions_floor_spawned":[3,5,6,14,16,20],"killed_by":"Snake Plant","ascension_level":1}