{"gold_per_floor":[213,223,240,259,109,109,123,158,158,158],"floor_reached":10,"playtime":410,"items_purged":["Strike_R"],"score":84,"play_id":"10b6c00f-0454-4fbc-b678-3aecff109ead","local_time":"20190625005609","is_ascension_mode":true,"campfire_choices":[{"data":"Bash","floor":6,"key":"SMITH"}],"neow_cost":"NONE","seed_source_timestamp":172743461776577,"circlet_count":0,"master_deck":["Strike_R","Strike_R","Strike_R","Strike_R","Defend_R","Defend_R","Defend_R","Defend_R","Bash+1","Thunderclap","Iron Wave","Dropkick","Dual Wield","Armaments","Iron Wave"],"relics":["Burning Blood","Question Card","Sundial"],"potions_floor_usage":[3,10],"damage_taken":[{"damage":2,"enemies":"Small Slimes","floor":1,"turns":3},{"damage":6,"enemies":"Cultist","floor":2,"turns":3},{"damage":0,"enemies":"2 Louse","floor":3,"turns":1},{"damage":6,"enemies":"Looter","floor":4,"turns":2},{"damage":13,"enemies":"3 Louse","floor":7,"turns":3},{"damage":70,"enemies":"Gremlin Nob","floor":8,"turns":6},{"damage":23,"enemies":"3 Sentries","floor":10,"turns":4}],"seed_played":"4475480238871805756","potions_obtained":[{"floor":2,"key":"SteroidPotion"},{"floor":3,"key":"Ancient Potion"},{"floor":8,"key":"Regen Potion"}],"is_trial":false,"path_per_floor":["M","M","M","M","$","R","M","E","T","E"],"character_chosen":"IRONCLAD","items_purchased":["Dual Wield"],"campfire_rested":0,"item_purchase_floors":[5],"current_hp_per_floor":[80,80,80,80,80,80,73,9,9,0],"gold":158,"neow_bonus":"HUNDRED_GOLD","is_prod":false,"is_daily":false,"chose_seed":false,"campfire_upgraded":1,"win_rate":0,"timestamp":1561449369,"path_taken":["M","M","M","M","$","R","M","E","T","E"],"build_version":"2019-01-23","purchased_purges":1,"victory":false,"max_hp_per_floor":[80,80,80,80,80,80,80,80,80,80],"card_choices":[{"not_picked":["Metallicize","Corruption"],"picked":"Thunderclap","floor":1},{"not_picked":["Clothesline","Rage"],"picked":"Iron Wave","floor":2},{"not_picked":["Twin Strike","Burning Pact"],"picked":"Dropkick","floor":3},{"not_picked":["Heavy Blade","Body Slam","Clash"],"picked":"SKIP","floor":4},{"not_picked":["Entrench","Flame Barrier"],"picked":"Armaments","floor":7},{"not_picked":["Ghostly Armor","Clothesline"],"picked":"Iron Wave","floor":8}],"player_experience":490047,"relics_obtained":[{"floor":8,"key":"Question Card"},{"floor":9,"key":"Sundial"}],"event_choices":[],"is_beta":false,"boss_relics":[],"items_purged_floors":[5],"is_endless":false,"potions_floor_spawned":[2,3,8],"killed_by":"3 Sentries","ascension_level":4}