{"gold_per_floor":[112,123,137,137,137,137,171,187,187,187,74,74,94,119,119,119],"floor_reached":16,"playtime":713,"items_purged":["Strike_R"],"score":122,"play_id":"2fb32c6d-0dcc-4fe9-abd6-a710d63e3604","local_time":"20190625013712","is_ascension_mode":true,"campfire_choices":[{"data":"Bash","floor":6,"key":"SMITH"},{"data":"Defend_R","floor":10,"key":"SMITH"},{"data":"Defend_R","floor":15,"key":"SMITH"}],"neow_cost":"NONE","seed_source_timestamp":174902262072272,"circlet_count":0,"master_deck":["Strike_R","Strike_R","Strike_R","Strike_R","Defend_R","Defend_R","Defend_R+1","Defend_R+1","Bash+1","Sword Boomerang","Sword Boomerang","Flame Barrier","Thunderclap","Pommel Strike","Battle Trance","Clothesline","Bludgeon"],"relics":["Burning Blood","Golden Idol","Pear","Meat on the Bone"],"potions_floor_usage":[7,7],"damage_taken":[{"damage":6,"enemies":"Jaw Worm","floor":1,"turns":5},{"damage":4,"enemies":"2 Louse","floor":2,"turns":4},{"damage":6,"enemies":"Cultist","floor":3,"turns":3},{"damage":23,"enemies":"3 Sentries","floor":7,"turns":11},{"damage":11,"enemies":"3 Louse","floor":8,"turns":4},{"damage":23,"enemies":"Large Slime","floor":13,"turns":8},{"damage":5,"enemies":"Blue Slaver","floor":14,"turns":4},{"damage":71,"enemies":"Slime Boss","floor":16,"turns":8}],"seed_played":"-4549746199684002832","potions_obtained":[{"floor":2,"key":"Dexterity Potion"},{"floor":3,"key":"Explosive Potion"}],"is_trial":false,"path_per_floor":["M","M","M","?","?","R","E","M","T","R","$","?","M","M","R","B"],"character_chosen":"IRONCLAD","items_purchased":["Battle Trance"],"campfire_rested":0,"item_purchase_floors":[11],"current_hp_per_floor":[80,80,80,60,80,80,73,68,68,68,68,68,63,64,64,0],"gold":119,"neow_bonus":"THREE_CARDS","is_prod":false,"is_daily":false,"chose_seed":false,"campfire_upgraded":3,"win_rate":0,"timestamp":1561451832,"path_taken":["M","M","M","?","?","R","E","M","T","R","$","?","M","?","R","BOSS"],"build_version":"2019-01-23","purchased_purges":1,"victory":false,"max_hp_per_floor":[80,80,80,80,80,80,90,90,90,90,90,90,90,90,90,90],"card_choices":[{"not_picked":["Perfected Strike","Armaments"],"picked":"Sword Boomerang","floor":0},{"not_picked":["Fire Breathing","Dual Wield"],"picked":"Sword Boomerang","floor":1},{"not_picked":["Flex","Bloodletting"],"picked":"Flame Barrier","floor":2},{"not_picked":["Bloodletting","Armaments","Sword Boomerang"],"picked":"SKIP","floor":3},{"not_picked":["Sentinel","Carnage"],"picked":"Thunderclap","floor":7},{"not_picked":["Havoc","Flame Barrier"],"picked":"Pommel Strike","floor":8},{"not_picked":["Evolve","Dropkick"],"picked":"Clothesline","floor":13},{"not_picked":["Twin Strike","Rage"],"picked":"Bludgeon","floor":14}],"player_experience":491658,"relics_obtained":[{"floor":7,"key":"Pear"},{"floor":9,"key":"Meat on the Bone"}],"event_choices":[{"damage_healed":0,"gold_gain":0,"player_choice":"Take Damage","damage_taken":20,"relics_obtained":["Golden Idol"],"max_hp_gain":0,"max_hp_loss":0,"event_name":"Golden Idol","floor":4,"gold_loss":0},{"damage_healed":26,"gold_gain":0,"player_choice":"Banana","damage_taken":0,"max_hp_gain":0,"max_hp_loss":0,"event_name":"Big Fish","floor":5,"gold_loss":0},{"damage_healed":0,"gold_gain":0,"player_choice":"Leave","damage_taken":0,"max_hp_gain":0,"max_hp_loss":0,"event_name":"FaceTrader","floor":12,"gold_loss":0}],"is_beta":false,"boss_relics":[],"items_purged_floors":[11],"is_endless":false,"potions_floor_spawned":[2,3],"killed_by":"Slime Boss","ascension_level":4}