{"gold_per_floor":[110,260,276,201,201,236,253,253,277,296,330,60,94,94],"floor_reached":14,"playtime":425,"items_purged":[],"score":259,"play_id":"3d5f6228-2390-430f-9b8c-b2b83739a9ae","local_time":"20190701221301","is_ascension_mode":true,"campfire_choices":[{"data":"Blur","floor":8,"key":"SMITH"}],"neow_cost":"NONE","seed_source_timestamp":1639281565065035,"circlet_count":0,"master_deck":["AscendersBane","Strike_G","Strike_G","Strike_G","Strike_G","Strike_G","Defend_G","Defend_G","Defend_G","Defend_G","Defend_G","Survivor","Neutralize","Noxious Fumes+1","Footwork","Deadly Poison","Blur+1","PiercingWail","Poisoned Stab","Mayhem","Noxious Fumes","PiercingWail"],"relics":["Ring of the Snake","NeowsBlessing","Art of War","Happy Flower","Ice Cream","Letter Opener"],"potions_floor_usage":[7,7,13],"damage_taken":[{"damage":0,"enemies":"Small Slimes","floor":1,"turns":1},{"damage":0,"enemies":"2 Louse","floor":3,"turns":1},{"damage":0,"enemies":"Gremlin Nob","floor":6,"turns":1},{"damage":0,"enemies":"Cultist","floor":7,"turns":4},{"damage":3,"enemies":"Exordium Thugs","floor":10,"turns":6},{"damage":16,"enemies":"3 Sentries","floor":11,"turns":9},{"damage":37,"enemies":"Gremlin Nob","floor":13,"turns":6},{"damage":5,"enemies":"3 Louse","floor":14,"turns":2}],"seed_played":"-108308033856469065","potions_obtained":[{"floor":3,"key":"Energy Potion"},{"floor":6,"key":"AttackPotion"},{"floor":10,"key":"Weak Potion"}],"is_trial":false,"path_per_floor":["M","?","M","?","?","E","M","R","T","M","E","$","E","M"],"character_chosen":"THE_SILENT","items_purchased":["Mayhem","Noxious Fumes"],"campfire_rested":0,"item_purchase_floors":[12,12],"current_hp_per_floor":[59,59,59,59,59,59,59,59,59,56,40,40,3,0],"gold":94,"neow_bonus":"THREE_ENEMY_KILL","is_prod":false,"is_daily":false,"chose_seed":false,"campfire_upgraded":1,"win_rate":0,"timestamp":1562044381,"path_taken":["M","?","M","?","?","E","M","R","T","?","E","?","E","M"],"build_version":"2019-07-01","purchased_purges":0,"victory":false,"max_hp_per_floor":[66,66,66,66,66,66,66,66,66,66,66,66,66,66],"card_choices":[{"not_picked":["Dagger Throw","Terror"],"picked":"Noxious Fumes","floor":1},{"not_picked":["Cloak And Dagger","Caltrops"],"picked":"Footwork","floor":3},{"not_picked":["Finisher","Doppelganger"],"picked":"Deadly Poison","floor":6},{"not_picked":["Crippling Poison","Distraction"],"picked":"Blur","floor":7},{"not_picked":["Masterful Stab","Distraction"],"picked":"PiercingWail","floor":10},{"not_picked":["Predator","Cloak And Dagger"],"picked":"Poisoned Stab","floor":11},{"not_picked":["Unload","Sucker Punch"],"picked":"PiercingWail","floor":13}],"player_experience":1112947,"relics_obtained":[{"floor":6,"key":"Art of War"},{"floor":9,"key":"Happy Flower"},{"floor":11,"key":"Ice Cream"},{"floor":13,"key":"Letter Opener"}],"event_choices":[{"damage_healed":0,"gold_gain":150,"player_choice":"AGREE","damage_taken":0,"max_hp_gain":0,"max_hp_loss":0,"event_name":"Liars Game","floor":2,"gold_loss":0,"cards_obtained":["Doubt"]},{"cards_removed":["Doubt"],"damage_healed":0,"gold_gain":0,"player_choice":"Card Removal","damage_taken":0,"max_hp_gain":0,"max_hp_loss":0,"event_name":"The Cleric","floor":4,"gold_loss":75},{"damage_healed":0,"gold_gain":0,"player_choice":"Upgraded","damage_taken":0,"max_hp_gain":0,"max_hp_loss":0,"event_name":"Upgrade Shrine","floor":5,"gold_loss":0,"cards_upgraded":["Noxious Fumes"]}],"is_beta":false,"boss_relics":[],"items_purged_floors":[],"is_endless":false,"potions_floor_spawned":[3,6,10],"killed_by":"3 Louse","ascension_level":19}