{"gold_per_floor":[119,34,34,34,34,67,67,111,163,189,189,203,4,29,29,118,118,98,98,111,124,124,162,174,210,222,259,251,284,319,346,358,370],"floor_reached":33,"playtime":1521,"items_purged":["Regret"],"score":638,"play_id":"0563be88-31ca-49b9-9f4a-b3dbd2599474","local_time":"20190628213213","is_ascension_mode":true,"campfire_choices":[{"data":"Disarm","floor":11,"key":"SMITH"},{"data":"Combust","floor":15,"key":"SMITH"},{"floor":24,"key":"REST"},{"floor":32,"key":"REST"}],"neow_cost":"NONE","seed_source_timestamp":1376536160870984,"circlet_count":0,"master_deck":["AscendersBane","Strike_R","Strike_R","Strike_R","Strike_R","Strike_R","Defend_R+1","Defend_R+1","Defend_R","Defend_R","Bash","Combust+1","Inflame+1","Disarm+1","Parasite","Wild Strike","Armaments+1","Shockwave+1","Ghostly Armor+1","Offering+1","Disarm+1","Sword Boomerang+1","Shrug It Off+1","Havoc+1","Heavy Blade"],"relics":["Burning Blood","NeowsBlessing","Matryoshka","Golden Idol","Bag of Preparation","War Paint","Vajra","Pen Nib","Toxic Egg 2","Lantern","Black Star","PreservedInsect","MawBank","Singing Bowl"],"potions_floor_usage":[16,23,23,30,30,31,33,33],"damage_taken":[{"damage":0,"enemies":"2 Louse","floor":1,"turns":1},{"damage":0,"enemies":"Gremlin Nob","floor":6,"turns":1},{"damage":0,"enemies":"Lagavulin","floor":8,"turns":1},{"damage":10,"enemies":"Jaw Worm","floor":12,"turns":4},{"damage":4,"enemies":"Small Slimes","floor":14,"turns":4},{"damage":26,"enemies":"The Guardian","floor":16,"turns":14},{"damage":13,"enemies":"2 Thieves","floor":18,"turns":4},{"damage":24,"enemies":"3 Byrds","floor":20,"turns":4},{"damage":19,"enemies":"3 Cultists","floor":21,"turns":4},{"damage":14,"enemies":"Book of Stabbing","floor":23,"turns":6},{"damage":20,"enemies":"Cultist and Chosen","floor":25,"turns":7},{"damage":21,"enemies":"Snake Plant","floor":27,"turns":5},{"damage":10,"enemies":"3 Cultists","floor":29,"turns":4},{"damage":10,"enemies":"Cultist and Chosen","floor":30,"turns":7},{"damage":9,"enemies":"Snecko","floor":31,"turns":3},{"damage":51,"enemies":"Collector","floor":33,"turns":3}],"seed_played":"2522994586315600612","potions_obtained":[{"floor":1,"key":"Regen Potion"},{"floor":14,"key":"GamblersBrew"},{"floor":18,"key":"Energy Potion"},{"floor":23,"key":"Strength Potion"},{"floor":28,"key":"LiquidBronze"},{"floor":29,"key":"EntropicBrew"},{"floor":31,"key":"Explosive Potion"}],"is_trial":false,"path_per_floor":["M","$","?","?","?","E","?","E","T","T","R","M","$","M","R","B",null,"M","?","M","M","?","E","R","M","T","M","?","M","M","M","R","B"],"character_chosen":"IRONCLAD","items_purchased":["Inflame","Shockwave+1","Ghostly Armor+1"],"campfire_rested":2,"item_purchase_floors":[2,13,13],"current_hp_per_floor":[74,74,74,74,68,68,68,68,68,68,68,64,64,66,66,46,63,56,56,38,25,25,32,52,38,38,25,25,23,21,20,42,0],"gold":370,"neow_bonus":"THREE_ENEMY_KILL","is_prod":false,"is_daily":false,"chose_seed":false,"campfire_upgraded":2,"win_rate":0,"timestamp":1561782733,"path_taken":["M","$","?","?","?","E","?","E","T","?","R","M","$","M","R","BOSS","M","?","?","?","?","E","R","M","T","M","?","M","?","M","R","BOSS"],"build_version":"2019-01-23","purchased_purges":1,"victory":false,"max_hp_per_floor":[75,75,75,75,68,68,68,68,68,68,68,68,68,68,68,68,68,68,68,68,68,68,68,68,68,68,70,70,72,74,76,76,76],"card_choices":[{"not_picked":["Searing Blow","Wild Strike"],"picked":"Combust","floor":1},{"not_picked":["Body Slam","Pommel Strike"],"picked":"Disarm","floor":6},{"not_picked":["Rupture","Pummel"],"picked":"Wild Strike","floor":8},{"not_picked":["Thunderclap","Flex+1"],"picked":"Armaments+1","floor":12},{"not_picked":["Flex+1","Iron Wave","Metallicize"],"picked":"SKIP","floor":14},{"not_picked":["Impervious+1","Demon Form"],"picked":"Offering+1","floor":16},{"not_picked":["Rupture","Clash"],"picked":"Disarm+1","floor":18},{"not_picked":["True Grit+1","Warcry+1"],"picked":"Sword Boomerang+1","floor":20},{"not_picked":["Evolve","Clash"],"picked":"Shrug It Off+1","floor":21},{"not_picked":["Headbutt","Wild Strike"],"picked":"Havoc+1","floor":23},{"not_picked":["Sword Boomerang","Combust+1"],"picked":"Heavy Blade","floor":25},{"not_picked":["Thunderclap+1","Hemokinesis","Havoc+1"],"picked":"Singing Bowl","floor":27},{"not_picked":["Offering+1","Thunderclap","True Grit+1"],"picked":"Singing Bowl","floor":29},{"not_picked":["Body Slam+1","Iron Wave","Clash"],"picked":"Singing Bowl","floor":30},{"not_picked":["Twin Strike+1","Pummel","Havoc+1"],"picked":"Singing Bowl","floor":31}],"player_experience":1101732,"relics_obtained":[{"floor":6,"key":"Bag of Preparation"},{"floor":8,"key":"War Paint"},{"floor":9,"key":"Vajra"},{"floor":9,"key":"Pen Nib"},{"floor":10,"key":"Toxic Egg 2"},{"floor":10,"key":"Lantern"},{"floor":23,"key":"PreservedInsect"},{"floor":23,"key":"MawBank"},{"floor":26,"key":"Singing Bowl"}],"event_choices":[{"damage_healed":0,"gold_gain":0,"player_choice":"Leave","damage_taken":0,"max_hp_gain":0,"max_hp_loss":0,"event_name":"The Cleric","floor":3,"gold_loss":0},{"damage_healed":0,"gold_gain":0,"player_choice":"Box","damage_taken":0,"relics_obtained":["Matryoshka"],"max_hp_gain":0,"max_hp_loss":0,"event_name":"Big Fish","floor":4,"gold_loss":0,"cards_obtained":["Regret"]},{"damage_healed":0,"gold_gain":0,"player_choice":"Lose Max HP","damage_taken":0,"relics_obtained":["Golden Idol"],"max_hp_gain":0,"max_hp_loss":7,"event_name":"Golden Idol","floor":5,"gold_loss":0},{"damage_healed":17,"gold_gain":0,"player_choice":"Healed and dodged fight","damage_taken":0,"max_hp_gain":0,"max_hp_loss":0,"event_name":"Mushrooms","floor":7,"gold_loss":0,"cards_obtained":["Parasite"]},{"damage_healed":0,"gold_gain":0,"player_choice":"Upgraded","damage_taken":0,"max_hp_gain":0,"max_hp_loss":0,"event_name":"Upgrade Shrine","floor":19,"gold_loss":0,"cards_upgraded":["Inflame"]},{"damage_healed":0,"gold_gain":0,"player_choice":"Ignored","damage_taken":0,"max_hp_gain":0,"max_hp_loss":0,"event_name":"Cursed Tome","floor":22,"gold_loss":0},{"damage_healed":0,"gold_gain":0,"player_choice":"Bought 1 Potion","damage_taken":0,"max_hp_gain":0,"max_hp_loss":0,"event_name":"The Woman in Blue","floor":28,"gold_loss":0}],"is_beta":false,"boss_relics":[{"not_picked":["Busted Crown","Runic Dome"],"picked":"Black Star"}],"items_purged_floors":[13],"is_endless":false,"potions_floor_spawned":[1,14,18,21,23,29,31],"killed_by":"Collector","ascension_level":19}