{"gold_per_floor":[114,130,130,150,170,200,200,213,213,213,288,322,337,350,350,455,455,395,395,395,395,156,156,156,156,156,156,156,156,156,56,56,56],"floor_reached":33,"playtime":1748,"items_purged":["Pain","Decay"],"score":302,"play_id":"d7e01433-dd52-486c-b42b-16a308656294","local_time":"20190508105214","is_ascension_mode":false,"campfire_choices":[{"data":"Armaments","floor":7,"key":"SMITH"},{"data":"Searing Blow","floor":10,"key":"SMITH"},{"floor":15,"key":"REST"},{"floor":23,"key":"REST"},{"data":"Strike_R","floor":27,"key":"PURGE"},{"floor":32,"key":"REST"}],"neow_cost":"NONE","seed_source_timestamp":140025053801452,"circlet_count":0,"master_deck":["Strike_R","Strike_R","Strike_R","Strike_R","Defend_R","Defend_R","Defend_R","Defend_R","Bash","Exhume","Armaments+1","Combust","Searing Blow+1","Reaper","Armaments","Brutality","Reaper","Shrug It Off+1","Spot Weakness","Armaments","Feed","Armaments"],"relics":["Burning Blood","Peace Pipe","Sundial","Singing Bowl","Ectoplasm","WarpedTongs","Mercury Hourglass","Toxic Egg 2","Red Mask","Enchiridion"],"potions_floor_usage":[6,12,12,16,16,16,33,33,33],"damage_taken":[{"damage":14,"enemies":"Small Slimes","floor":1,"turns":4},{"damage":1,"enemies":"Cultist","floor":2,"turns":4},{"damage":6,"enemies":"Jaw Worm","floor":4,"turns":3},{"damage":7,"enemies":"Lots of Slimes","floor":5,"turns":2},{"damage":17,"enemies":"Gremlin Nob","floor":6,"turns":4},{"damage":10,"enemies":"3 Louse","floor":8,"turns":4},{"damage":33,"enemies":"Lagavulin","floor":12,"turns":6},{"damage":5,"enemies":"Looter","floor":13,"turns":4},{"damage":13,"enemies":"Blue Slaver","floor":14,"turns":5},{"damage":47,"enemies":"The Guardian","floor":16,"turns":17},{"damage":35,"enemies":"2 Thieves","floor":18,"turns":4},{"damage":16,"enemies":"Chosen","floor":20,"turns":5},{"damage":32,"enemies":"Snake Plant","floor":21,"turns":5},{"damage":79,"enemies":"Gremlin Leader","floor":24,"turns":9},{"damage":14,"enemies":"Snecko","floor":25,"turns":7},{"damage":33,"enemies":"Masked Bandits","floor":28,"turns":4},{"damage":92,"enemies":"Automaton","floor":33,"turns":12}],"seed_played":"5962743095675367585","potions_obtained":[{"floor":3,"key":"SneckoOil"},{"floor":3,"key":"SkillPotion"},{"floor":3,"key":"FearPotion"},{"floor":5,"key":"SteroidPotion"},{"floor":8,"key":"EssenceOfSteel"},{"floor":13,"key":"Swift Potion"},{"floor":14,"key":"Strength Potion"},{"floor":20,"key":"GamblersBrew"},{"floor":24,"key":"Dexterity Potion"},{"floor":28,"key":"GamblersBrew"}],"is_trial":false,"path_per_floor":["M","M","?","M","M","E","R","M","T","R","?","E","M","M","R","B",null,"M","?","M","M","$","R","E","M","T","R","?","?","?","$","R","B"],"character_chosen":"IRONCLAD","items_purchased":["Feed"],"campfire_rested":3,"item_purchase_floors":[22],"current_hp_per_floor":[72,77,77,77,76,65,65,61,61,61,50,23,24,23,47,13,82,71,71,68,47,47,71,48,47,47,47,32,16,16,16,43,0],"gold":56,"neow_bonus":"ONE_RANDOM_RARE_CARD","is_prod":false,"is_daily":false,"chose_seed":false,"campfire_upgraded":2,"win_rate":0,"timestamp":1557327134,"path_taken":["M","M","?","M","M","E","R","?","T","R","?","E","M","M","R","BOSS","M","?","?","M","$","R","E","M","T","R","?","?","?","?","R","BOSS"],"build_version":"2019-01-23","purchased_purges":2,"victory":false,"max_hp_per_floor":[80,80,80,80,80,80,80,80,80,80,80,80,80,82,82,82,82,82,82,82,82,82,82,82,84,84,84,90,90,90,90,90,90],"card_choices":[{"not_picked":["Havoc","Sword Boomerang","Seeing Red"],"picked":"SKIP","floor":1},{"not_picked":["Wild Strike","Sword Boomerang"],"picked":"Armaments","floor":2},{"not_picked":["Rage","Havoc"],"picked":"Combust","floor":4},{"not_picked":["Sever Soul","Flex","Reckless Charge"],"picked":"SKIP","floor":5},{"not_picked":["Carnage","Pummel"],"picked":"Searing Blow","floor":6},{"not_picked":["Sword Boomerang","Inflame"],"picked":"Reaper","floor":8},{"not_picked":["Pummel","Sword Boomerang"],"picked":"Armaments","floor":12},{"not_picked":["Thunderclap","True Grit"],"picked":"Brutality","floor":13},{"not_picked":["Wild Strike","Whirlwind","Pommel Strike"],"picked":"Singing Bowl","floor":14},{"not_picked":["Juggernaut","Exhume"],"picked":"Reaper","floor":16},{"not_picked":["Clash+1","Warcry"],"picked":"Shrug It Off+1","floor":18},{"not_picked":["Body Slam+1","Metallicize"],"picked":"Spot Weakness","floor":20},{"not_picked":["Iron Wave","Battle Trance"],"picked":"Armaments","floor":21},{"not_picked":["Clothesline+1","Sever Soul"],"picked":"Armaments","floor":24},{"not_picked":["Whirlwind","Cleave+1","Anger"],"picked":"Singing Bowl","floor":25},{"not_picked":["Pommel Strike+1","Wild Strike","Searing Blow"],"picked":"Singing Bowl","floor":28}],"player_experience":670121,"relics_obtained":[{"floor":6,"key":"Peace Pipe"},{"floor":9,"key":"Sundial"},{"floor":12,"key":"Singing Bowl"},{"floor":24,"key":"Mercury Hourglass"},{"floor":26,"key":"Toxic Egg 2"},{"floor":28,"key":"Red Mask"},{"floor":29,"key":"Enchiridion"}],"event_choices":[{"damage_healed":0,"gold_gain":0,"player_choice":"Got Potions","damage_taken":0,"max_hp_gain":0,"max_hp_loss":0,"event_name":"Lab","floor":3,"gold_loss":0},{"damage_healed":0,"gold_gain":75,"player_choice":"Gather Gold","damage_taken":11,"max_hp_gain":0,"max_hp_loss":0,"event_name":"World of Goop","floor":11,"gold_loss":0},{"damage_healed":0,"gold_gain":0,"player_choice":"Rummage","damage_taken":0,"relics_obtained":["WarpedTongs"],"max_hp_gain":0,"max_hp_loss":0,"event_name":"Accursed Blacksmith","floor":19,"gold_loss":0,"cards_obtained":["Pain"]},{"damage_healed":0,"gold_gain":0,"player_choice":"Fought Bandits","damage_taken":0,"max_hp_gain":0,"max_hp_loss":0,"event_name":"Masked Bandits","floor":28,"gold_loss":0},{"damage_healed":0,"gold_gain":0,"player_choice":"Obtained Book","damage_taken":16,"max_hp_gain":0,"max_hp_loss":0,"event_name":"Cursed Tome","floor":29,"gold_loss":0},{"damage_healed":0,"gold_gain":0,"player_choice":"Smashed Altar","damage_taken":0,"max_hp_gain":0,"max_hp_loss":0,"event_name":"Forgotten Altar","floor":30,"gold_loss":0,"cards_obtained":["Decay"]}],"is_beta":false,"boss_relics":[{"not_picked":["Astrolabe","Lizard Tail"],"picked":"Ectoplasm"}],"items_purged_floors":[22,31],"is_endless":false,"potions_floor_spawned":[5,8,13,14,20,24,28],"killed_by":"Automaton","ascension_level":0}