{"gold_per_floor":[113,113,131,56,10,36,48,76,103,103,136,136,147,160,160,259,259,274,285,285,295,314,342,342,257,257,270,270,270,270,284,284,381,381,399,206,306,306,38,38,71,86,109,125,141,141,441,454,454,454],"floor_reached":51,"playtime":2781,"items_purged":["Pain","Strike_B"],"score":1222,"play_id":"49fdb054-9852-46db-a4d5-c4ccd54cfa9d","local_time":"20190228134957","is_ascension_mode":true,"campfire_choices":[{"data":"Defragment","floor":10,"key":"SMITH"},{"data":"Self Repair","floor":12,"key":"SMITH"},{"data":"Defragment","floor":15,"key":"SMITH"},{"floor":24,"key":"REST"},{"floor":32,"key":"REST"},{"floor":40,"key":"REST"},{"floor":46,"key":"REST"},{"floor":49,"key":"REST"}],"neow_cost":"NONE","seed_source_timestamp":1101515365286296,"circlet_count":0,"master_deck":["AscendersBane","Strike_B","Strike_B","Strike_B","Defend_B","Defend_B+1","Defend_B","Defend_B","Zap","Dualcast+1","Gash","Self Repair+1","Cold Snap","Conserve Battery","Capacitor","Defragment+1","Cold Snap","Defragment+1","Amplify","Undo","Coolheaded","RitualDagger","Conserve Battery+1","Chaos","Chaos","Buffer","Beam Cell","Steam Power","All For One","Consume+1","Go for the Eyes","Madness","Madness","Static Discharge","Creative AI","Core Surge","Darkness","Barrage+1","Coolheaded+1","Stack+1","Core Surge","Hologram+1"],"relics":["Cracked Core","NeowsBlessing","WarpedTongs","War Paint","Orichalcum","Bronze Scales","Dodecahedron","Fusion Hammer","Kunai","Pen Nib","Cables","Nloth\u0027s Gift","Nuclear Battery","Runic Capacitor","Torii","Prayer Wheel","Omamori","Old Coin"],"potions_floor_usage":[8,11,16,16,18,21,22,23,41,50,50],"damage_taken":[{"damage":0,"enemies":"Small Slimes","floor":1,"turns":1},{"damage":0,"enemies":"Cultist","floor":3,"turns":1},{"damage":0,"enemies":"3 Sentries","floor":6,"turns":1},{"damage":7,"enemies":"Jaw Worm","floor":7,"turns":3},{"damage":15,"enemies":"Lagavulin","floor":8,"turns":9},{"damage":6,"enemies":"3 Sentries","floor":11,"turns":7},{"damage":11,"enemies":"Large Slime","floor":13,"turns":4},{"damage":0,"enemies":"Looter","floor":14,"turns":3},{"damage":18,"enemies":"Slime Boss","floor":16,"turns":10},{"damage":0,"enemies":"3 Byrds","floor":18,"turns":3},{"damage":0,"enemies":"Chosen","floor":19,"turns":4},{"damage":7,"enemies":"Centurion and Healer","floor":21,"turns":10},{"damage":6,"enemies":"Shelled Parasite and Fungi","floor":22,"turns":9},{"damage":14,"enemies":"Book of Stabbing","floor":23,"turns":5},{"damage":4,"enemies":"Cultist and Chosen","floor":27,"turns":6},{"damage":12,"enemies":"Chosen and Byrds","floor":31,"turns":4},{"damage":25,"enemies":"Automaton","floor":33,"turns":12},{"damage":24,"enemies":"3 Darklings","floor":35,"turns":7},{"damage":0,"enemies":"Mind Bloom Boss Battle","floor":37,"turns":8},{"damage":34,"enemies":"Nemesis","floor":41,"turns":9},{"damage":44,"enemies":"3 Shapes","floor":42,"turns":4},{"damage":0,"enemies":"Maw","floor":44,"turns":7},{"damage":0,"enemies":"3 Darklings","floor":45,"turns":8},{"damage":44,"enemies":"4 Shapes","floor":48,"turns":7},{"damage":35,"enemies":"Time Eater","floor":50,"turns":10}],"seed_played":"-5479525530252670749","potions_obtained":[{"floor":3,"key":"Energy Potion"},{"floor":6,"key":"Dexterity Potion"},{"floor":11,"key":"FocusPotion"},{"floor":14,"key":"Ancient Potion"},{"floor":16,"key":"Poison Potion"},{"floor":18,"key":"Swift Potion"},{"floor":19,"key":"Fire Potion"},{"floor":22,"key":"GamblersBrew"},{"floor":42,"key":"Dexterity Potion"},{"floor":48,"key":"Poison Potion"}],"is_trial":false,"path_per_floor":["M","?","M","$","$","E","M","E","T","R","E","R","M","M","R","B",null,"M","M","?","M","M","E","R","?","T","M","?","T","?","M","R","B",null,"M","$","?","?","$","R","E","M","T","M","M","R","T","M","R","B",null],"character_chosen":"DEFECT","items_purchased":["Cold Snap","Runic Capacitor","Fruit Juice","Static Discharge"],"campfire_rested":5,"item_purchase_floors":[5,36,39,39],"current_hp_per_floor":[68,68,68,68,68,68,71,66,66,66,67,67,66,75,75,67,73,75,75,69,75,75,71,75,75,75,75,75,75,75,63,75,60,71,57,57,67,58,58,75,56,12,12,22,32,56,56,22,46,21],"gold":454,"neow_bonus":"THREE_ENEMY_KILL","is_prod":false,"is_daily":false,"chose_seed":false,"campfire_upgraded":3,"win_rate":0,"timestamp":1551379797,"path_taken":["M","?","?","?","$","E","M","E","T","R","E","R","M","M","R","BOSS","M","M","?","M","M","E","R","?","T","M","?","?","?","M","R","BOSS","M","$","?","?","$","R","E","M","T","M","M","R","?","?","R","BOSS"],"build_version":"2019-01-23","purchased_purges":2,"victory":true,"max_hp_per_floor":[75,75,75,75,75,75,75,75,75,75,75,75,75,75,75,75,75,75,75,75,75,75,75,75,75,75,75,75,75,75,75,75,75,75,75,75,75,75,75,75,80,80,80,80,80,80,80,80,80,80],"card_choices":[{"not_picked":["Melter","Redo"],"picked":"Gash","floor":1},{"not_picked":["Ball Lightning","Rebound"],"picked":"Self Repair","floor":3},{"not_picked":["Redo","Gash"],"picked":"Conserve Battery","floor":6},{"not_picked":["Darkness","Steam"],"picked":"Capacitor","floor":7},{"not_picked":["Redo","Conserve Battery"],"picked":"Defragment","floor":8},{"not_picked":["Streamline","Scrape","Sunder"],"picked":"SKIP","floor":11},{"not_picked":["Rebound","Genetic Algorithm"],"picked":"Cold Snap","floor":13},{"not_picked":["Lockon","Go for the Eyes"],"picked":"Defragment","floor":14},{"not_picked":["Hyperbeam","Meteor Strike"],"picked":"Amplify","floor":16},{"not_picked":["Steam","Turbo"],"picked":"Undo","floor":18},{"not_picked":["Storm","Ball Lightning"],"picked":"Coolheaded","floor":19},{"not_picked":["Hologram","Redo"],"picked":"Conserve Battery+1","floor":21},{"not_picked":["Turbo","Reinforced Body"],"picked":"Chaos","floor":22},{"not_picked":["Tempest","Reprogram"],"picked":"Chaos","floor":23},{"not_picked":["Cold Snap","Undo"],"picked":"Buffer","floor":27},{"not_picked":["Hologram+1","Seek"],"picked":"Steam Power","floor":31},{"not_picked":["Hyperbeam","Rainbow"],"picked":"All For One","floor":33},{"not_picked":["Hologram","Cold Snap"],"picked":"Consume+1","floor":35},{"not_picked":["Sunder","Sweeping Beam"],"picked":"Go for the Eyes","floor":37},{"not_picked":["Go for the Eyes","Sweeping Beam"],"picked":"Creative AI","floor":41},{"not_picked":["Turbo","Compile Driver+1"],"picked":"Core Surge","floor":42},{"not_picked":["Lockon","Cold Snap"],"picked":"Darkness","floor":42},{"not_picked":["Coolheaded","Auto Shields+1"],"picked":"Barrage+1","floor":44},{"not_picked":["Genetic Algorithm","Undo"],"picked":"Coolheaded+1","floor":44},{"not_picked":["Rebound","Turbo"],"picked":"Stack+1","floor":45},{"not_picked":["Leap","Ball Lightning","Beam Cell"],"picked":"SKIP","floor":45},{"not_picked":["Cold Snap+1","Self Repair"],"picked":"Core Surge","floor":48},{"not_picked":["Coolheaded","Rebound"],"picked":"Hologram+1","floor":48}],"player_experience":328673,"relics_obtained":[{"floor":6,"key":"War Paint"},{"floor":8,"key":"Orichalcum"},{"floor":9,"key":"Bronze Scales"},{"floor":11,"key":"Dodecahedron"},{"floor":23,"key":"Kunai"},{"floor":26,"key":"Singing Bowl"},{"floor":29,"key":"Cables"},{"floor":37,"key":"Torii"},{"floor":41,"key":"Prayer Wheel"},{"floor":43,"key":"Omamori"},{"floor":47,"key":"Old Coin"}],"event_choices":[{"damage_healed":0,"gold_gain":0,"player_choice":"Rummage","damage_taken":0,"relics_obtained":["WarpedTongs"],"max_hp_gain":0,"max_hp_loss":0,"event_name":"Accursed Blacksmith","floor":2,"gold_loss":0,"cards_obtained":["Pain"]},{"damage_healed":0,"gold_gain":0,"player_choice":"Joined the Cult","damage_taken":6,"max_hp_gain":0,"max_hp_loss":0,"event_name":"Nest","floor":20,"gold_loss":0,"cards_obtained":["RitualDagger"]},{"damage_healed":0,"gold_gain":0,"player_choice":"Obtained Relic","damage_taken":0,"relics_obtained":["Pen Nib"],"max_hp_gain":0,"max_hp_loss":0,"event_name":"Addict","floor":25,"gold_loss":85},{"damage_healed":0,"gold_gain":0,"player_choice":"Read","damage_taken":0,"max_hp_gain":0,"max_hp_loss":0,"event_name":"The Library","floor":28,"gold_loss":0,"cards_obtained":["Beam Cell"]},{"damage_healed":0,"gold_gain":0,"player_choice":"Traded Relic","damage_taken":0,"relics_obtained":["Nloth\u0027s Gift"],"max_hp_gain":0,"max_hp_loss":0,"event_name":"N\u0027loth","floor":30,"relics_lost":["Singing Bowl"],"gold_loss":0},{"damage_healed":0,"gold_gain":0,"player_choice":"Fight","damage_taken":0,"max_hp_gain":0,"max_hp_loss":0,"event_name":"MindBloom","floor":37,"gold_loss":0},{"damage_healed":0,"gold_gain":0,"player_choice":"Embrace Madness","damage_taken":9,"max_hp_gain":0,"max_hp_loss":0,"event_name":"Winding Halls","floor":38,"gold_loss":0,"cards_obtained":["Madness","Madness"]}],"is_beta":false,"boss_relics":[{"not_picked":["Runic Dome","Inserter"],"picked":"Fusion Hammer"},{"not_picked":["Runic Pyramid","Empty Cage"],"picked":"Nuclear Battery"}],"items_purged_floors":[4,39],"is_endless":false,"potions_floor_spawned":[3,6,11,14,16,18,19,22,42,48],"ascension_level":12}