{"gold_per_floor":[117,73,83,97,97,126,126,126,173,23,23,66,87,87,87,180,180,164,7,7,7,7],"floor_reached":22,"playtime":734,"items_purged":[],"score":361,"play_id":"e071f121-c94a-4b88-a306-845e848a4fcc","local_time":"20190523083229","is_ascension_mode":true,"campfire_choices":[{"floor":8,"key":"REST"},{"data":"Glass Knife","floor":11,"key":"SMITH"},{"floor":15,"key":"REST"}],"neow_cost":"PERCENT_DAMAGE","seed_source_timestamp":486997836311371,"circlet_count":0,"master_deck":["AscendersBane","Defend_G","Defend_G","Defend_G","Defend_G","Defend_G","Strike_G","Strike_G","Strike_G","Strike_G","Strike_G","Survivor","Neutralize","Dagger Spray","Caltrops","Deadly Poison","Deadly Poison","Glass Knife+1","Bullet Time","Escape Plan+1","Catalyst","Well Laid Plans"],"relics":["Ring of the Snake","Lantern","Golden Idol","Potion Belt","Question Card","Fusion Hammer"],"potions_floor_usage":[12,16,16,16,20],"damage_taken":[{"damage":0,"enemies":"2 Louse","floor":1,"turns":3},{"damage":6,"enemies":"Jaw Worm","floor":3,"turns":7},{"damage":6,"enemies":"Cultist","floor":4,"turns":4},{"damage":40,"enemies":"Lagavulin","floor":6,"turns":7},{"damage":26,"enemies":"Gremlin Nob","floor":12,"turns":4},{"damage":2,"enemies":"3 Louse","floor":13,"turns":3},{"damage":22,"enemies":"The Guardian","floor":16,"turns":9},{"damage":21,"enemies":"2 Thieves","floor":18,"turns":4},{"damage":25,"enemies":"Colosseum Slavers","floor":20,"turns":4},{"damage":20,"enemies":"Shell Parasite","floor":22,"turns":3}],"seed_played":"8768912065212736772","potions_obtained":[{"floor":6,"key":"SkillPotion"},{"floor":13,"key":"EntropicBrew"},{"floor":16,"key":"GhostInAJar"}],"is_trial":false,"path_per_floor":["M","$","M","M","?","E","?","R","T","$","R","E","M","$","R","B",null,"M","$","?","$","M"],"character_chosen":"THE_SILENT","items_purchased":["Caltrops","Glass Knife","Catalyst","Well Laid Plans"],"campfire_rested":2,"item_purchase_floors":[2,10,19,19],"current_hp_per_floor":[56,56,50,44,49,9,9,31,31,31,31,5,3,3,25,3,57,36,36,11,11,0],"gold":7,"neow_bonus":"TWENTY_PERCENT_HP_BONUS","is_prod":false,"is_daily":false,"chose_seed":false,"campfire_upgraded":1,"win_rate":0,"timestamp":1558614749,"path_taken":["M","$","M","M","?","E","?","R","T","?","R","E","M","$","R","BOSS","M","?","?","$","?"],"build_version":"2019-01-23","purchased_purges":0,"victory":false,"max_hp_per_floor":[78,78,78,78,83,83,75,75,75,75,75,75,75,75,75,75,75,75,75,75,75,75],"card_choices":[{"not_picked":["Well Laid Plans","Underhanded Strike"],"picked":"Dagger Spray","floor":1},{"not_picked":["Terror","Slice"],"picked":"Deadly Poison","floor":3},{"not_picked":["Outmaneuver","Slice"],"picked":"Deadly Poison","floor":4},{"not_picked":["Infinite Blades","Expertise","PiercingWail"],"picked":"SKIP","floor":6},{"not_picked":["Masterful Stab","Flying Knee","Dagger Spray"],"picked":"SKIP","floor":12},{"not_picked":["Deadly Poison","Accuracy","Poisoned Stab","Blade Dance"],"picked":"SKIP","floor":13},{"not_picked":["Glass Knife","Die Die Die","Night Terror"],"picked":"Bullet Time","floor":16},{"not_picked":["Acrobatics","Flying Knee+1","Well Laid Plans"],"picked":"Escape Plan+1","floor":18}],"player_experience":748774,"relics_obtained":[{"floor":6,"key":"Lantern"},{"floor":9,"key":"Potion Belt"},{"floor":12,"key":"Question Card"}],"event_choices":[{"damage_healed":0,"gold_gain":0,"player_choice":"Donut","damage_taken":0,"max_hp_gain":5,"max_hp_loss":0,"event_name":"Big Fish","floor":5,"gold_loss":0},{"damage_healed":0,"gold_gain":0,"player_choice":"Lose Max HP","damage_taken":0,"relics_obtained":["Golden Idol"],"max_hp_gain":0,"max_hp_loss":8,"event_name":"Golden Idol","floor":7,"gold_loss":0},{"damage_healed":0,"gold_gain":0,"player_choice":"Fight","damage_taken":0,"max_hp_gain":0,"max_hp_loss":0,"event_name":"Colosseum","floor":20,"gold_loss":0},{"damage_healed":0,"gold_gain":0,"player_choice":"Fled From Nobs","damage_taken":0,"max_hp_gain":0,"max_hp_loss":0,"event_name":"Colosseum","floor":20,"gold_loss":0}],"is_beta":false,"boss_relics":[{"not_picked":["Lizard Tail","Black Star"],"picked":"Fusion Hammer"}],"items_purged_floors":[],"is_endless":false,"potions_floor_spawned":[6,13,16,20],"killed_by":"Shell Parasite","ascension_level":18}