{"gold_per_floor":[112,112,132,75,150,176,176,176,223,283,299,157,190,190,190,268,268,286,336,350,380,380],"floor_reached":22,"playtime":887,"items_purged":[],"score":365,"play_id":"0c007cfa-fd4b-4f0c-897a-d47fc282e16d","local_time":"20190615174736","is_ascension_mode":true,"campfire_choices":[{"floor":15,"key":"REST"}],"neow_cost":"NONE","seed_source_timestamp":240498474501155,"circlet_count":0,"master_deck":["AscendersBane","Strike_R+1","Strike_R+1","Strike_R","Defend_R","Defend_R","Defend_R","Defend_R","Bash","Anger","True Grit","Parasite","True Grit","Corruption","Shrug It Off","Flame Barrier","Demon Form","Intimidate+1","Spot Weakness","Cleave"],"relics":["Burning Blood","Happy Flower","Red Skull","SsserpentHead","Smiling Mask","Meat on the Bone","Fusion Hammer"],"potions_floor_usage":[6,6,11,13,16,22,22],"damage_taken":[{"damage":5,"enemies":"2 Louse","floor":1,"turns":4},{"damage":10,"enemies":"Small Slimes","floor":3,"turns":4},{"damage":14,"enemies":"3 Sentries","floor":6,"turns":11},{"damage":6,"enemies":"Cultist","floor":10,"turns":3},{"damage":4,"enemies":"Red Slaver","floor":11,"turns":4},{"damage":11,"enemies":"Gremlin Nob","floor":13,"turns":3},{"damage":56,"enemies":"Slime Boss","floor":16,"turns":14},{"damage":15,"enemies":"2 Thieves","floor":18,"turns":5},{"damage":27,"enemies":"Shell Parasite","floor":20,"turns":7},{"damage":50,"enemies":"3 Cultists","floor":22,"turns":4}],"seed_played":"1500334777150367432","potions_obtained":[{"floor":1,"key":"EssenceOfSteel"},{"floor":6,"key":"GamblersBrew"},{"floor":11,"key":"PowerPotion"},{"floor":16,"key":"GamblersBrew"},{"floor":20,"key":"Ancient Potion"},{"floor":21,"key":"PowerPotion"}],"is_trial":false,"path_per_floor":["M","?","M","$","?","E","?","?","T","M","M","$","E","$","R","B",null,"M","?","M","?","M"],"character_chosen":"IRONCLAD","items_purchased":["PowerPotion","Corruption","Shrug It Off","PowerPotion"],"campfire_rested":1,"item_purchase_floors":[4,12,12,12],"current_hp_per_floor":[69,46,42,42,31,23,41,41,41,41,43,43,38,38,60,22,62,53,53,44,44,0],"gold":380,"neow_bonus":"RANDOM_COMMON_RELIC","is_prod":false,"is_daily":false,"chose_seed":false,"campfire_upgraded":0,"win_rate":0,"timestamp":1560646056,"path_taken":["M","?","M","$","?","E","?","?","T","?","M","?","E","$","R","BOSS","M","?","M","?","M"],"build_version":"2019-01-23","purchased_purges":0,"victory":false,"max_hp_per_floor":[75,75,75,75,75,75,75,75,75,75,75,75,75,75,75,75,75,75,75,75,75,75],"card_choices":[{"not_picked":["Second Wind","Power Through"],"picked":"Anger","floor":1},{"not_picked":["Sword Boomerang","Armaments","Havoc"],"picked":"SKIP","floor":3},{"not_picked":["Brutality","Bloodletting"],"picked":"True Grit","floor":6},{"not_picked":["Clash","Bloodletting","Iron Wave"],"picked":"SKIP","floor":10},{"not_picked":["Iron Wave","Clash"],"picked":"True Grit","floor":11},{"not_picked":["Searing Blow","Twin Strike"],"picked":"Flame Barrier","floor":13},{"not_picked":["Double Tap","Offering"],"picked":"Demon Form","floor":16},{"not_picked":["Clash+1","Wild Strike"],"picked":"Intimidate+1","floor":18},{"not_picked":["Clothesline","Iron Wave","Clash+1"],"picked":"SKIP","floor":20}],"player_experience":1013739,"relics_obtained":[{"floor":6,"key":"Red Skull"},{"floor":9,"key":"Smiling Mask"},{"floor":13,"key":"Meat on the Bone"}],"event_choices":[{"damage_healed":0,"gold_gain":0,"player_choice":"Entered Light","damage_taken":23,"max_hp_gain":0,"max_hp_loss":0,"event_name":"Shining Light","floor":2,"gold_loss":0,"cards_upgraded":["Strike_R","Strike_R"]},{"damage_healed":0,"gold_gain":75,"player_choice":"Gather Gold","damage_taken":11,"max_hp_gain":0,"max_hp_loss":0,"event_name":"World of Goop","floor":5,"gold_loss":0},{"damage_healed":18,"gold_gain":0,"player_choice":"Healed and dodged fight","damage_taken":0,"max_hp_gain":0,"max_hp_loss":0,"event_name":"Mushrooms","floor":7,"gold_loss":0,"cards_obtained":["Parasite"]},{"damage_healed":0,"gold_gain":0,"player_choice":"Trade","damage_taken":0,"relics_obtained":["SsserpentHead"],"max_hp_gain":0,"max_hp_loss":0,"event_name":"FaceTrader","floor":8,"gold_loss":0},{"damage_healed":0,"gold_gain":0,"cards_transformed":["Strike_R","Strike_R"],"player_choice":"Became Test Subject","damage_taken":0,"max_hp_gain":0,"max_hp_loss":0,"event_name":"Drug Dealer","floor":19,"gold_loss":0,"cards_obtained":["Spot Weakness","Cleave"]},{"damage_healed":0,"gold_gain":0,"player_choice":"Bought 1 Potion","damage_taken":0,"max_hp_gain":0,"max_hp_loss":0,"event_name":"The Woman in Blue","floor":21,"gold_loss":0}],"is_beta":false,"boss_relics":[{"not_picked":["Black Star","Eternal Feather"],"picked":"Fusion Hammer"}],"items_purged_floors":[],"is_endless":false,"potions_floor_spawned":[1,6,11,16,20],"killed_by":"3 Cultists","ascension_level":18}