{"gold_per_floor":[114,64,64,84,9,9,29,59,59,59,59,75,75,100,100,196,196,210,62,78,78],"floor_reached":21,"playtime":730,"items_purged":["Decay"],"score":304,"play_id":"c290013b-70f6-4027-b38e-4e811c987742","local_time":"20181119185002","is_ascension_mode":true,"campfire_choices":[{"data":"Warcry","floor":6,"key":"SMITH"},{"data":"Pummel","floor":13,"key":"SMITH"},{"data":"True Grit","floor":15,"key":"SMITH"}],"neow_cost":"NONE","seed_source_timestamp":4523790051721,"circlet_count":0,"master_deck":["AscendersBane","Strike_R","Strike_R","Strike_R","Defend_R","Defend_R","Defend_R","Defend_R","Bash","Warcry+1","Uppercut","True Grit+1","Headbutt","Pummel+1","Rampage","Barricade","Armaments","Ghostly Armor+1"],"relics":["Black Blood","NeowsBlessing","Bag of Preparation","Mercury Hourglass","Golden Idol","PreservedInsect"],"potions_floor_usage":[8,8,16],"damage_taken":[{"damage":0,"enemies":"Jaw Worm","floor":1,"turns":1},{"damage":2,"enemies":"Small Slimes","floor":4,"turns":2},{"damage":0,"enemies":"Cultist","floor":7,"turns":1},{"damage":12,"enemies":"Gremlin Nob","floor":8,"turns":3},{"damage":12,"enemies":"Looter","floor":12,"turns":3},{"damage":9,"enemies":"Blue Slaver","floor":14,"turns":3},{"damage":32,"enemies":"Slime Boss","floor":16,"turns":9},{"damage":27,"enemies":"3 Byrds","floor":18,"turns":6},{"damage":23,"enemies":"Shell Parasite","floor":20,"turns":9},{"damage":34,"enemies":"Centurion and Healer","floor":21,"turns":5}],"seed_played":"-3301904844992380327","potions_obtained":[{"floor":4,"key":"Fire Potion"},{"floor":7,"key":"PowerPotion"},{"floor":12,"key":"PowerPotion"},{"floor":20,"key":"PowerPotion"}],"is_trial":false,"path_per_floor":["M","?","?","M","$","R","M","E","T","?","?","M","R","M","R","B",null,"M","$","M","M"],"character_chosen":"IRONCLAD","items_purchased":["PreservedInsect"],"campfire_rested":0,"item_purchase_floors":[19],"current_hp_per_floor":[74,74,74,75,75,75,75,69,69,69,69,63,63,60,60,34,60,43,43,30,0],"gold":78,"neow_bonus":"THREE_ENEMY_KILL","is_prod":false,"is_daily":false,"chose_seed":false,"campfire_upgraded":3,"win_rate":0,"timestamp":1542682202,"path_taken":["M","?","?","?","$","R","M","E","T","?","?","M","R","M","R","BOSS","M","?","?","M"],"build_version":"2018-11-15","purchased_purges":1,"victory":false,"max_hp_per_floor":[75,75,75,75,75,75,75,75,75,69,69,69,69,69,69,69,69,69,69,69,69],"card_choices":[{"not_picked":["Perfected Strike","Armaments"],"picked":"Warcry","floor":1},{"not_picked":["True Grit","Combust"],"picked":"Uppercut","floor":4},{"not_picked":["Clash","Cleave"],"picked":"True Grit","floor":7},{"not_picked":["Sword Boomerang","Clash"],"picked":"Headbutt","floor":8},{"not_picked":["Heavy Blade","Sword Boomerang"],"picked":"Pummel","floor":12},{"not_picked":["True Grit","Combust"],"picked":"Rampage","floor":14},{"not_picked":["Offering","Reaper"],"picked":"Barricade","floor":16},{"not_picked":["Rupture","Thunderclap"],"picked":"Armaments","floor":18},{"not_picked":["Battle Trance","Cleave"],"picked":"Ghostly Armor+1","floor":20}],"player_experience":786376,"relics_obtained":[{"floor":8,"key":"Bag of Preparation"},{"floor":9,"key":"Mercury Hourglass"}],"event_choices":[{"cards_removed":["Strike_R"],"damage_healed":0,"gold_gain":0,"player_choice":"Card Removal","damage_taken":0,"max_hp_gain":0,"max_hp_loss":0,"event_name":"The Cleric","floor":2,"gold_loss":50},{"damage_healed":0,"gold_gain":0,"player_choice":"Cursed","damage_taken":0,"max_hp_gain":0,"max_hp_loss":0,"event_name":"Wheel of Change","floor":3,"gold_loss":0,"cards_obtained":["Decay"]},{"damage_healed":0,"gold_gain":0,"player_choice":"Lose Max HP","damage_taken":0,"relics_obtained":["Golden Idol"],"max_hp_gain":0,"max_hp_loss":6,"event_name":"Golden Idol","floor":10,"gold_loss":0},{"cards_removed":["Strike_R"],"damage_healed":0,"gold_gain":0,"player_choice":"Purged","damage_taken":0,"max_hp_gain":0,"max_hp_loss":0,"event_name":"Purifier","floor":11,"gold_loss":0}],"is_beta":false,"boss_relics":[{"not_picked":["Pandora\u0027s Box","Runic Dome"],"picked":"Black Blood"}],"items_purged_floors":[5],"is_endless":false,"potions_floor_spawned":[4,7,12,20],"killed_by":"Centurion and Healer","ascension_level":14}