{"gold_per_floor":[111,122,142,45,62,90,101,101,131,131,37,67,117,33,33,106,106,116,41,41,41,55,55,82,101,101,101,111,111,111,36,36,113,113,130,50,50,50,66,66,66,166,166,182,182,182,193,210,210,210],"floor_reached":50,"playtime":2291,"items_purged":["Shame"],"score":1061,"play_id":"a14f0e48-57aa-44db-87cb-540321f577b8","local_time":"20190614171429","is_ascension_mode":true,"campfire_choices":[{"floor":8,"key":"REST"},{"floor":10,"key":"REST"},{"floor":15,"key":"REST"},{"floor":23,"key":"REST"},{"floor":27,"key":"REST"},{"floor":30,"key":"REST"},{"floor":32,"key":"REST"},{"floor":40,"key":"REST"},{"floor":46,"key":"REST"},{"floor":49,"key":"REST"}],"neow_cost":"NONE","seed_source_timestamp":59859033100828,"circlet_count":0,"master_deck":["AscendersBane","Zap","Dualcast","Rebound","Compile Driver","Go for the Eyes","Panacea","Ball Lightning","Conserve Battery","Cold Snap","Discovery","BootSequence","Core Surge","Rainbow","Ball Lightning","Writhe","Coolheaded","Glacier","Conserve Battery+1","Decay","Echo Form","Reinforced Body","Sunder","Echo Form","Buffer","Meteor Strike","Rebound","Hyperbeam","Hologram+1","Defragment","Regret","Doubt","Writhe","Seek+1","Reprogram+1"],"relics":["Fusion Hammer","Dead Branch","Tiny Chest","Bag of Marbles","Cursed Key","Calipers","Mercury Hourglass","Cables","Pandora\u0027s Box","Incense Burner","Ornamental Fan","Bird Faced Urn","Bottled Flame"],"potions_floor_usage":[6,7,24,33,50,50],"damage_taken":[{"damage":1,"enemies":"Cultist","floor":1,"turns":4},{"damage":3,"enemies":"2 Louse","floor":2,"turns":2},{"damage":10,"enemies":"Small Slimes","floor":3,"turns":3},{"damage":8,"enemies":"Blue Slaver","floor":5,"turns":2},{"damage":20,"enemies":"Lagavulin","floor":6,"turns":6},{"damage":1,"enemies":"2 Fungi Beasts","floor":7,"turns":3},{"damage":17,"enemies":"3 Sentries","floor":12,"turns":7},{"damage":21,"enemies":"The Guardian","floor":16,"turns":9},{"damage":9,"enemies":"Shell Parasite","floor":18,"turns":4},{"damage":4,"enemies":"2 Thieves","floor":22,"turns":3},{"damage":31,"enemies":"Slavers","floor":24,"turns":5},{"damage":13,"enemies":"Sentry and Sphere","floor":25,"turns":6},{"damage":14,"enemies":"Snake Plant","floor":28,"turns":2},{"damage":18,"enemies":"Collector","floor":33,"turns":13},{"damage":0,"enemies":"3 Shapes","floor":35,"turns":3},{"damage":8,"enemies":"Orb Walker","floor":39,"turns":3},{"damage":0,"enemies":"Mind Bloom Boss Battle","floor":42,"turns":5},{"damage":31,"enemies":"Writhing Mass","floor":44,"turns":5},{"damage":16,"enemies":"Sphere and 2 Shapes","floor":47,"turns":5},{"damage":3,"enemies":"3 Darklings","floor":48,"turns":5},{"damage":84,"enemies":"Awakened One","floor":50,"turns":5}],"seed_played":"4222739255295230488","potions_obtained":[{"floor":2,"key":"PowerPotion"},{"floor":3,"key":"SneckoOil"},{"floor":6,"key":"Ancient Potion"},{"floor":7,"key":"Fruit Juice"},{"floor":16,"key":"SkillPotion"},{"floor":28,"key":"AttackPotion"},{"floor":33,"key":"FearPotion"}],"is_trial":false,"path_per_floor":["M","M","M","$","M","E","M","R","T","R","$","E","?","$","R","B",null,"M","?","?","T","M","R","E","M","T","R","M","?","R","$","R","B",null,"M","$","T","$","M","R","T","?","T","M","?","R","M","M","R","B"],"character_chosen":"DEFECT","items_purchased":["Panacea","Discovery","Core Surge","Defragment"],"campfire_rested":10,"item_purchase_floors":[4,11,14,36],"current_hp_per_floor":[63,60,50,50,42,22,26,48,48,70,70,53,53,53,75,54,71,62,62,62,62,58,76,45,32,32,54,40,40,62,62,76,58,72,72,72,72,72,64,76,76,76,76,64,64,76,61,76,76,0],"gold":210,"neow_bonus":"BOSS_RELIC","is_prod":false,"is_daily":false,"chose_seed":false,"campfire_upgraded":0,"win_rate":0,"timestamp":1560546869,"path_taken":["M","M","?","$","M","E","M","R","T","R","$","E","?","?","R","BOSS","M","?","?","?","M","R","E","M","T","R","M","?","R","?","R","BOSS","M","$","?","$","M","R","?","?","T","?","?","R","?","M","R","BOSS"],"build_version":"2019-01-23","purchased_purges":1,"victory":false,"max_hp_per_floor":[71,71,71,71,71,71,76,76,76,76,76,76,76,76,76,76,76,76,76,76,76,76,76,76,76,76,76,76,76,76,76,76,76,76,76,76,76,76,76,76,76,76,76,76,76,76,76,76,76,76],"card_choices":[{"not_picked":["Hologram","Recycle"],"picked":"Rebound","floor":1},{"not_picked":["Rebound","Stack"],"picked":"Compile Driver","floor":2},{"not_picked":["Redo","Barrage"],"picked":"Go for the Eyes","floor":3},{"not_picked":["Heatsinks","Scrape"],"picked":"Ball Lightning","floor":5},{"not_picked":["Heatsinks","Steam Power"],"picked":"Conserve Battery","floor":6},{"not_picked":["Hello World","Heatsinks"],"picked":"Cold Snap","floor":7},{"not_picked":["Beam Cell","Melter"],"picked":"BootSequence","floor":12},{"not_picked":["Thunder Strike","All For One"],"picked":"Rainbow","floor":16},{"not_picked":["Stack","Leap"],"picked":"Ball Lightning","floor":18},{"not_picked":["Compile Driver","Beam Cell"],"picked":"Coolheaded","floor":22},{"not_picked":["Fusion","Coolheaded"],"picked":"Glacier","floor":24},{"not_picked":["Barrage+1","Gash","Ball Lightning"],"picked":"SKIP","floor":25},{"not_picked":["Storm","Coolheaded"],"picked":"Conserve Battery+1","floor":28},{"not_picked":["Machine Learning","Core Surge"],"picked":"Echo Form","floor":33},{"not_picked":["Conserve Battery","Self Repair"],"picked":"Hologram+1","floor":35},{"not_picked":["Rebound+1","Beam Cell","Leap"],"picked":"SKIP","floor":39},{"not_picked":["Redo+1","Go for the Eyes"],"picked":"Seek","floor":44},{"not_picked":["Steam","Gash"],"picked":"Reprogram+1","floor":47},{"not_picked":["Beam Cell","Consume+1","Gash"],"picked":"SKIP","floor":48}],"player_experience":895182,"relics_obtained":[{"floor":6,"key":"Dead Branch"},{"floor":9,"key":"Tiny Chest"},{"floor":12,"key":"Bag of Marbles"},{"floor":21,"key":"Calipers"},{"floor":24,"key":"Mercury Hourglass"},{"floor":26,"key":"Cables"},{"floor":37,"key":"Incense Burner"},{"floor":41,"key":"Ornamental Fan"},{"floor":42,"key":"Bird Faced Urn"},{"floor":43,"key":"Bottled Flame"}],"event_choices":[{"damage_healed":0,"gold_gain":50,"player_choice":"Pray","damage_taken":0,"max_hp_gain":0,"max_hp_loss":0,"event_name":"Golden Shrine","floor":13,"gold_loss":0},{"cards_removed":["Strike_B"],"damage_healed":0,"gold_gain":0,"player_choice":"Gave Gold","damage_taken":0,"max_hp_gain":0,"max_hp_loss":0,"event_name":"Beggar","floor":19,"gold_loss":75},{"damage_healed":0,"gold_gain":0,"player_choice":"Ignored","damage_taken":0,"max_hp_gain":0,"max_hp_loss":0,"event_name":"The Mausoleum","floor":20,"gold_loss":0},{"damage_healed":0,"gold_gain":0,"player_choice":"Smashed Altar","damage_taken":0,"max_hp_gain":0,"max_hp_loss":0,"event_name":"Forgotten Altar","floor":29,"gold_loss":0,"cards_obtained":["Decay"]},{"damage_healed":0,"gold_gain":0,"player_choice":"Fight","damage_taken":0,"max_hp_gain":0,"max_hp_loss":0,"event_name":"MindBloom","floor":42,"gold_loss":0},{"damage_healed":0,"gold_gain":0,"player_choice":"Forge","damage_taken":0,"max_hp_gain":0,"max_hp_loss":0,"event_name":"Accursed Blacksmith","floor":45,"gold_loss":0,"cards_upgraded":["Seek"]}],"is_beta":false,"boss_relics":[{"not_picked":["Black Star","Empty Cage"],"picked":"Cursed Key"},{"not_picked":["Velvet Choker","Coffee Dripper"],"picked":"Pandora\u0027s Box"}],"items_purged_floors":[31],"is_endless":false,"potions_floor_spawned":[2,3,6,7,16,18,28,33,35,42,44,48],"killed_by":"Awakened One","ascension_level":20}