{"gold_per_floor":[115,128,128,147,147,176,176,21,21,32,32,32,42,42,42,140,140,154,79,95,113,32,32,32,49,76,91,91,105,105,116,116,213,213,230,241,18,31,45,70,70,86,86,86,86,86,101,112,112,112,112,112,38,71,71],"floor_reached":55,"playtime":2375,"items_purged":["Defend_B"],"score":728,"play_id":"0b4dea19-4e9f-4b43-9a9c-c5247d0b0756","local_time":"20190415115018","is_ascension_mode":false,"campfire_choices":[{"data":"Machine Learning","floor":7,"key":"SMITH"},{"floor":11,"key":"REST"},{"data":"Capacitor","floor":15,"key":"SMITH"},{"floor":23,"key":"RECALL"},{"floor":28,"key":"REST"},{"floor":32,"key":"REST"},{"floor":41,"key":"REST"},{"floor":44,"key":"REST"},{"data":"Consume","floor":49,"key":"SMITH"},{"data":"Glacier","floor":52,"key":"SMITH"}],"neow_cost":"NONE","seed_source_timestamp":468167514959230,"circlet_count":0,"master_deck":["Strike_B","Strike_B","Defend_B","Defend_B","Defend_B","Zap","Dualcast","Machine Learning+1","Sweeping Beam","Conserve Battery","Fusion","Ball Lightning","Electrodynamics","Recycle","Capacitor+1","Buffer+1","Storm+1","Leap","Leap+1","Consume+1","Ball Lightning+1","Glacier+1","Fission+1","Stack+1","White Noise+1","Parasite","Stack+1","Reinforced Body+1","Force Field","Stack+1"],"relics":["Cracked Core","Question Card","Letter Opener","Mercury Hourglass","DataDisk","Busted Crown","Oddly Smooth Stone","Black Star","PreservedInsect","Juzu Bracelet","Regal Pillow","Orichalcum","Bottled Tornado"],"potions_floor_usage":[13,18,33,33,40,40,50,54,55],"damage_taken":[{"damage":6,"enemies":"2 Louse","floor":1,"turns":3},{"damage":0,"enemies":"Small Slimes","floor":2,"turns":2},{"damage":0,"enemies":"Cultist","floor":4,"turns":3},{"damage":31,"enemies":"3 Sentries","floor":6,"turns":8},{"damage":0,"enemies":"3 Louse","floor":10,"turns":2},{"damage":3,"enemies":"Gremlin Gang","floor":13,"turns":2},{"damage":9,"enemies":"The Guardian","floor":16,"turns":8},{"damage":20,"enemies":"2 Thieves","floor":18,"turns":3},{"damage":0,"enemies":"Spheric Guardian","floor":20,"turns":3},{"damage":8,"enemies":"Centurion and Healer","floor":21,"turns":4},{"damage":13,"enemies":"Shelled Parasite and Fungi","floor":25,"turns":4},{"damage":22,"enemies":"Snake Plant","floor":27,"turns":4},{"damage":0,"enemies":"Centurion and Healer","floor":29,"turns":4},{"damage":0,"enemies":"Snecko","floor":31,"turns":3},{"damage":0,"enemies":"Collector","floor":33,"turns":7},{"damage":0,"enemies":"3 Shapes","floor":35,"turns":3},{"damage":30,"enemies":"3 Darklings","floor":36,"turns":4},{"damage":2,"enemies":"Transient","floor":38,"turns":5},{"damage":11,"enemies":"Writhing Mass","floor":39,"turns":6},{"damage":0,"enemies":"Giant Head","floor":40,"turns":7},{"damage":32,"enemies":"Jaw Worm Horde","floor":42,"turns":4},{"damage":1,"enemies":"Transient","floor":47,"turns":5},{"damage":0,"enemies":"Maw","floor":48,"turns":7},{"damage":32,"enemies":"Donu and Deca","floor":50,"turns":8},{"damage":17,"enemies":"Shield and Spear","floor":54,"turns":4},{"damage":78,"enemies":"The Heart","floor":55,"turns":8}],"seed_played":"4415587034117610181","potions_obtained":[{"floor":1,"key":"Energy Potion"},{"floor":13,"key":"Fire Potion"},{"floor":21,"key":"Energy Potion"},{"floor":24,"key":"PowerPotion"},{"floor":24,"key":"Regen Potion"},{"floor":36,"key":"FocusPotion"},{"floor":38,"key":"PowerPotion"},{"floor":47,"key":"Regen Potion"},{"floor":48,"key":"PowerPotion"}],"is_trial":false,"path_per_floor":["M","M","?","M","?","E","R","$","T","M","R","?","M","T","R","B",null,"M","?","M","M","$","R","?","M","T","M","R","M","?","M","R","B",null,"M","M","$","M","M","E","R","M","T","R","?","?","M","M","R","B",null,"R","$","E","B"],"character_chosen":"DEFECT","items_purchased":["Electrodynamics","Consume","PreservedInsect","Force Field"],"campfire_rested":5,"item_purchase_floors":[8,22,37,53],"current_hp_per_floor":[69,69,62,62,62,31,31,31,31,31,53,53,50,50,50,41,75,55,55,55,47,47,47,47,34,34,12,34,34,34,34,56,71,75,75,45,45,43,32,32,69,37,37,74,74,74,73,73,73,41,75,75,75,58,0],"gold":71,"neow_bonus":"ONE_RANDOM_RARE_CARD","is_prod":false,"is_daily":false,"chose_seed":false,"campfire_upgraded":4,"win_rate":0,"timestamp":1555343418,"path_taken":["M","M","?","M","?","E","R","$","T","M","R","?","M","?","R","BOSS","M","?","M","M","$","R","?","?","T","M","R","M","?","M","R","BOSS","M","M","$","?","?","E","R","M","T","R","?","?","M","M","R","BOSS","R","$","E","BOSS"],"build_version":"2019-01-23","purchased_purges":1,"victory":false,"max_hp_per_floor":[75,75,75,75,75,75,75,75,75,75,75,75,75,75,75,75,75,75,75,75,75,75,75,75,75,75,75,75,75,75,75,75,75,75,75,75,75,75,75,75,75,75,75,75,75,75,75,75,75,75,75,75,75,75,75],"card_choices":[{"not_picked":["Auto Shields","Go for the Eyes"],"picked":"Sweeping Beam","floor":1},{"not_picked":["Rebound","Redo"],"picked":"Conserve Battery","floor":2},{"not_picked":["Beam Cell","Chaos"],"picked":"Fusion","floor":4},{"not_picked":["Go for the Eyes","Steam Power","Steam"],"picked":"Ball Lightning","floor":6},{"not_picked":["Scrape","Streamline","Force Field"],"picked":"Recycle","floor":10},{"not_picked":["Loop","Blizzard","Scrape"],"picked":"Capacitor","floor":13},{"not_picked":["Rainbow","Fission","All For One"],"picked":"Buffer","floor":16},{"not_picked":["Rebound"],"picked":"Storm+1","floor":18},{"not_picked":["Gash"],"picked":"Leap","floor":20},{"not_picked":["Fusion"],"picked":"Leap+1","floor":21},{"not_picked":["Redo+1","Compile Driver"],"picked":"SKIP","floor":25},{"not_picked":["Steam"],"picked":"Ball Lightning+1","floor":27},{"not_picked":["Redo","Compile Driver"],"picked":"SKIP","floor":29},{"not_picked":["Cold Snap"],"picked":"Glacier","floor":31},{"not_picked":["Creative AI"],"picked":"Fission","floor":33},{"not_picked":["Tempest","Barrage"],"picked":"SKIP","floor":35},{"not_picked":["Beam Cell"],"picked":"Stack+1","floor":36},{"not_picked":["Tempest"],"picked":"White Noise+1","floor":38},{"not_picked":["Leap+1","Steam"],"picked":"SKIP","floor":39},{"not_picked":["Creative AI","Biased Cognition"],"picked":"SKIP","floor":40},{"not_picked":["Steam"],"picked":"Stack+1","floor":42},{"not_picked":["Stack","Beam Cell"],"picked":"SKIP","floor":47},{"not_picked":["Leap+1"],"picked":"Reinforced Body+1","floor":48},{"not_picked":["Hologram+1"],"picked":"Stack+1","floor":54}],"player_experience":592092,"relics_obtained":[{"floor":6,"key":"Letter Opener"},{"floor":9,"key":"Mercury Hourglass"},{"floor":14,"key":"DataDisk"},{"floor":26,"key":"Oddly Smooth Stone"},{"floor":40,"key":"Juzu Bracelet"},{"floor":40,"key":"Regal Pillow"},{"floor":54,"key":"Orichalcum"},{"floor":54,"key":"Bottled Tornado"}],"event_choices":[{"cards_removed":["Strike_B"],"damage_healed":0,"gold_gain":0,"player_choice":"Card Removal","damage_taken":7,"max_hp_gain":0,"max_hp_loss":0,"event_name":"Golden Wing","floor":3,"gold_loss":0},{"damage_healed":0,"gold_gain":0,"player_choice":"Box","damage_taken":0,"relics_obtained":["Question Card"],"max_hp_gain":0,"max_hp_loss":0,"event_name":"Big Fish","floor":5,"gold_loss":0,"cards_obtained":["Regret"]},{"damage_healed":0,"gold_gain":0,"player_choice":"Ignored","damage_taken":0,"max_hp_gain":0,"max_hp_loss":0,"event_name":"Liars Game","floor":12,"gold_loss":0},{"cards_removed":["Regret"],"damage_healed":0,"gold_gain":0,"player_choice":"Gave Gold","damage_taken":0,"max_hp_gain":0,"max_hp_loss":0,"event_name":"Beggar","floor":19,"gold_loss":75},{"damage_healed":0,"gold_gain":0,"player_choice":"Got Potions","damage_taken":0,"max_hp_gain":0,"max_hp_loss":0,"event_name":"Lab","floor":24,"gold_loss":0},{"damage_healed":0,"gold_gain":0,"player_choice":"Forge","damage_taken":0,"max_hp_gain":0,"max_hp_loss":0,"event_name":"Accursed Blacksmith","floor":30,"gold_loss":0,"cards_upgraded":["Buffer"]},{"cards_removed":["Strike_B"],"damage_healed":0,"gold_gain":0,"player_choice":"Removed Attack","damage_taken":0,"max_hp_gain":0,"max_hp_loss":0,"event_name":"Falling","floor":45,"gold_loss":0},{"damage_healed":0,"gold_gain":0,"player_choice":"Upgraded","damage_taken":0,"max_hp_gain":0,"max_hp_loss":0,"event_name":"Upgrade Shrine","floor":46,"gold_loss":0,"cards_upgraded":["Fission"]}],"is_beta":false,"boss_relics":[{"not_picked":["Inserter","Runic Pyramid"],"picked":"Busted Crown"},{"not_picked":["Coffee Dripper","Lizard Tail"],"picked":"Black Star"}],"items_purged_floors":[37],"is_endless":false,"potions_floor_spawned":[1,13,21,27,29,36,38,47,48],"killed_by":"The Heart","ascension_level":0}