{"gold_per_floor":[112,126,138,138,157,157,200,219,272,272,296,296,296,330,330,330],"floor_reached":16,"playtime":1163,"items_purged":[],"score":112,"play_id":"5ca636ad-779b-4db8-a480-bc5c8dbcafdc","local_time":"20190505193809","is_ascension_mode":false,"campfire_choices":[{"data":"Zap","floor":6,"key":"SMITH"},{"floor":10,"key":"REST"},{"data":"Gash","floor":13,"key":"SMITH"},{"floor":15,"key":"REST"}],"neow_cost":"NONE","seed_source_timestamp":641298266738205,"circlet_count":0,"master_deck":["Strike_B+1","Strike_B+1","Strike_B","Strike_B","Defend_B","Defend_B","Defend_B","Defend_B","Zap+1","Dualcast","Redo","Conserve Battery","Genetic Algorithm","Injury","Redo","Redo","Streamline","Gash+1","Machine Learning"],"relics":["Cracked Core","Golden Idol","Whetstone","Ornamental Fan"],"potions_floor_usage":[5,7,8,16],"damage_taken":[{"damage":5,"enemies":"Small Slimes","floor":1,"turns":4},{"damage":1,"enemies":"Jaw Worm","floor":2,"turns":3},{"damage":0,"enemies":"Cultist","floor":3,"turns":3},{"damage":8,"enemies":"Lots of Slimes","floor":5,"turns":3},{"damage":21,"enemies":"Lagavulin","floor":7,"turns":6},{"damage":16,"enemies":"3 Louse","floor":8,"turns":3},{"damage":7,"enemies":"Looter","floor":11,"turns":4},{"damage":25,"enemies":"Gremlin Nob","floor":14,"turns":4},{"damage":62,"enemies":"Slime Boss","floor":16,"turns":10}],"seed_played":"7736591763595465604","potions_obtained":[{"floor":0,"key":"Explosive Potion"},{"floor":0,"key":"LiquidBronze"},{"floor":0,"key":"SteroidPotion"},{"floor":3,"key":"Fire Potion"},{"floor":7,"key":"Energy Potion"},{"floor":14,"key":"Fruit Juice"}],"is_trial":false,"path_per_floor":["M","M","M","?","M","R","E","M","T","R","M","?","R","E","R","B"],"character_chosen":"DEFECT","items_purchased":[],"campfire_rested":2,"item_purchase_floors":[],"current_hp_per_floor":[70,69,69,69,61,61,40,24,24,46,39,64,64,39,61,4],"gold":330,"neow_bonus":"THREE_SMALL_POTIONS","is_prod":false,"is_daily":false,"chose_seed":false,"campfire_upgraded":2,"win_rate":0,"timestamp":1557110289,"path_taken":["M","M","M","?","M","R","E","M","T","R","M","?","R","E","R","BOSS"],"build_version":"2019-01-23","purchased_purges":0,"victory":false,"max_hp_per_floor":[75,75,75,75,75,75,75,75,75,75,75,75,75,75,75,80],"card_choices":[{"not_picked":["Sweeping Beam","Coolheaded"],"picked":"Redo","floor":1},{"not_picked":["Loop","Redo"],"picked":"Conserve Battery","floor":2},{"not_picked":["Compile Driver","Hologram"],"picked":"Genetic Algorithm","floor":3},{"not_picked":["Beam Cell","Heatsinks"],"picked":"Redo","floor":5},{"not_picked":["Melter","Steam"],"picked":"Redo","floor":7},{"not_picked":["Go for the Eyes","Gash"],"picked":"Streamline","floor":8},{"not_picked":["Reprogram","Storm"],"picked":"Gash","floor":11},{"not_picked":["Blizzard","Go for the Eyes"],"picked":"Machine Learning","floor":14}],"player_experience":117645,"relics_obtained":[{"floor":7,"key":"Whetstone"},{"floor":14,"key":"Ornamental Fan"}],"event_choices":[{"damage_healed":0,"gold_gain":0,"player_choice":"Take Wound","damage_taken":0,"relics_obtained":["Golden Idol"],"max_hp_gain":0,"max_hp_loss":0,"event_name":"Golden Idol","floor":4,"gold_loss":0,"cards_obtained":["Injury"]},{"damage_healed":25,"gold_gain":0,"player_choice":"Banana","damage_taken":0,"max_hp_gain":0,"max_hp_loss":0,"event_name":"Big Fish","floor":12,"gold_loss":0}],"is_beta":false,"boss_relics":[],"items_purged_floors":[],"is_endless":false,"potions_floor_spawned":[3,7,14],"killed_by":"Slime Boss","ascension_level":0}