{"gold_per_floor":[111,126,142,317,91,91,118,118,165,195,215,234,234,199,199,298,298,316,328,348,348,348,362,362,48,48,67,77,95,14,34,34,129,129,147,147,147,167,42,42,52,52,52,64,82,82,82,182,182,182],"floor_reached":51,"playtime":4496,"items_purged":["Doubt","Strike_R","Strike_R"],"score":890,"play_id":"72f013d8-7d1a-4674-a5d7-44dc4e7605f1","local_time":"20190219171144","is_ascension_mode":true,"campfire_choices":[{"data":"Armaments","floor":6,"key":"SMITH"},{"data":"Shrug It Off","floor":8,"key":"SMITH"},{"data":"Demon Form","floor":15,"key":"SMITH"},{"data":"Reaper","floor":24,"key":"SMITH"},{"data":"Heavy Blade","floor":32,"key":"SMITH"},{"floor":40,"key":"REST"},{"floor":42,"key":"REST"},{"floor":46,"key":"REST"},{"floor":49,"key":"REST"}],"neow_cost":"NONE","seed_source_timestamp":334273053181424,"circlet_count":0,"master_deck":["Strike_R","Strike_R+1","Strike_R+1","Defend_R","Defend_R","Defend_R+1","Defend_R+1","Bash","Exhume","Shrug It Off+1","Armaments+1","Demon Form+1","Shrug It Off","Clothesline","Reaper+1","True Grit","Reaper","Cleave+1","Heavy Blade+1","Double Tap","Madness","Metallicize","Offering","Ghostly Armor","Parasite"],"relics":["Burning Blood","War Paint","Strawberry","Whetstone","Unceasing Top","Busted Crown","Molten Egg 2","Fusion Hammer","Thread and Needle","Ice Cream"],"potions_floor_usage":[10,16,17,31,35,50,50],"damage_taken":[{"damage":2,"enemies":"2 Louse","floor":1,"turns":4},{"damage":8,"enemies":"Small Slimes","floor":2,"turns":4},{"damage":9,"enemies":"Cultist","floor":3,"turns":5},{"damage":31,"enemies":"Gremlin Nob","floor":7,"turns":5},{"damage":30,"enemies":"Lagavulin","floor":10,"turns":8},{"damage":3,"enemies":"Red Slaver","floor":11,"turns":5},{"damage":19,"enemies":"Exordium Wildlife","floor":12,"turns":7},{"damage":38,"enemies":"Hexaghost","floor":16,"turns":14},{"damage":14,"enemies":"Shell Parasite","floor":18,"turns":10},{"damage":28,"enemies":"Chosen","floor":19,"turns":8},{"damage":41,"enemies":"3 Cultists","floor":20,"turns":6},{"damage":29,"enemies":"Centurion and Healer","floor":23,"turns":11},{"damage":13,"enemies":"Snecko","floor":27,"turns":4},{"damage":32,"enemies":"Shelled Parasite and Fungi","floor":28,"turns":6},{"damage":17,"enemies":"Snake Plant","floor":29,"turns":8},{"damage":28,"enemies":"Snecko","floor":31,"turns":7},{"damage":31,"enemies":"Champ","floor":33,"turns":9},{"damage":67,"enemies":"3 Shapes","floor":35,"turns":5},{"damage":26,"enemies":"Orb Walker","floor":38,"turns":5},{"damage":40,"enemies":"Jaw Worm Horde","floor":41,"turns":5},{"damage":77,"enemies":"Sphere and 2 Shapes","floor":44,"turns":6},{"damage":35,"enemies":"Writhing Mass","floor":45,"turns":8},{"damage":16,"enemies":"Mind Bloom Boss Battle","floor":48,"turns":9},{"damage":85,"enemies":"Time Eater","floor":50,"turns":11}],"seed_played":"-929500062088692287","potions_obtained":[{"floor":2,"key":"SkillPotion"},{"floor":11,"key":"EssenceOfSteel"},{"floor":16,"key":"Fruit Juice"},{"floor":20,"key":"FairyPotion"},{"floor":23,"key":"Poison Potion"},{"floor":27,"key":"EssenceOfSteel"},{"floor":45,"key":"Dexterity Potion"},{"floor":48,"key":"SkillPotion"}],"is_trial":false,"path_per_floor":["M","M","M","?","$","R","E","R","T","E","M","M","?","?","R","B",null,"M","M","M","?","?","M","R","$","T","M","M","M","$","M","R","B",null,"M","?","?","M","$","R","M","R","T","M","M","R","$","?","R","B",null],"character_chosen":"IRONCLAD","items_purchased":["War Paint","Heavy Blade","Double Tap","Madness","Metallicize"],"campfire_rested":4,"item_purchase_floors":[5,25,25,25,30],"current_hp_per_floor":[76,74,71,71,71,71,53,53,53,29,32,19,19,40,40,8,72,78,56,54,54,54,77,77,77,77,86,60,66,66,82,82,92,92,88,87,87,67,67,87,65,87,87,56,62,87,87,87,87,67],"gold":182,"neow_bonus":"ONE_RANDOM_RARE_CARD","is_prod":false,"is_daily":false,"chose_seed":false,"campfire_upgraded":5,"win_rate":0,"timestamp":1550614304,"path_taken":["M","M","M","?","$","R","E","R","T","E","M","M","?","?","R","BOSS","M","M","M","?","?","M","R","$","T","?","M","M","?","M","R","BOSS","M","?","?","?","$","R","M","R","T","M","M","R","$","?","R","BOSS"],"build_version":"2019-01-23","purchased_purges":3,"victory":true,"max_hp_per_floor":[80,80,80,80,80,80,87,87,87,87,87,87,87,87,87,87,92,92,92,92,92,92,92,92,92,92,92,92,92,92,92,92,92,92,92,87,87,87,87,87,87,87,87,87,87,87,87,87,87,87],"card_choices":[{"not_picked":["Burning Pact","True Grit"],"picked":"Shrug It Off","floor":1},{"not_picked":["Fire Breathing","Reckless Charge","Warcry"],"picked":"SKIP","floor":2},{"not_picked":["Fire Breathing","Reckless Charge","Warcry"],"picked":"SKIP","floor":2},{"not_picked":["Body Slam","Sword Boomerang"],"picked":"Armaments","floor":3},{"not_picked":["Anger","Headbutt","Wild Strike"],"picked":"SKIP","floor":7},{"not_picked":["Corruption","Combust"],"picked":"Demon Form","floor":10},{"not_picked":["Seeing Red","Body Slam"],"picked":"Shrug It Off","floor":11},{"not_picked":["Clash","Twin Strike"],"picked":"Clothesline","floor":12},{"not_picked":["Demon Form","Exhume"],"picked":"Reaper","floor":16},{"not_picked":[],"picked":"True Grit","floor":18},{"not_picked":["Sever Soul"],"picked":"SKIP","floor":19},{"not_picked":["Havoc"],"picked":"SKIP","floor":20},{"not_picked":[],"picked":"Cleave+1","floor":23},{"not_picked":["Burning Pact"],"picked":"SKIP","floor":27},{"not_picked":["Perfected Strike+1"],"picked":"SKIP","floor":28},{"not_picked":["Dual Wield+1"],"picked":"SKIP","floor":29},{"not_picked":["Sentinel"],"picked":"SKIP","floor":31},{"not_picked":[],"picked":"Offering","floor":33},{"not_picked":["Rage+1"],"picked":"SKIP","floor":35},{"not_picked":["Iron Wave+1"],"picked":"SKIP","floor":38},{"not_picked":[],"picked":"Ghostly Armor","floor":41},{"not_picked":["Hemokinesis+1"],"picked":"SKIP","floor":44},{"not_picked":["Flex+1"],"picked":"SKIP","floor":45}],"player_experience":282857,"relics_obtained":[{"floor":7,"key":"Strawberry"},{"floor":9,"key":"Whetstone"},{"floor":10,"key":"Unceasing Top"},{"floor":26,"key":"Molten Egg 2"},{"floor":43,"key":"Thread and Needle"},{"floor":48,"key":"Ice Cream"}],"event_choices":[{"damage_healed":0,"gold_gain":175,"player_choice":"AGREE","damage_taken":0,"max_hp_gain":0,"max_hp_loss":0,"event_name":"Liars Game","floor":4,"gold_loss":0,"cards_obtained":["Doubt"]},{"damage_healed":0,"gold_gain":0,"player_choice":"Ignored","damage_taken":0,"max_hp_gain":0,"max_hp_loss":0,"event_name":"Shining Light","floor":13,"gold_loss":0},{"damage_healed":21,"gold_gain":0,"player_choice":"Healed","damage_taken":0,"max_hp_gain":0,"max_hp_loss":0,"event_name":"The Cleric","floor":14,"gold_loss":35},{"damage_healed":0,"gold_gain":0,"player_choice":"Ignored","damage_taken":0,"max_hp_gain":0,"max_hp_loss":0,"event_name":"Ghosts","floor":21,"gold_loss":0},{"damage_healed":0,"gold_gain":0,"player_choice":"Copied","damage_taken":0,"max_hp_gain":0,"max_hp_loss":0,"event_name":"Duplicator","floor":22,"gold_loss":0,"cards_obtained":["Reaper"]},{"damage_healed":0,"gold_gain":0,"player_choice":"Max HP","damage_taken":0,"max_hp_gain":0,"max_hp_loss":5,"event_name":"Winding Halls","floor":36,"gold_loss":0},{"damage_healed":0,"gold_gain":0,"player_choice":"Ignored","damage_taken":0,"max_hp_gain":0,"max_hp_loss":0,"event_name":"Mysterious Sphere","floor":37,"gold_loss":0},{"damage_healed":0,"gold_gain":0,"player_choice":"Fight","damage_taken":0,"max_hp_gain":0,"max_hp_loss":0,"event_name":"MindBloom","floor":48,"gold_loss":0}],"is_beta":false,"boss_relics":[{"not_picked":["Ectoplasm","Runic Dome"],"picked":"Busted Crown"},{"not_picked":["Black Blood","Lizard Tail"],"picked":"Fusion Hammer"}],"items_purged_floors":[5,25,39],"is_endless":false,"potions_floor_spawned":[2,11,16,20,23,27,28,29,45,48],"ascension_level":8}