{"gold_per_floor":[14,30,50,50,50,75,75,39,39,39,58,76,76,76,76,76],"floor_reached":16,"playtime":677,"items_purged":[],"score":180,"play_id":"9f5249eb-e7c8-4542-817e-a6b6678131b0","local_time":"20190413173347","is_ascension_mode":true,"campfire_choices":[{"floor":7,"key":"REST"},{"floor":10,"key":"REST"},{"data":"Bane","floor":15,"key":"SMITH"}],"neow_cost":"NO_GOLD","seed_source_timestamp":317675804390802,"circlet_count":0,"master_deck":["AscendersBane","Defend_G","Defend_G","Defend_G","Defend_G","Defend_G","Strike_G","Strike_G","Strike_G","Strike_G","Strike_G","Survivor","Neutralize","Envenom","Caltrops","Bane+1","Die Die Die","Noxious Fumes","Dagger Spray"],"relics":["Ring of the Snake","Singing Bowl","Happy Flower","Lantern"],"potions_floor_usage":[6,12,12],"damage_taken":[{"damage":9,"enemies":"Small Slimes","floor":1,"turns":5},{"damage":8,"enemies":"2 Louse","floor":2,"turns":4},{"damage":3,"enemies":"Jaw Worm","floor":3,"turns":6},{"damage":24,"enemies":"Gremlin Nob","floor":6,"turns":4},{"damage":20,"enemies":"Gremlin Gang","floor":11,"turns":3},{"damage":0,"enemies":"2 Fungi Beasts","floor":12,"turns":3},{"damage":41,"enemies":"Slime Boss","floor":16,"turns":7}],"seed_played":"-5362951068977133326","potions_obtained":[{"floor":1,"key":"SpeedPotion"},{"floor":2,"key":"Weak Potion"},{"floor":6,"key":"GamblersBrew"}],"is_trial":false,"path_per_floor":["M","M","M","?","?","E","R","$","T","R","M","M","?","$","R","B"],"character_chosen":"THE_SILENT","items_purchased":["Noxious Fumes"],"campfire_rested":2,"item_purchase_floors":[8],"current_hp_per_floor":[50,42,39,39,34,10,29,29,29,48,28,30,30,30,30,0],"gold":76,"neow_bonus":"THREE_RARE_CARDS","is_prod":false,"is_daily":false,"chose_seed":false,"campfire_upgraded":1,"win_rate":0,"timestamp":1555191227,"path_taken":["M","M","M","?","?","E","R","$","T","R","M","M","?","$","R","BOSS"],"build_version":"2019-01-23","purchased_purges":0,"victory":false,"max_hp_per_floor":[66,66,66,66,66,66,66,66,66,66,66,68,68,68,68,68],"card_choices":[{"not_picked":["Wraith Form v2","Venomology"],"picked":"Envenom","floor":0},{"not_picked":["Dagger Throw","Flechettes"],"picked":"Caltrops","floor":1},{"not_picked":["Choke","Eviscerate"],"picked":"Bane","floor":2},{"not_picked":["Tactician","Blade Dance","Flying Knee"],"picked":"SKIP","floor":3},{"not_picked":["Dodge and Roll","Blade Dance"],"picked":"Die Die Die","floor":6},{"not_picked":["Flying Knee","Poisoned Stab"],"picked":"Dagger Spray","floor":11},{"not_picked":["Blade Dance","PiercingWail","Distraction"],"picked":"Singing Bowl","floor":12}],"player_experience":575059,"relics_obtained":[{"floor":6,"key":"Happy Flower"},{"floor":9,"key":"Lantern"}],"event_choices":[{"damage_healed":0,"gold_gain":0,"player_choice":"Ignored","damage_taken":0,"max_hp_gain":0,"max_hp_loss":0,"event_name":"Golden Wing","floor":4,"gold_loss":0},{"damage_healed":0,"gold_gain":0,"player_choice":"Success","damage_taken":5,"relics_obtained":["Singing Bowl"],"max_hp_gain":0,"max_hp_loss":0,"event_name":"Scrap Ooze","floor":5,"gold_loss":0},{"damage_healed":0,"gold_gain":0,"player_choice":"Ignored","damage_taken":0,"max_hp_gain":0,"max_hp_loss":0,"event_name":"Golden Idol","floor":13,"gold_loss":0}],"is_beta":false,"boss_relics":[],"items_purged_floors":[],"is_endless":false,"potions_floor_spawned":[1,2,6],"killed_by":"Slime Boss","ascension_level":16}