{"gold_per_floor":[116,130,144,164,178,210,210,229,229,243,319,345,355,375,375,474,474,490,503,46,57,57,57,73,88,138,57,67,67,67,85,85,182,182,202,218,233,233,233],"floor_reached":39,"playtime":3640,"items_purged":[],"score":478,"play_id":"67320998-c000-4500-952c-03bc4df3287f","local_time":"20190428102636","is_ascension_mode":false,"campfire_choices":[{"floor":7,"key":"REST"},{"floor":15,"key":"REST"},{"floor":23,"key":"REST"},{"floor":29,"key":"REST"},{"floor":32,"key":"REST"}],"neow_cost":"NONE","seed_source_timestamp":919219368787,"circlet_count":0,"master_deck":["Defend_G","Defend_G","Defend_G","Defend_G","Defend_G","Strike_G","Strike_G","Strike_G","Strike_G","Strike_G","Survivor","Neutralize","A Thousand Cuts","Poisoned Stab","Slice","Endless Agony","Choke","Quick Slash","Endless Agony","Corpse Explosion","Poisoned Stab","Leg Sweep","Quick Slash","Envenom+1","Blade Dance+1","Quick Slash+1","Masterful Stab","Well Laid Plans+1","Dramatic Entrance","Slice","Prepared","Slice+1","Backstab","Poisoned Stab","Blade Dance","Blade Dance","Acrobatics","Adrenaline","Slice","Poisoned Stab+1","Parasite","Slice+1","Thinking Ahead"],"relics":["Ring of the Snake","Pen Nib","Frozen Egg 2","Paper Crane","WristBlade","Shuriken","Dream Catcher","Lizard Tail"],"potions_floor_usage":[],"damage_taken":[{"damage":0,"enemies":"2 Louse","floor":1,"turns":5},{"damage":0,"enemies":"Jaw Worm","floor":2,"turns":5},{"damage":0,"enemies":"Small Slimes","floor":3,"turns":3},{"damage":2,"enemies":"Looter","floor":4,"turns":4},{"damage":2,"enemies":"Blue Slaver","floor":5,"turns":3},{"damage":31,"enemies":"Gremlin Nob","floor":6,"turns":5},{"damage":0,"enemies":"Exordium Thugs","floor":8,"turns":5},{"damage":12,"enemies":"Gremlin Gang","floor":10,"turns":3},{"damage":1,"enemies":"3 Sentries","floor":12,"turns":2},{"damage":0,"enemies":"Blue Slaver","floor":13,"turns":4},{"damage":0,"enemies":"Looter","floor":14,"turns":2},{"damage":47,"enemies":"Hexaghost","floor":16,"turns":9},{"damage":32,"enemies":"Spheric Guardian","floor":18,"turns":6},{"damage":6,"enemies":"3 Byrds","floor":19,"turns":3},{"damage":13,"enemies":"Shelled Parasite and Fungi","floor":21,"turns":3},{"damage":5,"enemies":"Sentry and Sphere","floor":24,"turns":3},{"damage":5,"enemies":"Chosen and Byrds","floor":25,"turns":4},{"damage":22,"enemies":"Snake Plant","floor":28,"turns":4},{"damage":12,"enemies":"Centurion and Healer","floor":31,"turns":2},{"damage":52,"enemies":"Automaton","floor":33,"turns":8},{"damage":10,"enemies":"3 Darklings","floor":35,"turns":3},{"damage":9,"enemies":"Orb Walker","floor":36,"turns":2},{"damage":37,"enemies":"Writhing Mass","floor":37,"turns":4},{"damage":61,"enemies":"Spire Growth","floor":39,"turns":4}],"seed_played":"-267998386067981698","potions_obtained":[{"floor":2,"key":"FearPotion"},{"floor":3,"key":"SkillPotion"},{"floor":8,"key":"Explosive Potion"},{"floor":14,"key":"Strength Potion"},{"floor":18,"key":"Energy Potion"}],"is_trial":false,"path_per_floor":["M","M","M","M","M","E","R","M","T","M","?","E","M","M","R","B",null,"M","M","$","M","?","R","M","M","T","$","M","R","?","M","R","B",null,"M","M","M","?","M"],"character_chosen":"THE_SILENT","items_purchased":["Masterful Stab","Well Laid Plans+1","Dramatic Entrance","Shuriken","Backstab"],"campfire_rested":5,"item_purchase_floors":[20,20,20,20,27],"current_hp_per_floor":[70,70,70,68,66,35,56,56,56,44,44,43,43,43,64,17,70,38,32,32,19,42,63,58,53,53,53,31,52,52,40,61,9,70,60,51,14,14,0],"gold":233,"neow_bonus":"ONE_RANDOM_RARE_CARD","is_prod":false,"is_daily":false,"chose_seed":false,"campfire_upgraded":0,"win_rate":0.0,"timestamp":1556472396,"path_taken":["M","M","M","M","M","E","R","M","T","M","?","E","M","M","R","BOSS","M","M","$","M","?","R","M","M","T","$","M","R","?","M","R","BOSS","M","M","M","?","M"],"build_version":"2019-01-23","purchased_purges":0,"victory":false,"max_hp_per_floor":[70,70,70,70,70,70,70,70,70,70,70,70,70,70,70,70,70,70,70,70,70,70,70,70,70,70,70,70,70,70,70,70,70,70,70,70,70,70,70],"card_choices":[{"not_picked":["Dodge and Roll","Expertise"],"picked":"Poisoned Stab","floor":1},{"not_picked":["Flechettes","Deadly Poison"],"picked":"Slice","floor":2},{"not_picked":["Underhanded Strike","Deadly Poison"],"picked":"Endless Agony","floor":3},{"not_picked":["Eviscerate","Acrobatics"],"picked":"Choke","floor":4},{"not_picked":["Footwork","Acrobatics"],"picked":"Quick Slash","floor":5},{"not_picked":["Blade Dance","All Out Attack"],"picked":"Endless Agony","floor":6},{"not_picked":["Catalyst","Quick Slash"],"picked":"Corpse Explosion","floor":8},{"not_picked":["Deflect","Flying Knee"],"picked":"Poisoned Stab","floor":10},{"not_picked":["Terror","Dodge and Roll"],"picked":"Leg Sweep","floor":12},{"not_picked":["Crippling Poison","PiercingWail","Acrobatics"],"picked":"SKIP","floor":13},{"not_picked":["PiercingWail","Sucker Punch"],"picked":"Quick Slash","floor":14},{"not_picked":["Phantasmal Killer","Night Terror"],"picked":"Envenom+1","floor":16},{"not_picked":["Poisoned Stab","Dodge and Roll"],"picked":"Blade Dance+1","floor":18},{"not_picked":["Tactician","Caltrops+1"],"picked":"Quick Slash+1","floor":19},{"not_picked":["Predator","Quick Slash"],"picked":"Slice","floor":21},{"not_picked":["Leg Sweep","Escape Plan"],"picked":"Prepared","floor":24},{"not_picked":["Flying Knee","Deadly Poison"],"picked":"Slice+1","floor":25},{"not_picked":["Deadly Poison","Tactician"],"picked":"Poisoned Stab","floor":28},{"not_picked":["Sucker Punch","Escape Plan"],"picked":"Blade Dance","floor":29},{"not_picked":["Prepared","Corpse Explosion"],"picked":"Blade Dance","floor":31},{"not_picked":["Underhanded Strike","Reflex+1"],"picked":"Acrobatics","floor":32},{"not_picked":["A Thousand Cuts+1","Tools of the Trade+1"],"picked":"Adrenaline","floor":33},{"not_picked":["Outmaneuver+1","Sucker Punch+1"],"picked":"Slice","floor":35},{"not_picked":["Footwork+1","Dagger Spray+1"],"picked":"Poisoned Stab+1","floor":36},{"not_picked":["Blade Dance","Bane"],"picked":"Slice+1","floor":37},{"not_picked":["Chrysalis","Finesse"],"picked":"Thinking Ahead","floor":38}],"player_experience":20345,"relics_obtained":[{"floor":6,"key":"Pen Nib"},{"floor":9,"key":"Frozen Egg 2"},{"floor":12,"key":"Paper Crane"},{"floor":26,"key":"Dream Catcher"}],"event_choices":[{"damage_healed":0,"gold_gain":76,"player_choice":"Gained Gold","damage_taken":0,"max_hp_gain":0,"max_hp_loss":0,"event_name":"Golden Wing","floor":11,"gold_loss":0},{"damage_healed":23,"gold_gain":0,"player_choice":"Heal","damage_taken":0,"max_hp_gain":0,"max_hp_loss":0,"event_name":"The Library","floor":22,"gold_loss":0},{"damage_healed":0,"gold_gain":0,"player_choice":"Ignored","damage_taken":0,"max_hp_gain":0,"max_hp_loss":0,"event_name":"Beggar","floor":30,"gold_loss":0},{"damage_healed":0,"gold_gain":0,"player_choice":"Memory 1","damage_taken":0,"max_hp_gain":0,"max_hp_loss":0,"event_name":"SensoryStone","floor":38,"gold_loss":0}],"is_beta":false,"boss_relics":[{"not_picked":["Velvet Choker","Ectoplasm"],"picked":"WristBlade"},{"not_picked":["Coffee Dripper","Tiny House"],"picked":"Lizard Tail"}],"items_purged_floors":[],"is_endless":false,"potions_floor_spawned":[2,3,8,12,14,16,18,19,25,28,37],"killed_by":"Spire Growth","ascension_level":0}