{"gold_per_floor":[114,126,126,140,158,158,183,183,183,198,198,224,234,4,4,4],"floor_reached":16,"playtime":970,"items_purged":["Strike_R"],"score":249,"play_id":"85d06975-865a-4fa4-8de3-866624f25c16","local_time":"20190626071937","is_ascension_mode":true,"campfire_choices":[{"data":"Bash","floor":6,"key":"SMITH"},{"data":"Armaments","floor":11,"key":"SMITH"},{"data":"Rampage","floor":15,"key":"SMITH"}],"neow_cost":"PERCENT_DAMAGE","seed_source_timestamp":388133433968232,"circlet_count":0,"master_deck":["AscendersBane","Strike_R","Strike_R","Strike_R","Defend_R","Defend_R","Defend_R","Defend_R","Bash+1","Feed","Clothesline","Rampage+1","Thunderclap","Anger","Armaments+1","Ghostly Armor","Shrug It Off","Immolate"],"relics":["Burning Blood","Pear","Matryoshka","Darkstone Periapt"],"potions_floor_usage":[7,12,12,16,16],"damage_taken":[{"damage":6,"enemies":"Cultist","floor":1,"turns":3},{"damage":4,"enemies":"Jaw Worm","floor":2,"turns":5},{"damage":11,"enemies":"Small Slimes","floor":4,"turns":4},{"damage":15,"enemies":"3 Louse","floor":5,"turns":5},{"damage":50,"enemies":"3 Sentries","floor":7,"turns":10},{"damage":15,"enemies":"2 Fungi Beasts","floor":10,"turns":3},{"damage":27,"enemies":"Gremlin Nob","floor":12,"turns":4},{"damage":12,"enemies":"Blue Slaver","floor":13,"turns":6},{"damage":27,"enemies":"Hexaghost","floor":16,"turns":11}],"seed_played":"-9107174948730587399","potions_obtained":[{"floor":2,"key":"SkillPotion"},{"floor":5,"key":"Weak Potion"},{"floor":7,"key":"GamblersBrew"},{"floor":12,"key":"SneckoOil"},{"floor":13,"key":"PowerPotion"}],"is_trial":false,"path_per_floor":["M","M","?","M","M","R","E","?","T","M","R","E","M","$","R","B"],"character_chosen":"IRONCLAD","items_purchased":["Immolate"],"campfire_rested":0,"item_purchase_floors":[14],"current_hp_per_floor":[53,58,58,56,50,50,22,56,56,50,50,29,26,26,26,0],"gold":4,"neow_bonus":"THREE_RARE_CARDS","is_prod":false,"is_daily":false,"chose_seed":false,"campfire_upgraded":3,"win_rate":0,"timestamp":1561547977,"path_taken":["M","M","?","M","?","R","E","?","T","M","R","E","M","$","R","BOSS"],"build_version":"2019-01-23","purchased_purges":1,"victory":false,"max_hp_per_floor":[78,81,81,84,87,87,103,103,103,106,106,106,109,109,109,109],"card_choices":[{"not_picked":["Immolate","Demon Form"],"picked":"Feed","floor":0},{"not_picked":["Body Slam","Clash","Corruption"],"picked":"SKIP","floor":1},{"not_picked":["Perfected Strike","Flex"],"picked":"Clothesline","floor":2},{"not_picked":["Headbutt","Iron Wave"],"picked":"Rampage","floor":4},{"not_picked":["Clash","Pummel"],"picked":"Thunderclap","floor":5},{"not_picked":["Clash","Bloodletting"],"picked":"Anger","floor":7},{"not_picked":["Anger","Thunderclap"],"picked":"Armaments","floor":10},{"not_picked":["Feel No Pain","Thunderclap"],"picked":"Ghostly Armor","floor":12},{"not_picked":["Headbutt","Warcry"],"picked":"Shrug It Off","floor":13}],"player_experience":974411,"relics_obtained":[{"floor":7,"key":"Pear"},{"floor":9,"key":"Matryoshka"},{"floor":12,"key":"Darkstone Periapt"}],"event_choices":[{"cards_removed":["Strike_R"],"damage_healed":0,"gold_gain":0,"player_choice":"Purged","damage_taken":0,"max_hp_gain":0,"max_hp_loss":0,"event_name":"Purifier","floor":3,"gold_loss":0},{"damage_healed":34,"gold_gain":0,"player_choice":"Banana","damage_taken":0,"max_hp_gain":0,"max_hp_loss":0,"event_name":"Big Fish","floor":8,"gold_loss":0}],"is_beta":false,"boss_relics":[],"items_purged_floors":[14],"is_endless":false,"potions_floor_spawned":[2,5,7,12,13],"killed_by":"Hexaghost","ascension_level":20}