{"gold_per_floor":[359,56,56,56,14,46,58,58],"floor_reached":8,"playtime":213,"items_purged":[],"score":108,"play_id":"20ebb00d-8a48-4b13-b2cd-8b935035816a","local_time":"20190620110142","is_ascension_mode":true,"campfire_choices":[],"neow_cost":"TEN_PERCENT_HP_LOSS","seed_source_timestamp":558206613324185,"circlet_count":0,"master_deck":["AscendersBane","Strike_R","Strike_R","Strike_R","Strike_R","Strike_R","Defend_R","Defend_R","Defend_R","Defend_R","Bash","Thunderclap","Rupture","Iron Wave","Flame Barrier"],"relics":["Burning Blood","OrangePellets","Pen Nib","Darkstone Periapt"],"potions_floor_usage":[6],"damage_taken":[{"damage":4,"enemies":"Small Slimes","floor":1,"turns":3},{"damage":35,"enemies":"Lagavulin","floor":6,"turns":6},{"damage":2,"enemies":"Jaw Worm","floor":7,"turns":4},{"damage":51,"enemies":"Gremlin Nob","floor":8,"turns":4}],"seed_played":"1908278184504426469","potions_obtained":[{"floor":1,"key":"SteroidPotion"}],"is_trial":false,"path_per_floor":["M","$","?","?","?","E","M","E"],"character_chosen":"IRONCLAD","items_purchased":["OrangePellets","Rupture"],"campfire_rested":0,"item_purchase_floors":[2,2],"current_hp_per_floor":[68,68,73,55,55,26,30,0],"gold":58,"neow_bonus":"TWO_FIFTY_GOLD","is_prod":false,"is_daily":false,"chose_seed":false,"campfire_upgraded":0,"win_rate":0,"timestamp":1561042902,"path_taken":["M","$","?","?","?","E","M","E"],"build_version":"2019-01-23","purchased_purges":0,"victory":false,"max_hp_per_floor":[68,68,73,73,73,73,73,73],"card_choices":[{"not_picked":["Intimidate","Rage"],"picked":"Thunderclap","floor":1},{"not_picked":["Heavy Blade","Havoc"],"picked":"Iron Wave","floor":6},{"not_picked":["Sword Boomerang","Sever Soul"],"picked":"Flame Barrier","floor":7}],"player_experience":941946,"relics_obtained":[{"floor":6,"key":"Darkstone Periapt"}],"event_choices":[{"damage_healed":0,"gold_gain":0,"player_choice":"Donut","damage_taken":0,"max_hp_gain":5,"max_hp_loss":0,"event_name":"Big Fish","floor":3,"gold_loss":0},{"damage_healed":0,"gold_gain":0,"player_choice":"Success","damage_taken":18,"relics_obtained":["Pen Nib"],"max_hp_gain":0,"max_hp_loss":0,"event_name":"Scrap Ooze","floor":4,"gold_loss":0},{"damage_healed":0,"gold_gain":0,"player_choice":"Left Gold","damage_taken":0,"max_hp_gain":0,"max_hp_loss":0,"event_name":"World of Goop","floor":5,"gold_loss":42}],"is_beta":false,"boss_relics":[],"items_purged_floors":[],"is_endless":false,"potions_floor_spawned":[1],"killed_by":"Gremlin Nob","ascension_level":20}