{"gold_per_floor":[215,228,238,163,176,176,176,176,251,251,272,297,93,114,114,114],"floor_reached":16,"playtime":487,"items_purged":["Strike_R"],"score":160,"play_id":"4db17d12-0add-4ab1-863a-2b58bce61dc2","local_time":"20181119233516","is_ascension_mode":true,"campfire_choices":[{"floor":6,"key":"REST"},{"floor":15,"key":"REST"}],"neow_cost":"NONE","seed_source_timestamp":21882208043687,"circlet_count":0,"master_deck":["AscendersBane","Strike_R","Strike_R","Strike_R","Defend_R","Defend_R","Defend_R","Defend_R","Bash","Thunderclap","Whirlwind","Immolate"],"relics":["Burning Blood","Golden Idol","Mercury Hourglass","Brimstone"],"potions_floor_usage":[5,16,16],"damage_taken":[{"damage":3,"enemies":"2 Louse","floor":1,"turns":3},{"damage":13,"enemies":"Jaw Worm","floor":2,"turns":4},{"damage":6,"enemies":"Cultist","floor":3,"turns":4},{"damage":62,"enemies":"Exordium Wildlife","floor":5,"turns":8},{"damage":7,"enemies":"Looter","floor":11,"turns":4},{"damage":15,"enemies":"Lots of Slimes","floor":12,"turns":3},{"damage":6,"enemies":"Red Slaver","floor":14,"turns":3},{"damage":77,"enemies":"Hexaghost","floor":16,"turns":7}],"seed_played":"-5487632245699072921","potions_obtained":[{"floor":2,"key":"EssenceOfSteel"},{"floor":11,"key":"PowerPotion"},{"floor":12,"key":"Ancient Potion"},{"floor":14,"key":"Regen Potion"}],"is_trial":false,"path_per_floor":["M","M","M","$","M","R","?","?","T","?","M","M","$","M","R","B"],"character_chosen":"IRONCLAD","items_purchased":["Brimstone"],"campfire_rested":2,"item_purchase_floors":[13],"current_hp_per_floor":[71,64,64,64,8,30,55,55,55,48,47,38,38,38,58,0],"gold":114,"neow_bonus":"HUNDRED_GOLD","is_prod":false,"is_daily":false,"chose_seed":false,"campfire_upgraded":0,"win_rate":0,"timestamp":1542699316,"path_taken":["M","M","M","$","M","R","?","?","T","?","M","?","?","M","R","BOSS"],"build_version":"2018-11-15","purchased_purges":1,"victory":false,"max_hp_per_floor":[75,75,75,75,75,75,75,69,69,69,69,69,69,69,69,69],"card_choices":[{"not_picked":["Warcry","Body Slam"],"picked":"Thunderclap","floor":1},{"not_picked":["Heavy Blade","Havoc"],"picked":"Whirlwind","floor":2},{"not_picked":["Rupture","Dual Wield","Bloodletting"],"picked":"SKIP","floor":3},{"not_picked":["Sever Soul","Perfected Strike","Clash"],"picked":"SKIP","floor":5},{"not_picked":["True Grit","Havoc","Dropkick"],"picked":"SKIP","floor":11},{"not_picked":["Anger","Iron Wave"],"picked":"Immolate","floor":12},{"not_picked":["Rupture","Sentinel","Body Slam"],"picked":"SKIP","floor":14}],"player_experience":798961,"relics_obtained":[{"floor":9,"key":"Mercury Hourglass"}],"event_choices":[{"damage_healed":25,"gold_gain":0,"player_choice":"Banana","damage_taken":0,"max_hp_gain":0,"max_hp_loss":0,"event_name":"Big Fish","floor":7,"gold_loss":0},{"damage_healed":0,"gold_gain":0,"player_choice":"Lose Max HP","damage_taken":0,"relics_obtained":["Golden Idol"],"max_hp_gain":0,"max_hp_loss":6,"event_name":"Golden Idol","floor":8,"gold_loss":0},{"cards_removed":["Strike_R"],"damage_healed":0,"gold_gain":0,"player_choice":"Card Removal","damage_taken":7,"max_hp_gain":0,"max_hp_loss":0,"event_name":"Golden Wing","floor":10,"gold_loss":0}],"is_beta":false,"boss_relics":[],"items_purged_floors":[4],"is_endless":false,"potions_floor_spawned":[2,11,12,14],"killed_by":"Hexaghost","ascension_level":14}