{"gold_per_floor":[359,324,343,362,124,151,151,176,203,41,41,41,41,41,41,136,136,151,66,66,0],"floor_reached":21,"playtime":598,"items_purged":["Defend_R"],"score":357,"play_id":"3589ff61-de9c-4dac-8e31-1c4fa63f2348","local_time":"20190625153135","is_ascension_mode":true,"campfire_choices":[{"data":"Limit Break","floor":7,"key":"SMITH"},{"floor":11,"key":"REST"},{"floor":15,"key":"REST"}],"neow_cost":"PERCENT_DAMAGE","seed_source_timestamp":1096627887288583,"circlet_count":0,"master_deck":["AscendersBane","Strike_R","Strike_R","Strike_R","Strike_R","Strike_R","Defend_R","Defend_R","Defend_R","Bash","Perfected Strike","Shrug It Off","Inflame","Limit Break+1","Anger","Headbutt","Impervious","Parasite","Juggernaut","Body Slam"],"relics":["Burning Blood","Ancient Tea Set","Juzu Bracelet","Lantern","Torii","Golden Idol","Mark of Pain","MutagenicStrength"],"potions_floor_usage":[6,21,21],"damage_taken":[{"damage":4,"enemies":"Small Slimes","floor":1,"turns":3},{"damage":7,"enemies":"Jaw Worm","floor":3,"turns":4},{"damage":0,"enemies":"2 Louse","floor":4,"turns":2},{"damage":35,"enemies":"Lagavulin","floor":6,"turns":7},{"damage":20,"enemies":"3 Sentries","floor":8,"turns":6},{"damage":42,"enemies":"The Guardian","floor":16,"turns":11},{"damage":49,"enemies":"3 Byrds","floor":18,"turns":7},{"damage":22,"enemies":"2 Thieves","floor":21,"turns":2}],"seed_played":"-6979091188595604051","potions_obtained":[{"floor":4,"key":"Energy Potion"},{"floor":18,"key":"SkillPotion"}],"is_trial":false,"path_per_floor":["M","?","M","M","$","E","R","E","T","$","R","?","?","?","R","B",null,"M","$","?","M"],"character_chosen":"IRONCLAD","items_purchased":["Limit Break","Impervious","Regen Potion"],"campfire_rested":2,"item_purchase_floors":[5,10,19],"current_hp_per_floor":[52,70,69,75,75,46,46,32,32,32,54,72,27,27,47,11,54,11,11,11,0],"gold":0,"neow_bonus":"TWO_FIFTY_GOLD","is_prod":false,"is_daily":false,"chose_seed":false,"campfire_upgraded":1,"win_rate":0,"timestamp":1561501895,"path_taken":["M","?","M","M","$","E","R","E","T","$","R","?","?","?","R","BOSS","M","$","?","M"],"build_version":"2019-01-23","purchased_purges":1,"victory":false,"max_hp_per_floor":[75,75,75,75,75,75,75,75,75,75,75,75,75,68,68,68,68,68,68,68,68],"card_choices":[{"not_picked":["Heavy Blade","Rage"],"picked":"Perfected Strike","floor":1},{"not_picked":["True Grit","Clothesline"],"picked":"Shrug It Off","floor":3},{"not_picked":["Warcry","Anger"],"picked":"Inflame","floor":4},{"not_picked":["Blood for Blood","Body Slam"],"picked":"Anger","floor":6},{"not_picked":["Perfected Strike","True Grit"],"picked":"Headbutt","floor":8},{"not_picked":["Fiend Fire","Offering"],"picked":"Juggernaut","floor":16},{"not_picked":["Cleave+1","Rupture"],"picked":"Body Slam","floor":18}],"player_experience":1078410,"relics_obtained":[{"floor":6,"key":"Ancient Tea Set"},{"floor":8,"key":"Juzu Bracelet"},{"floor":9,"key":"Lantern"}],"event_choices":[{"damage_healed":18,"gold_gain":0,"player_choice":"Healed","damage_taken":0,"max_hp_gain":0,"max_hp_loss":0,"event_name":"The Cleric","floor":2,"gold_loss":35},{"damage_healed":18,"gold_gain":0,"player_choice":"Healed and dodged fight","damage_taken":0,"max_hp_gain":0,"max_hp_loss":0,"event_name":"Mushrooms","floor":12,"gold_loss":0,"cards_obtained":["Parasite"]},{"damage_healed":0,"gold_gain":0,"player_choice":"Success","damage_taken":45,"relics_obtained":["Torii"],"max_hp_gain":0,"max_hp_loss":0,"event_name":"Scrap Ooze","floor":13,"gold_loss":0},{"damage_healed":0,"gold_gain":0,"player_choice":"Lose Max HP","damage_taken":0,"relics_obtained":["Golden Idol"],"max_hp_gain":0,"max_hp_loss":7,"event_name":"Golden Idol","floor":14,"gold_loss":0},{"damage_healed":0,"gold_gain":0,"player_choice":"Inject Mutagens","damage_taken":0,"relics_obtained":["MutagenicStrength"],"max_hp_gain":0,"max_hp_loss":0,"event_name":"Drug Dealer","floor":20,"gold_loss":0}],"is_beta":false,"boss_relics":[{"not_picked":["Tiny House","Coffee Dripper"],"picked":"Mark of Pain"}],"items_purged_floors":[5],"is_endless":false,"potions_floor_spawned":[4,18],"killed_by":"2 Thieves","ascension_level":19}