{"gold_per_floor":[111,131,145,145,145,176,187,187],"floor_reached":8,"playtime":263,"items_purged":[],"score":116,"play_id":"ed9d9a12-406f-43a6-afe8-c2831a086bcb","local_time":"20190622091747","is_ascension_mode":true,"campfire_choices":[],"neow_cost":"NONE","seed_source_timestamp":50323197503943,"circlet_count":0,"master_deck":["AscendersBane","Strike_R","Strike_R","Strike_R","Strike_R","Defend_R","Defend_R","Defend_R","Defend_R","Bash","Cleave","Disarm","Immolate"],"relics":["Burning Blood","NeowsBlessing","Gremlin Horn"],"potions_floor_usage":[6,8,8],"damage_taken":[{"damage":0,"enemies":"Cultist","floor":1,"turns":1},{"damage":0,"enemies":"Small Slimes","floor":2,"turns":1},{"damage":0,"enemies":"2 Louse","floor":3,"turns":1},{"damage":40,"enemies":"3 Sentries","floor":6,"turns":11},{"damage":26,"enemies":"Exordium Thugs","floor":7,"turns":6},{"damage":31,"enemies":"Lagavulin","floor":8,"turns":7}],"seed_played":"-5502898628922552502","potions_obtained":[{"floor":1,"key":"LiquidBronze"},{"floor":3,"key":"Ancient Potion"},{"floor":6,"key":"Block Potion"}],"is_trial":false,"path_per_floor":["M","M","M","?","?","E","M","E"],"character_chosen":"IRONCLAD","items_purchased":[],"campfire_rested":0,"item_purchase_floors":[],"current_hp_per_floor":[74,75,75,80,80,46,26,0],"gold":187,"neow_bonus":"THREE_ENEMY_KILL","is_prod":false,"is_daily":false,"chose_seed":false,"campfire_upgraded":0,"win_rate":0,"timestamp":1561209467,"path_taken":["M","?","M","?","?","E","M","E"],"build_version":"2019-01-23","purchased_purges":0,"victory":false,"max_hp_per_floor":[75,75,75,80,80,80,80,80],"card_choices":[{"not_picked":["Power Through","Seeing Red"],"picked":"Cleave","floor":1},{"not_picked":["Body Slam","Burning Pact","Feel No Pain"],"picked":"SKIP","floor":2},{"not_picked":["Evolve","Power Through","Hemokinesis"],"picked":"SKIP","floor":3},{"not_picked":["Clothesline","Iron Wave"],"picked":"Disarm","floor":6},{"not_picked":["Heavy Blade","Havoc"],"picked":"Immolate","floor":7}],"player_experience":956991,"relics_obtained":[{"floor":6,"key":"Gremlin Horn"}],"event_choices":[{"damage_healed":0,"gold_gain":0,"player_choice":"Donut","damage_taken":0,"max_hp_gain":5,"max_hp_loss":0,"event_name":"Big Fish","floor":4,"gold_loss":0},{"cards_removed":["Strike_R"],"damage_healed":0,"gold_gain":0,"player_choice":"Purged","damage_taken":0,"max_hp_gain":0,"max_hp_loss":0,"event_name":"Purifier","floor":5,"gold_loss":0}],"is_beta":false,"boss_relics":[],"items_purged_floors":[],"is_endless":false,"potions_floor_spawned":[1,3,6],"killed_by":"Lagavulin","ascension_level":20}