{"gold_per_floor":[360,360,371,389,400,735,735,752,752,752,766,223,240,259,259,336,336,336,16,16,16,16,16,16,16,16,16,16,16,16,16,16,16],"floor_reached":33,"playtime":1561,"items_purged":[],"score":461,"play_id":"94319ddb-fd52-46cf-b6b7-327d7a1d25dd","local_time":"20190321192111","is_ascension_mode":true,"campfire_choices":[{"data":"Discovery","floor":7,"key":"SMITH"},{"floor":10,"key":"REST"},{"data":"Anger","floor":15,"key":"SMITH"},{"data":"Metallicize","floor":23,"key":"SMITH"},{"floor":25,"key":"REST"},{"floor":32,"key":"REST"}],"neow_cost":"TEN_PERCENT_HP_LOSS","seed_source_timestamp":2111138715569100,"circlet_count":0,"master_deck":["AscendersBane","Strike_R","Strike_R","Strike_R","Strike_R","Strike_R","Defend_R","Defend_R","Defend_R","Defend_R","Bash","Clothesline","Discovery+1","Pommel Strike","Flex","Flame Barrier","Cleave","Offering","Shrug It Off","Flame Barrier","Anger+1","Reaper","The Bomb+1","Metallicize+1","Whirlwind","Feed","Shrug It Off+1","Anger"],"relics":["Burning Blood","Old Coin","Pantograph","Membership Card","Strawberry","Shuriken","Ectoplasm","Toxic Egg 2","Toolbox","The Courier","Paper Frog","CultistMask"],"potions_floor_usage":[11,16,24,24,27,33],"damage_taken":[{"damage":9,"enemies":"Jaw Worm","floor":1,"turns":3},{"damage":1,"enemies":"Cultist","floor":3,"turns":3},{"damage":5,"enemies":"2 Louse","floor":4,"turns":3},{"damage":0,"enemies":"Large Slime","floor":5,"turns":3},{"damage":30,"enemies":"Lagavulin","floor":6,"turns":6},{"damage":14,"enemies":"Red Slaver","floor":8,"turns":2},{"damage":8,"enemies":"Lots of Slimes","floor":11,"turns":5},{"damage":0,"enemies":"Exordium Wildlife","floor":13,"turns":3},{"damage":3,"enemies":"Red Slaver","floor":14,"turns":4},{"damage":59,"enemies":"Slime Boss","floor":16,"turns":12},{"damage":6,"enemies":"Chosen","floor":18,"turns":4},{"damage":18,"enemies":"Shell Parasite","floor":21,"turns":5},{"damage":18,"enemies":"Snecko","floor":22,"turns":6},{"damage":47,"enemies":"Book of Stabbing","floor":24,"turns":5},{"damage":10,"enemies":"Snake Plant","floor":27,"turns":4},{"damage":32,"enemies":"Centurion and Healer","floor":30,"turns":5},{"damage":71,"enemies":"Champ","floor":33,"turns":11}],"seed_played":"-6887023111378661173","potions_obtained":[{"floor":3,"key":"Ancient Potion"},{"floor":6,"key":"Block Potion"},{"floor":8,"key":"Fire Potion"},{"floor":13,"key":"Block Potion"},{"floor":22,"key":"BloodPotion"},{"floor":24,"key":"Weak Potion"},{"floor":27,"key":"SpeedPotion"}],"is_trial":false,"path_per_floor":["M","?","M","M","M","E","R","M","T","R","M","$","M","M","R","B",null,"M","$","?","M","M","R","E","R","T","M","$","?","M","$","R","B"],"character_chosen":"IRONCLAD","items_purchased":["Flame Barrier","Regen Potion","Membership Card","Strawberry","Shuriken","Toxic Egg 2","Toolbox","The Bomb+1"],"campfire_rested":3,"item_purchase_floors":[12,12,12,12,12,19,19,19],"current_hp_per_floor":[65,65,68,68,68,44,44,36,36,56,54,61,67,70,70,22,62,62,62,62,50,43,43,21,43,43,39,39,39,13,13,35,0],"gold":16,"neow_bonus":"TWO_FIFTY_GOLD","is_prod":false,"is_daily":false,"chose_seed":false,"campfire_upgraded":3,"win_rate":0,"timestamp":1553221271,"path_taken":["M","?","M","?","M","E","R","?","T","R","M","?","M","M","R","BOSS","M","$","?","M","M","R","E","R","T","M","$","?","?","?","R","BOSS"],"build_version":"2019-01-23","purchased_purges":0,"victory":false,"max_hp_per_floor":[68,68,68,68,68,68,68,68,68,68,68,75,75,75,75,75,75,75,75,75,75,75,75,75,75,75,75,75,75,75,75,75,75],"card_choices":[{"not_picked":["Iron Wave","Shockwave"],"picked":"Clothesline","floor":1},{"not_picked":["Seeing Red","Warcry"],"picked":"Pommel Strike","floor":3},{"not_picked":["Twin Strike","Heavy Blade"],"picked":"Flex","floor":4},{"not_picked":["Clash","Power Through"],"picked":"Flame Barrier","floor":5},{"not_picked":["Disarm","Uppercut"],"picked":"Cleave","floor":6},{"not_picked":["Wild Strike","Pommel Strike"],"picked":"Offering","floor":8},{"not_picked":["Armaments","Uppercut"],"picked":"Shrug It Off","floor":11},{"not_picked":["Clash","Thunderclap","True Grit"],"picked":"SKIP","floor":13},{"not_picked":["Uppercut","Clothesline"],"picked":"Anger","floor":14},{"not_picked":["Berserk","Barricade"],"picked":"Reaper","floor":16},{"not_picked":["Second Wind","Dual Wield","Searing Blow"],"picked":"SKIP","floor":18},{"not_picked":["Evolve","Thunderclap"],"picked":"Metallicize","floor":21},{"not_picked":["Havoc+1","Blood for Blood"],"picked":"Whirlwind","floor":22},{"not_picked":["Sword Boomerang","Pummel"],"picked":"Feed","floor":24},{"not_picked":["Armaments+1","Fire Breathing+1"],"picked":"Shrug It Off+1","floor":27},{"not_picked":["Clash+1","Carnage"],"picked":"Anger","floor":30}],"player_experience":831888,"relics_obtained":[{"floor":6,"key":"Old Coin"},{"floor":9,"key":"Pantograph"},{"floor":24,"key":"The Courier"},{"floor":26,"key":"Paper Frog"}],"event_choices":[{"damage_healed":0,"gold_gain":0,"player_choice":"1 cards matched","damage_taken":0,"max_hp_gain":0,"max_hp_loss":0,"event_name":"Match and Keep!","floor":2,"gold_loss":0,"cards_obtained":["Discovery"]},{"damage_healed":0,"gold_gain":0,"player_choice":"1 cards matched","damage_taken":0,"max_hp_gain":0,"max_hp_loss":0,"event_name":"Match and Keep!","floor":2,"gold_loss":0,"cards_obtained":["Discovery"]},{"damage_healed":0,"gold_gain":0,"player_choice":"Trade","damage_taken":0,"relics_obtained":["CultistMask"],"max_hp_gain":0,"max_hp_loss":0,"event_name":"FaceTrader","floor":29,"gold_loss":0}],"is_beta":false,"boss_relics":[{"not_picked":["Eternal Feather","Black Star"],"picked":"Ectoplasm"}],"items_purged_floors":[],"is_endless":false,"potions_floor_spawned":[3,6,8,13,14,22,24,27],"killed_by":"Champ","ascension_level":14}