{"gold_per_floor":[119,134,84,60,72,106,123,142,142,156,156,173,173,173],"floor_reached":14,"playtime":836,"items_purged":[],"score":103,"play_id":"4fb0ea0c-d838-460b-a523-1dc44c0da5c8","local_time":"20190603102920","is_ascension_mode":true,"campfire_choices":[{"floor":11,"key":"REST"},{"floor":13,"key":"REST"}],"neow_cost":"TEN_PERCENT_HP_LOSS","seed_source_timestamp":656547629177074,"circlet_count":0,"master_deck":["Strike_R","Strike_R","Strike_R","Strike_R","Defend_R","Defend_R","Defend_R","Defend_R","Bash","Inflame","Dropkick","Headbutt","Brutality"],"relics":["Burning Blood","Bird Faced Urn","Ginger","Bottled Tornado"],"potions_floor_usage":[6,14],"damage_taken":[{"damage":7,"enemies":"2 Louse","floor":1,"turns":3},{"damage":6,"enemies":"Cultist","floor":2,"turns":3},{"damage":7,"enemies":"Small Slimes","floor":5,"turns":3},{"damage":36,"enemies":"Lagavulin","floor":6,"turns":5},{"damage":26,"enemies":"Exordium Thugs","floor":7,"turns":4},{"damage":13,"enemies":"Looter","floor":8,"turns":3},{"damage":32,"enemies":"Exordium Wildlife","floor":10,"turns":3},{"damage":32,"enemies":"Lots of Slimes","floor":12,"turns":4},{"damage":42,"enemies":"Gremlin Nob","floor":14,"turns":4}],"seed_played":"6671224834057578188","potions_obtained":[{"floor":1,"key":"FearPotion"},{"floor":2,"key":"FairyPotion"},{"floor":12,"key":"Energy Potion"}],"is_trial":false,"path_per_floor":["M","M","?","?","M","E","M","M","T","M","R","M","R","E"],"character_chosen":"IRONCLAD","items_purchased":[],"campfire_rested":2,"item_purchase_floors":[],"current_hp_per_floor":[71,72,72,72,72,42,24,21,21,12,33,11,32,0],"gold":173,"neow_bonus":"ONE_RARE_RELIC","is_prod":false,"is_daily":false,"chose_seed":false,"campfire_upgraded":0,"win_rate":0,"timestamp":1559582960,"path_taken":["M","M","?","?","M","E","M","M","T","M","R","M","R","E"],"build_version":"2019-01-23","purchased_purges":0,"victory":false,"max_hp_per_floor":[72,72,72,72,72,72,72,72,72,72,72,72,72,72],"card_choices":[{"not_picked":["Sword Boomerang","Body Slam"],"picked":"Inflame","floor":1},{"not_picked":["Warcry","Body Slam"],"picked":"Dropkick","floor":2},{"not_picked":["Reckless Charge","Wild Strike"],"picked":"Headbutt","floor":5},{"not_picked":["Clash","Pommel Strike","Intimidate"],"picked":"SKIP","floor":6},{"not_picked":["Iron Wave","Anger"],"picked":"Brutality","floor":7},{"not_picked":["Hemokinesis","Feel No Pain","Intimidate"],"picked":"SKIP","floor":8},{"not_picked":["Clash","Intimidate","Headbutt"],"picked":"SKIP","floor":10},{"not_picked":["Havoc","Warcry","Dark Embrace"],"picked":"SKIP","floor":12}],"player_experience":280441,"relics_obtained":[{"floor":6,"key":"Ginger"},{"floor":9,"key":"Bottled Tornado"}],"event_choices":[{"cards_removed":["Strike_R"],"damage_healed":0,"gold_gain":0,"player_choice":"Card Removal","damage_taken":0,"max_hp_gain":0,"max_hp_loss":0,"event_name":"The Cleric","floor":3,"gold_loss":50},{"damage_healed":0,"gold_gain":0,"player_choice":"Left Gold","damage_taken":0,"max_hp_gain":0,"max_hp_loss":0,"event_name":"World of Goop","floor":4,"gold_loss":24}],"is_beta":false,"boss_relics":[],"items_purged_floors":[],"is_endless":false,"potions_floor_spawned":[1,2,12],"killed_by":"Gremlin Nob","ascension_level":2}