{"gold_per_floor":[213,213,213,138,152,177,196,221,294,294,312,330,346,363,363,459,459,479,479,479,498,498,498,516,542,542,562,574,574],"floor_reached":29,"playtime":1304,"items_purged":["Strike_R"],"score":259,"play_id":"c22f0b12-ac02-411c-932e-db71efaff45b","local_time":"20190410235931","is_ascension_mode":false,"campfire_choices":[{"data":"Armaments","floor":15,"key":"SMITH"},{"data":"RitualDagger","floor":23,"key":"SMITH"}],"neow_cost":"NONE","seed_source_timestamp":80992044214651,"circlet_count":0,"master_deck":["Strike_R","Strike_R+1","Strike_R","Defend_R","Defend_R+1","Defend_R","Defend_R","Bash","Iron Wave","Immolate","Headbutt","Flame Barrier","Armaments+1","Double Tap","True Grit+1","Rampage","Body Slam+1","RitualDagger+1","Rage","Shrug It Off","Flame Barrier","Offering"],"relics":["Black Blood","Boot"],"potions_floor_usage":[6,16,16,16,18,24,28],"damage_taken":[{"damage":6,"enemies":"Jaw Worm","floor":1,"turns":5},{"damage":7,"enemies":"2 Louse","floor":5,"turns":3},{"damage":31,"enemies":"Lagavulin","floor":6,"turns":5},{"damage":0,"enemies":"Cultist","floor":7,"turns":4},{"damage":14,"enemies":"3 Sentries","floor":8,"turns":5},{"damage":7,"enemies":"Blue Slaver","floor":11,"turns":3},{"damage":15,"enemies":"Looter","floor":12,"turns":3},{"damage":0,"enemies":"2 Fungi Beasts","floor":13,"turns":2},{"damage":2,"enemies":"Blue Slaver","floor":14,"turns":3},{"damage":15,"enemies":"The Guardian","floor":16,"turns":15},{"damage":7,"enemies":"Chosen","floor":18,"turns":4},{"damage":26,"enemies":"Shell Parasite","floor":21,"turns":9},{"damage":6,"enemies":"3 Cultists","floor":24,"turns":5},{"damage":15,"enemies":"Gremlin Leader","floor":25,"turns":7},{"damage":9,"enemies":"Snake Plant","floor":27,"turns":4},{"damage":22,"enemies":"Centurion and Healer","floor":28,"turns":12},{"damage":52,"enemies":"Shelled Parasite and Fungi","floor":29,"turns":4}],"seed_played":"2680445444698959301","potions_obtained":[{"floor":5,"key":"Fire Potion"},{"floor":8,"key":"Poison Potion"},{"floor":10,"key":"Swift Potion"},{"floor":10,"key":"Strength Potion"},{"floor":10,"key":"AttackPotion"},{"floor":16,"key":"Energy Potion"},{"floor":21,"key":"Explosive Potion"},{"floor":24,"key":"Energy Potion"}],"is_trial":false,"path_per_floor":["M","?","?","$","M","E","M","E","T","?","M","M","M","M","R","B",null,"M","?","?","M","?","R","M","E","T","M","M","M"],"character_chosen":"IRONCLAD","items_purchased":[],"campfire_rested":0,"item_purchase_floors":[],"current_hp_per_floor":[80,73,57,57,56,31,37,29,29,29,28,19,25,29,29,20,80,80,80,80,64,58,58,62,57,57,58,46,0],"gold":574,"neow_bonus":"HUNDRED_GOLD","is_prod":false,"is_daily":false,"chose_seed":false,"campfire_upgraded":2,"win_rate":0,"timestamp":1554955171,"path_taken":["M","?","?","$","M","E","M","E","T","?","M","M","M","?","R","BOSS","M","?","?","M","?","R","M","E","T","M","M","?"],"build_version":"2019-01-23","purchased_purges":1,"victory":false,"max_hp_per_floor":[80,80,80,80,80,80,80,80,80,80,80,80,80,80,80,80,80,80,80,80,80,80,80,80,80,80,80,80,80],"card_choices":[{"not_picked":["Headbutt","Thunderclap"],"picked":"Iron Wave","floor":1},{"not_picked":["Wild Strike","Clothesline","Perfected Strike"],"picked":"SKIP","floor":5},{"not_picked":["Clothesline","Hemokinesis"],"picked":"Immolate","floor":6},{"not_picked":["Battle Trance","Cleave"],"picked":"Headbutt","floor":7},{"not_picked":["Perfected Strike","Wild Strike"],"picked":"Flame Barrier","floor":8},{"not_picked":["Shockwave","Heavy Blade","Clothesline"],"picked":"SKIP","floor":11},{"not_picked":["Havoc","Sword Boomerang","Headbutt"],"picked":"SKIP","floor":12},{"not_picked":["Flex","Reckless Charge","Corruption"],"picked":"SKIP","floor":13},{"not_picked":["Pommel Strike","Seeing Red"],"picked":"Armaments","floor":14},{"not_picked":["Reaper","Limit Break"],"picked":"Double Tap","floor":16},{"not_picked":["Headbutt","Twin Strike"],"picked":"True Grit+1","floor":18},{"not_picked":["Dropkick","Twin Strike"],"picked":"Body Slam+1","floor":21},{"not_picked":["Sword Boomerang","Armaments+1"],"picked":"Rage","floor":24},{"not_picked":["Twin Strike","Metallicize"],"picked":"Shrug It Off","floor":25},{"not_picked":["Battle Trance","Ghostly Armor"],"picked":"Flame Barrier","floor":27},{"not_picked":["Uppercut","Anger"],"picked":"Offering","floor":28}],"player_experience":559195,"relics_obtained":[{"floor":26,"key":"Boot"}],"event_choices":[{"cards_removed":["Strike_R"],"damage_healed":0,"gold_gain":0,"player_choice":"Card Removal","damage_taken":7,"max_hp_gain":0,"max_hp_loss":0,"event_name":"Golden Wing","floor":2,"gold_loss":0},{"damage_healed":0,"gold_gain":0,"player_choice":"Entered Light","damage_taken":16,"max_hp_gain":0,"max_hp_loss":0,"event_name":"Shining Light","floor":3,"gold_loss":0,"cards_upgraded":["Defend_R","Strike_R"]},{"damage_healed":0,"gold_gain":0,"player_choice":"Got Potions","damage_taken":0,"max_hp_gain":0,"max_hp_loss":0,"event_name":"Lab","floor":10,"gold_loss":0},{"damage_healed":0,"gold_gain":0,"player_choice":"Read","damage_taken":0,"max_hp_gain":0,"max_hp_loss":0,"event_name":"The Library","floor":19,"gold_loss":0,"cards_obtained":["Rampage"]},{"damage_healed":0,"gold_gain":0,"player_choice":"Ignored","damage_taken":0,"max_hp_gain":0,"max_hp_loss":0,"event_name":"Ghosts","floor":20,"gold_loss":0},{"damage_healed":0,"gold_gain":0,"player_choice":"Joined the Cult","damage_taken":6,"max_hp_gain":0,"max_hp_loss":0,"event_name":"Nest","floor":22,"gold_loss":0,"cards_obtained":["RitualDagger"]}],"is_beta":false,"boss_relics":[{"not_picked":["Eternal Feather","Tiny House"],"picked":"Black Blood"}],"items_purged_floors":[4],"is_endless":false,"potions_floor_spawned":[5,8,11,16,21,24],"killed_by":"Shelled Parasite and Fungi","ascension_level":0}