{"gold_per_floor":[119,138,138,138,153,153,180,180,250,250,1,20,20,40,40,119,119,134,150,164,111,111,111,124,124,124,124,0,17,40,40],"floor_reached":31,"playtime":919,"items_purged":[],"score":447,"play_id":"2ed58d1c-9aef-4a82-9d42-1025ff2c825d","local_time":"20190619191653","is_ascension_mode":true,"campfire_choices":[{"data":"White Noise","floor":6,"key":"SMITH"},{"floor":8,"key":"REST"},{"floor":10,"key":"REST"},{"data":"Beam Cell","floor":15,"key":"SMITH"},{"data":"Darkness","floor":23,"key":"SMITH"},{"floor":25,"key":"REST"},{"data":"Leap","floor":27,"key":"SMITH"}],"neow_cost":"NONE","seed_source_timestamp":591425701179495,"circlet_count":0,"master_deck":["AscendersBane","Strike_B","Strike_B","Strike_B","Strike_B","Defend_B+1","Defend_B","Defend_B+1","Defend_B+1","Zap","Dualcast","White Noise+1","Conserve Battery+1","Beam Cell+1","Core Surge","Static Discharge+1","Steam","Streamline","Machine Learning+1","Capacitor+1","Barrage+1","Darkness+1","Leap+1","Doubt","Regret"],"relics":["Cracked Core","FaceOfCleric","War Paint","Frozen Egg 2","Regal Pillow","Cursed Key","Nloth\u0027s Gift","Singing Bowl","Dream Catcher"],"potions_floor_usage":[16,20,24,29],"damage_taken":[{"damage":0,"enemies":"Jaw Worm","floor":1,"turns":1},{"damage":0,"enemies":"Cultist","floor":2,"turns":1},{"damage":0,"enemies":"2 Louse","floor":5,"turns":1},{"damage":41,"enemies":"3 Sentries","floor":7,"turns":8},{"damage":0,"enemies":"Large Slime","floor":12,"turns":3},{"damage":0,"enemies":"Red Slaver","floor":14,"turns":3},{"damage":20,"enemies":"Hexaghost","floor":16,"turns":8},{"damage":20,"enemies":"Shell Parasite","floor":18,"turns":5},{"damage":6,"enemies":"Chosen","floor":19,"turns":5},{"damage":7,"enemies":"Snecko","floor":20,"turns":5},{"damage":33,"enemies":"Shelled Parasite and Fungi","floor":24,"turns":3},{"damage":21,"enemies":"Snake Plant","floor":29,"turns":4},{"damage":23,"enemies":"Cultist and Chosen","floor":31,"turns":5}],"seed_played":"4016168809520669742","potions_obtained":[{"floor":1,"key":"Energy Potion"},{"floor":7,"key":"FearPotion"},{"floor":18,"key":"Poison Potion"}],"is_trial":false,"path_per_floor":["M","M","?","?","M","R","E","R","T","R","$","M","?","M","R","B",null,"M","M","M","$","?","R","M","R","T","R","?","M","T","M"],"character_chosen":"DEFECT","items_purchased":["Static Discharge+1","Regal Pillow","PowerPotion"],"campfire_rested":3,"item_purchase_floors":[11,11,21],"current_hp_per_floor":[64,64,43,43,44,44,4,25,25,46,46,47,47,48,48,29,64,45,40,34,34,34,34,2,41,41,41,41,23,23,0],"gold":40,"neow_bonus":"THREE_ENEMY_KILL","is_prod":false,"is_daily":false,"chose_seed":false,"campfire_upgraded":4,"win_rate":0,"timestamp":1560997013,"path_taken":["M","M","?","?","?","R","E","R","T","R","?","M","?","M","R","BOSS","M","M","M","$","?","R","?","R","T","R","?","M","?","M"],"build_version":"2019-01-23","purchased_purges":0,"victory":false,"max_hp_per_floor":[71,71,71,71,72,72,73,73,73,73,73,74,74,75,75,76,76,77,78,79,79,79,79,80,80,80,80,80,83,83,83],"card_choices":[{"not_picked":["Scrape","Streamline"],"picked":"White Noise","floor":1},{"not_picked":["Gash","Redo"],"picked":"Conserve Battery","floor":2},{"not_picked":["Turbo","Consume"],"picked":"Beam Cell","floor":5},{"not_picked":["Leap","Hyperbeam"],"picked":"Core Surge","floor":7},{"not_picked":["Sweeping Beam","Stack"],"picked":"Steam","floor":12},{"not_picked":["Undo","Rebound"],"picked":"Streamline","floor":14},{"not_picked":["Fission","All For One"],"picked":"Machine Learning+1","floor":16},{"not_picked":["Compile Driver","Gash+1"],"picked":"Capacitor+1","floor":18},{"not_picked":["Ball Lightning","Sweeping Beam"],"picked":"Barrage+1","floor":19},{"not_picked":["Leap","Coolheaded"],"picked":"Darkness","floor":20},{"not_picked":["Beam Cell","Hologram+1"],"picked":"Leap","floor":24},{"not_picked":["Hologram","Static Discharge+1","Stack"],"picked":"Singing Bowl","floor":29}],"player_experience":1040096,"relics_obtained":[{"floor":7,"key":"War Paint"},{"floor":9,"key":"Frozen Egg 2"},{"floor":26,"key":"Singing Bowl"},{"floor":30,"key":"Dream Catcher"}],"event_choices":[{"damage_healed":0,"gold_gain":0,"player_choice":"Entered Light","damage_taken":21,"max_hp_gain":0,"max_hp_loss":0,"event_name":"Shining Light","floor":3,"gold_loss":0,"cards_upgraded":["Defend_B","Defend_B"]},{"damage_healed":0,"gold_gain":0,"player_choice":"Trade","damage_taken":0,"relics_obtained":["FaceOfCleric"],"max_hp_gain":0,"max_hp_loss":0,"event_name":"FaceTrader","floor":4,"gold_loss":0},{"damage_healed":0,"gold_gain":0,"player_choice":"Leave","damage_taken":0,"max_hp_gain":0,"max_hp_loss":0,"event_name":"The Cleric","floor":13,"gold_loss":0},{"damage_healed":0,"gold_gain":0,"player_choice":"Traded Relic","damage_taken":0,"relics_obtained":["Nloth\u0027s Gift"],"max_hp_gain":0,"max_hp_loss":0,"event_name":"N\u0027loth","floor":22,"relics_lost":["NeowsBlessing"],"gold_loss":0},{"damage_healed":0,"gold_gain":0,"player_choice":"Paid Fearfully","damage_taken":0,"max_hp_gain":0,"max_hp_loss":0,"event_name":"Masked Bandits","floor":28,"gold_loss":124}],"is_beta":false,"boss_relics":[{"not_picked":["Runic Pyramid","Ectoplasm"],"picked":"Cursed Key"}],"items_purged_floors":[],"is_endless":false,"potions_floor_spawned":[1,7,18],"killed_by":"Cultist and Chosen","ascension_level":18}