{"gold_per_floor":[110,129,129,143,143,143,170,170,195,195,210,171,191,246,246,342,342,352,352,59,59,79,111,111],"floor_reached":24,"playtime":1462,"items_purged":["Strike_R+1"],"score":314,"play_id":"83cb31f7-08fd-42a4-8879-86aff31e455d","local_time":"20190218172854","is_ascension_mode":true,"campfire_choices":[{"data":"Shrug It Off","floor":6,"key":"SMITH"},{"floor":8,"key":"REST"},{"data":"Strike_R","floor":10,"key":"SMITH"},{"data":"Uppercut","floor":15,"key":"SMITH"}],"neow_cost":"NONE","seed_source_timestamp":251947638492831,"circlet_count":0,"master_deck":["Strike_R+1","Strike_R+1","Strike_R+1","Defend_R+1","Defend_R+1","Defend_R+1","Defend_R+1","Bash+1","Cleave+1","Shrug It Off+1","Double Tap","Iron Wave","Uppercut+1","Immolate","Power Through","RitualDagger","Thunderclap+1","True Grit+1"],"relics":["Burning Blood","Boot","Art of War","Ancient Tea Set","Tiny Chest","Philosopher\u0027s Stone","PreservedInsect","Frozen Egg 2"],"potions_floor_usage":[16,23,23],"damage_taken":[{"damage":13,"enemies":"Cultist","floor":1,"turns":6},{"damage":8,"enemies":"Jaw Worm","floor":2,"turns":5},{"damage":0,"enemies":"Small Slimes","floor":4,"turns":4},{"damage":24,"enemies":"Gremlin Nob","floor":7,"turns":4},{"damage":0,"enemies":"Looter","floor":11,"turns":3},{"damage":0,"enemies":"Large Slime","floor":13,"turns":3},{"damage":29,"enemies":"Lagavulin","floor":14,"turns":5},{"damage":22,"enemies":"The Guardian","floor":16,"turns":13},{"damage":36,"enemies":"3 Byrds","floor":18,"turns":4},{"damage":10,"enemies":"Shell Parasite","floor":22,"turns":5},{"damage":18,"enemies":"Book of Stabbing","floor":23,"turns":5},{"damage":18,"enemies":"Snecko","floor":24,"turns":3}],"seed_played":"-2459932419733005162","potions_obtained":[{"floor":2,"key":"Energy Potion"},{"floor":4,"key":"Dexterity Potion"},{"floor":7,"key":"Fire Potion"},{"floor":16,"key":"EntropicBrew"}],"is_trial":false,"path_per_floor":["M","M","?","M","?","R","E","R","T","R","M","?","M","E","R","B",null,"M","?","$","?","M","E","M"],"character_chosen":"IRONCLAD","items_purchased":["PreservedInsect","Power Through"],"campfire_rested":1,"item_purchase_floors":[20,20],"current_hp_per_floor":[65,63,63,69,53,53,35,59,59,59,65,65,71,48,48,32,68,38,38,38,32,28,16,0],"gold":111,"neow_bonus":"RANDOM_COMMON_RELIC","is_prod":false,"is_daily":false,"chose_seed":false,"campfire_upgraded":3,"win_rate":0,"timestamp":1550528934,"path_taken":["M","M","?","M","?","R","E","R","T","R","?","?","M","E","R","BOSS","M","?","$","?","M","E","M"],"build_version":"2019-01-23","purchased_purges":1,"victory":false,"max_hp_per_floor":[80,80,80,80,80,80,80,80,80,80,80,80,80,80,80,80,80,80,80,80,80,80,80,80],"card_choices":[{"not_picked":["Dropkick","Fire Breathing"],"picked":"Cleave","floor":1},{"not_picked":["Corruption","Sword Boomerang"],"picked":"Shrug It Off","floor":2},{"not_picked":["Dual Wield","Havoc","Warcry"],"picked":"SKIP","floor":4},{"not_picked":["Twin Strike","Cleave","Rage"],"picked":"SKIP","floor":7},{"not_picked":["Anger","Iron Wave"],"picked":"Double Tap","floor":11},{"not_picked":["Fire Breathing","Anger"],"picked":"Iron Wave","floor":13},{"not_picked":["Perfected Strike","Rampage"],"picked":"Uppercut","floor":14},{"not_picked":["Barricade","Fiend Fire"],"picked":"Immolate","floor":16},{"not_picked":["Iron Wave","Sever Soul+1","Body Slam"],"picked":"SKIP","floor":18},{"not_picked":["Rupture+1","Combust"],"picked":"Thunderclap+1","floor":22},{"not_picked":["Whirlwind","Thunderclap+1"],"picked":"True Grit+1","floor":23}],"player_experience":281395,"relics_obtained":[{"floor":7,"key":"Art of War"},{"floor":9,"key":"Ancient Tea Set"},{"floor":14,"key":"Tiny Chest"},{"floor":23,"key":"Frozen Egg 2"}],"event_choices":[{"cards_removed":["Strike_R"],"damage_healed":0,"gold_gain":0,"player_choice":"Forget","damage_taken":0,"max_hp_gain":0,"max_hp_loss":0,"event_name":"Living Wall","floor":3,"gold_loss":0},{"damage_healed":0,"gold_gain":0,"player_choice":"Entered Light","damage_taken":16,"max_hp_gain":0,"max_hp_loss":0,"event_name":"Shining Light","floor":5,"gold_loss":0,"cards_upgraded":["Cleave","Bash"]},{"damage_healed":0,"gold_gain":0,"player_choice":"Left Gold","damage_taken":0,"max_hp_gain":0,"max_hp_loss":0,"event_name":"World of Goop","floor":12,"gold_loss":39},{"damage_healed":0,"gold_gain":0,"player_choice":"Simplicity","damage_taken":0,"max_hp_gain":0,"max_hp_loss":0,"event_name":"Back to Basics","floor":19,"gold_loss":0,"cards_upgraded":["Strike_R","Strike_R","Strike_R","Defend_R","Defend_R","Defend_R","Defend_R"]},{"damage_healed":0,"gold_gain":0,"player_choice":"Joined the Cult","damage_taken":6,"max_hp_gain":0,"max_hp_loss":0,"event_name":"Nest","floor":21,"gold_loss":0,"cards_obtained":["RitualDagger"]}],"is_beta":false,"boss_relics":[{"not_picked":["Orrery","Runic Dome"],"picked":"Philosopher\u0027s Stone"}],"items_purged_floors":[20],"is_endless":false,"potions_floor_spawned":[2,4,7,16,22],"killed_by":"Snecko","ascension_level":8}