{"gold_per_floor":[111,8,20,20,33,33,66,66,146,146,146,164,179,206,206,284,284],"floor_reached":17,"playtime":454,"items_purged":[],"score":380,"play_id":"6587634f-68ac-4343-a4a5-474ae37755ae","local_time":"20190607182301","is_ascension_mode":true,"campfire_choices":[{"data":"Doom and Gloom","floor":6.0,"key":"SMITH"},{"data":"Chill","floor":8.0,"key":"SMITH"},{"data":"White Noise","floor":11.0,"key":"SMITH"},{"data":"Static Discharge","floor":15.0,"key":"SMITH"}],"neow_cost":"NONE","seed_source_timestamp":0,"circlet_count":0,"master_deck":["AscendersBane","Strike_B","Strike_B","Strike_B","Strike_B","Defend_B","Defend_B","Defend_B","Defend_B","Zap","Dualcast","Chill+1","Cold Snap","White Noise+1","Doom and Gloom+1","Leap","Cold Snap","Static Discharge+1","Buffer"],"special_seed":0,"relics":["Cracked Core","NeowsBlessing","Blood Vial","Bottled Lightning","Oddly Smooth Stone"],"potions_floor_usage":[],"damage_taken":[{"damage":0.0,"enemies":"Jaw Worm","floor":1.0,"turns":1.0},{"damage":0.0,"enemies":"2 Louse","floor":3.0,"turns":1.0},{"damage":0.0,"enemies":"Cultist","floor":5.0,"turns":1.0},{"damage":41.0,"enemies":"Gremlin Nob","floor":7.0,"turns":5.0},{"damage":2.0,"enemies":"Lots of Slimes","floor":12.0,"turns":3.0},{"damage":4.0,"enemies":"Looter","floor":13.0,"turns":2.0},{"damage":0.0,"enemies":"3 Sentries","floor":14.0,"turns":5.0},{"damage":27.0,"enemies":"Hexaghost","floor":16.0,"turns":9.0}],"seed_played":"6661327655936494402","potions_obtained":[{"floor":5.0,"key":"Regen Potion"},{"floor":7.0,"key":"LiquidBronze"},{"floor":14.0,"key":"Energy Potion"}],"is_trial":false,"path_per_floor":["M","$","M","?","M","R","E","R","T","?","R","M","M","E","R","B",null],"character_chosen":"DEFECT","items_purchased":["Chill","Cold Snap"],"campfire_rested":0,"item_purchase_floors":[2,2],"current_hp_per_floor":[64,64,64,69,69,69,28,28,28,33,33,33,31,47,47,22,22],"gold":284,"neow_bonus":"THREE_ENEMY_KILL","is_prod":false,"is_daily":false,"chose_seed":false,"campfire_upgraded":4,"win_rate":0,"timestamp":1559946181,"path_taken":["M","$","M","?","M","R","E","R","T","?","R","?","M","E","R","BOSS"],"build_version":"2019-01-23","purchased_purges":0,"victory":false,"max_hp_per_floor":[71,71,71,76,76,76,76,76,76,76,76,76,76,76,76,76,76],"card_choices":[{"not_picked":["Hologram","Leap"],"picked":"Rebound","floor":1.0},{"not_picked":["Barrage","Beam Cell"],"picked":"White Noise","floor":3.0},{"not_picked":["Redo","Sweeping Beam"],"picked":"Doom and Gloom","floor":5.0},{"not_picked":["White Noise","Rebound"],"picked":"Leap","floor":7.0},{"not_picked":["Leap","Compile Driver"],"picked":"Cold Snap","floor":12.0},{"not_picked":["Hello World","Streamline","Cold Snap"],"picked":"SKIP","floor":13.0},{"not_picked":["Melter","Barrage"],"picked":"Static Discharge","floor":14.0},{"not_picked":["All For One","Rainbow"],"picked":"Buffer","floor":16.0}],"player_experience":856969,"relics_obtained":[{"floor":7.0,"key":"Blood Vial"},{"floor":9.0,"key":"Bottled Lightning"},{"floor":14.0,"key":"Oddly Smooth Stone"}],"event_choices":[{"damage_healed":0.0,"max_hp_gain":5.0,"max_hp_loss":0.0,"gold_gain":0.0,"event_name":"Big Fish","player_choice":"Donut","floor":4.0,"gold_loss":0.0,"damage_taken":0.0},{"cards_removed":["Rebound"],"damage_healed":5.0,"max_hp_gain":0.0,"max_hp_loss":0.0,"gold_gain":0.0,"event_name":"Bonfire Elementals","player_choice":"Offered Common","floor":10.0,"gold_loss":0.0,"damage_taken":0.0},{"cards_removed":["Rebound"],"damage_healed":5.0,"max_hp_gain":0.0,"max_hp_loss":0.0,"gold_gain":0.0,"event_name":"Bonfire Elementals","player_choice":"Offered Special","floor":10.0,"gold_loss":0.0,"damage_taken":0.0}],"is_beta":false,"boss_relics":[],"items_purged_floors":[],"is_endless":false,"potions_floor_spawned":[5,7,14],"ascension_level":20}