{"gold_per_floor":[115,125,145,67,83,83,109,109,135,135,163,173,173,206,206,308,308,324,102,114,114,29,59,78,78,78,107,121,221,221,237,237,341,341,355,375,157,170,0,0,34,46,46,116,116,116,116,129,129,129],"floor_reached":51,"playtime":3098,"items_purged":[],"score":1022,"play_id":"7354b84c-5649-4e9c-abb6-a0efc2b9f73f","local_time":"20190619235559","is_ascension_mode":true,"campfire_choices":[{"floor":6,"key":"REST"},{"floor":8,"key":"RECALL"},{"floor":13,"key":"REST"},{"floor":15,"key":"REST"}],"neow_cost":"NONE","seed_source_timestamp":19614351515825,"circlet_count":0,"master_deck":["Defend_G","Defend_G","Defend_G","Defend_G","Defend_G","Strike_G","Strike_G","Strike_G","Strike_G","Strike_G+1","Survivor","Neutralize","Dash+1","Escape Plan","Riddle With Holes","Dash","Dash","Backflip","Flying Knee","Malaise","Envenom","Apotheosis","Acrobatics","Choke","Night Terror","Dagger Spray","Well Laid Plans+1","All Out Attack+1","Decay","Unload+1","Blur","PiercingWail","Leg Sweep","Predator+1","Escape Plan+1","Prepared+1","Doubt"],"relics":["Fusion Hammer","Happy Flower","Ancient Tea Set","Boot","Lantern","Coffee Dripper","Ninja Scroll","Tingsha","Molten Egg 2","The Courier","Turnip","Darkstone Periapt","Snecko Eye","MealTicket","Red Mask","Smiling Mask","Gambling Chip","Gremlin Horn"],"potions_floor_usage":[7,7,11,16,27,29,29,31,33,35,38,42,42],"damage_taken":[{"damage":7,"enemies":"Jaw Worm","floor":1,"turns":5},{"damage":0,"enemies":"2 Louse","floor":2,"turns":3},{"damage":2,"enemies":"Small Slimes","floor":3,"turns":4},{"damage":0,"enemies":"Looter","floor":5,"turns":3},{"damage":0,"enemies":"3 Sentries","floor":7,"turns":5},{"damage":9,"enemies":"Gremlin Nob","floor":11,"turns":4},{"damage":0,"enemies":"Exordium Thugs","floor":12,"turns":4},{"damage":0,"enemies":"3 Sentries","floor":14,"turns":5},{"damage":0,"enemies":"The Guardian","floor":16,"turns":14},{"damage":0,"enemies":"Shell Parasite","floor":18,"turns":4},{"damage":2,"enemies":"Spheric Guardian","floor":20,"turns":4},{"damage":7,"enemies":"Slavers","floor":23,"turns":5},{"damage":0,"enemies":"Snecko","floor":24,"turns":3},{"damage":0,"enemies":"Gremlin Leader","floor":27,"turns":4},{"damage":0,"enemies":"Centurion and Healer","floor":28,"turns":5},{"damage":0,"enemies":"Colosseum Slavers","floor":29,"turns":2},{"damage":3,"enemies":"Colosseum Nobs","floor":29,"turns":4},{"damage":11,"enemies":"Snake Plant","floor":31,"turns":3},{"damage":26,"enemies":"Champ","floor":33,"turns":12},{"damage":34,"enemies":"3 Darklings","floor":35,"turns":4},{"damage":0,"enemies":"3 Shapes","floor":36,"turns":2},{"damage":9,"enemies":"Jaw Worm Horde","floor":38,"turns":4},{"damage":16,"enemies":"Nemesis","floor":41,"turns":6},{"damage":9,"enemies":"Writhing Mass","floor":42,"turns":7},{"damage":0,"enemies":"Transient","floor":48,"turns":5},{"damage":8,"enemies":"Awakened One","floor":50,"turns":17}],"seed_played":"-6340799651179812485","potions_obtained":[{"floor":1,"key":"SkillPotion"},{"floor":2,"key":"Fire Potion"},{"floor":7,"key":"Energy Potion"},{"floor":14,"key":"Dexterity Potion"},{"floor":16,"key":"SpeedPotion"},{"floor":20,"key":"Explosive Potion"},{"floor":23,"key":"GamblersBrew"},{"floor":27,"key":"Ancient Potion"},{"floor":29,"key":"AttackPotion"},{"floor":31,"key":"Dexterity Potion"},{"floor":33,"key":"GamblersBrew"},{"floor":36,"key":"FearPotion"},{"floor":38,"key":"Poison Potion"},{"floor":41,"key":"Regen Potion"}],"is_trial":false,"path_per_floor":["M","M","M","$","M","R","E","R","T","?","E","M","R","E","R","B",null,"M","$","M","?","?","E","M","R","T","E","M","?","?","M","R","B",null,"M","M","$","M","?","R","E","M","T","T","?","?","?","M","R","B",null],"character_chosen":"THE_SILENT","items_purchased":["Dash","Apotheosis","Acrobatics","Leg Sweep","MealTicket"],"campfire_rested":3,"item_purchase_floors":[4,19,19,37,37],"current_hp_per_floor":[63,63,61,61,61,70,70,70,70,56,47,47,68,68,70,70,70,70,70,68,68,68,61,61,61,61,61,61,58,64,53,53,27,76,42,42,42,33,33,33,17,23,23,23,82,78,78,78,78,70],"gold":129,"neow_bonus":"BOSS_RELIC","is_prod":false,"is_daily":false,"chose_seed":false,"campfire_upgraded":0,"win_rate":0,"timestamp":1561013759,"path_taken":["M","M","M","$","M","R","E","R","T","?","E","M","R","E","R","BOSS","M","$","M","?","?","E","M","R","T","E","M","?","?","M","R","BOSS","M","M","$","M","?","R","E","M","T","?","?","?","?","M","R","BOSS"],"build_version":"2019-01-23","purchased_purges":0,"victory":true,"max_hp_per_floor":[70,70,70,70,70,70,70,70,70,70,70,70,70,70,70,70,70,70,70,70,70,70,70,70,70,70,70,70,70,76,76,76,76,76,76,76,76,76,76,76,76,76,76,76,82,78,78,78,78,78],"card_choices":[{"not_picked":["Slice","Catalyst"],"picked":"Dash","floor":1},{"not_picked":["Slice","Blade Dance"],"picked":"Escape Plan","floor":2},{"not_picked":["Accuracy","Cloak And Dagger"],"picked":"Riddle With Holes","floor":3},{"not_picked":["Poisoned Stab","Blade Dance"],"picked":"Dash","floor":5},{"not_picked":["Catalyst","Crippling Poison"],"picked":"Backflip","floor":7},{"not_picked":["Blade Dance","Deadly Poison","Dodge and Roll"],"picked":"SKIP","floor":11},{"not_picked":["Eviscerate","Masterful Stab"],"picked":"Flying Knee","floor":12},{"not_picked":["Heel Hook","Sucker Punch"],"picked":"Malaise","floor":14},{"not_picked":["Tools of the Trade","Wraith Form v2"],"picked":"Envenom","floor":16},{"not_picked":["Blade Dance","Sucker Punch","Underhanded Strike+1"],"picked":"SKIP","floor":18},{"not_picked":["Deflect","Riddle With Holes"],"picked":"Choke","floor":20},{"not_picked":["Blade Dance+1","Poisoned Stab"],"picked":"Night Terror","floor":23},{"not_picked":["Dodge and Roll","Sucker Punch"],"picked":"Dagger Spray","floor":24},{"not_picked":["Calculated Gamble+1","Slice+1"],"picked":"Well Laid Plans+1","floor":27},{"not_picked":["Slice+1","Bouncing Flask+1"],"picked":"All Out Attack+1","floor":28},{"not_picked":["Slice+1","Flying Knee+1","Deadly Poison+1"],"picked":"SKIP","floor":31},{"not_picked":["Phantasmal Killer","Malaise"],"picked":"Unload+1","floor":33},{"not_picked":["Backflip","Sucker Punch+1"],"picked":"Blur","floor":35},{"not_picked":["Dagger Throw+1","Acrobatics+1"],"picked":"PiercingWail","floor":36},{"not_picked":["Flechettes+1","Dagger Throw+1"],"picked":"Predator+1","floor":38},{"not_picked":["Sucker Punch+1","Blade Dance"],"picked":"Escape Plan+1","floor":41},{"not_picked":["Expertise+1","Dash+1"],"picked":"Prepared+1","floor":42},{"not_picked":["Blade Dance+1","Deflect+1","Prepared+1"],"picked":"SKIP","floor":48}],"player_experience":445857,"relics_obtained":[{"floor":7,"key":"Happy Flower"},{"floor":9,"key":"Ancient Tea Set"},{"floor":11,"key":"Boot"},{"floor":14,"key":"Lantern"},{"floor":23,"key":"Tingsha"},{"floor":26,"key":"Molten Egg 2"},{"floor":27,"key":"The Courier"},{"floor":29,"key":"Turnip"},{"floor":29,"key":"Darkstone Periapt"},{"floor":41,"key":"Smiling Mask"},{"floor":43,"key":"Gambling Chip"},{"floor":44,"key":"Gremlin Horn"}],"event_choices":[{"damage_healed":0,"gold_gain":0,"player_choice":"Entered Light","damage_taken":14,"max_hp_gain":0,"max_hp_loss":0,"event_name":"Shining Light","floor":10,"gold_loss":0,"cards_upgraded":["Strike_G","Dash"]},{"damage_healed":0,"gold_gain":0,"player_choice":"Ignored","damage_taken":0,"max_hp_gain":0,"max_hp_loss":0,"event_name":"The Mausoleum","floor":21,"gold_loss":0},{"damage_healed":0,"gold_gain":0,"player_choice":"Obtained Relic","damage_taken":0,"relics_obtained":["Ninja Scroll"],"max_hp_gain":0,"max_hp_loss":0,"event_name":"Addict","floor":22,"gold_loss":85},{"damage_healed":0,"gold_gain":0,"player_choice":"Fight","damage_taken":0,"max_hp_gain":0,"max_hp_loss":0,"event_name":"Colosseum","floor":29,"gold_loss":0},{"damage_healed":0,"gold_gain":0,"player_choice":"Fought Nobs","damage_taken":0,"max_hp_gain":0,"max_hp_loss":0,"event_name":"Colosseum","floor":29,"gold_loss":0},{"damage_healed":0,"gold_gain":0,"player_choice":"Smashed Altar","damage_taken":0,"max_hp_gain":0,"max_hp_loss":0,"event_name":"Forgotten Altar","floor":30,"gold_loss":0,"cards_obtained":["Decay"]},{"damage_healed":0,"gold_gain":0,"player_choice":"Paid","damage_taken":0,"relics_obtained":["Red Mask"],"max_hp_gain":0,"max_hp_loss":0,"event_name":"Tomb of Lord Red Mask","floor":39,"gold_loss":170},{"damage_healed":53,"gold_gain":0,"player_choice":"Heal","damage_taken":0,"max_hp_gain":0,"max_hp_loss":0,"event_name":"MindBloom","floor":45,"gold_loss":0,"cards_obtained":["Doubt"]},{"damage_healed":0,"gold_gain":0,"player_choice":"Max HP","damage_taken":0,"max_hp_gain":0,"max_hp_loss":4,"event_name":"Winding Halls","floor":46,"gold_loss":0},{"damage_healed":0,"gold_gain":0,"player_choice":"Memory 1","damage_taken":0,"max_hp_gain":0,"max_hp_loss":0,"event_name":"SensoryStone","floor":47,"gold_loss":0}],"is_beta":false,"boss_relics":[{"not_picked":["Cursed Key","Empty Cage"],"picked":"Coffee Dripper"},{"not_picked":["White Beast Statue","Philosopher\u0027s Stone"],"picked":"Snecko Eye"}],"items_purged_floors":[],"is_endless":false,"potions_floor_spawned":[1,2,7,14,16,20,23,27,29,31,33,36,38,41],"ascension_level":4}