{"gold_per_floor":[210,138,138,153,174,174,205,225,225,225,225,243,243,262,262,262],"floor_reached":16,"playtime":611,"items_purged":[],"score":163,"play_id":"44446787-25b3-4b8d-8f8c-fad5676a8eb0","local_time":"20180816172540","is_ascension_mode":true,"campfire_choices":[{"data":"Footwork","floor":6,"key":"SMITH"},{"data":"Terror","floor":10,"key":"SMITH"},{"data":"Neutralize","floor":13,"key":"SMITH"},{"data":"Burst","floor":15,"key":"SMITH"}],"neow_cost":"NONE","seed_source_timestamp":2873277241679,"circlet_count":0,"master_deck":["Defend_G","Defend_G","Defend_G","Defend_G","Defend_G","Strike_G","Strike_G","Strike_G","Strike_G","Strike_G","Survivor","Neutralize+1","AscendersBane","Escape Plan","Footwork+1","Injury","Dagger Throw","Acrobatics","Deflect","Terror+1","Leg Sweep","Burst+1"],"relics":["Ring of the Snake","Golden Idol","Strawberry","Mummified Hand"],"potions_floor_usage":[7],"damage_taken":[{"damage":2,"enemies":"2 Louse","floor":1,"turns":3},{"damage":3,"enemies":"Jaw Worm","floor":4,"turns":5},{"damage":0,"enemies":"Small Slimes","floor":5,"turns":3},{"damage":26,"enemies":"3 Sentries","floor":7,"turns":9},{"damage":7,"enemies":"2 Fungi Beasts","floor":8,"turns":6},{"damage":1,"enemies":"Blue Slaver","floor":12,"turns":5},{"damage":1,"enemies":"Large Slime","floor":14,"turns":7},{"damage":31,"enemies":"The Guardian","floor":16,"turns":8}],"seed_played":"7959185495367962060","potions_obtained":[{"floor":1,"key":"AttackPotion"}],"is_trial":false,"path_per_floor":["M","$","?","M","M","R","E","M","T","R","?","M","R","M","R"],"character_chosen":"THE_SILENT","items_purchased":["Footwork"],"campfire_rested":0,"item_purchase_floors":[2],"current_hp_per_floor":[61,61,61,58,58,58,39,32,32,32,32,31,31,30,30,0],"gold":262,"neow_bonus":"HUNDRED_GOLD","is_prod":false,"is_daily":false,"chose_seed":false,"campfire_upgraded":4,"win_rate":0,"timestamp":1534465540,"path_taken":["M","$","?","M","M","R","E","M","T","R","?","M","R","M","R","BOSS"],"build_version":"2018-08-16","purchased_purges":0,"victory":false,"max_hp_per_floor":[70,70,70,70,70,70,77,77,77,77,77,77,77,77,77,77],"card_choices":[{"not_picked":["Dagger Spray","Dodge and Roll"],"picked":"Escape Plan","floor":1},{"not_picked":["Cloak And Dagger","Concentrate"],"picked":"Dagger Throw","floor":4},{"not_picked":["Concentrate","Finisher"],"picked":"Acrobatics","floor":5},{"not_picked":["Bane","Finisher"],"picked":"Deflect","floor":7},{"not_picked":["Accuracy","Underhanded Strike"],"picked":"Terror","floor":8},{"not_picked":["Prepared","Accuracy"],"picked":"Leg Sweep","floor":12},{"not_picked":["Deadly Poison","Backflip"],"picked":"Burst","floor":14}],"player_experience":766502,"relics_obtained":[{"floor":7,"key":"Strawberry"},{"floor":9,"key":"Mummified Hand"}],"event_choices":[{"event_name":"Golden Idol","player_choice":"Take Wound","floor":3,"damage_taken":0},{"event_name":"Dead Adventurer","player_choice":"Searched \u00270\u0027 times","floor":11,"damage_taken":0}],"is_beta":true,"boss_relics":[],"items_purged_floors":[],"is_endless":false,"potions_floor_spawned":[1],"killed_by":"The Guardian","ascension_level":12}