{"gold_per_floor":[113,113,131,131,143,174,189,205,232,232,245,245,256,274,274,369,419,438,450,467,479,394,394,394,394,694,170,170,183,201,212,212,212],"floor_reached":33,"playtime":2478,"items_purged":["Strike_G"],"score":255,"play_id":"b207cd5e-cc0f-467e-865c-a68b46383179","local_time":"20190511222750","is_ascension_mode":false,"campfire_choices":[{"floor":10,"key":"REST"},{"data":"Leg Sweep","floor":15,"key":"SMITH"},{"floor":23,"key":"REST"},{"floor":28,"key":"REST"},{"floor":32,"key":"REST"}],"neow_cost":"NONE","seed_source_timestamp":1168563110750060,"circlet_count":0,"master_deck":["Defend_G+1","Defend_G","Defend_G","Defend_G","Strike_G","Strike_G+1","Strike_G","Strike_G","Survivor","Neutralize","Malaise+1","Acrobatics","Dagger Throw+1","Dagger Throw","Underhanded Strike","Underhanded Strike","Leg Sweep+1","Terror","Defend_G","Tools of the Trade","Dash+1","Concentrate+1","Underhanded Strike","Dash","Calculated Gamble"],"relics":["Ring of the Snake","Meat on the Bone","Strawberry","Tiny House","Snake Skull","Old Coin","DollysMirror","Bottled Flame"],"potions_floor_usage":[6,7,11,13,19,21,33,33,33,33,33,33],"damage_taken":[{"damage":1,"enemies":"Cultist","floor":1,"turns":5},{"damage":2,"enemies":"Small Slimes","floor":3,"turns":6},{"damage":0,"enemies":"2 Louse","floor":5,"turns":4},{"damage":21,"enemies":"Lagavulin","floor":6,"turns":7},{"damage":2,"enemies":"Exordium Thugs","floor":7,"turns":5},{"damage":0,"enemies":"Blue Slaver","floor":8,"turns":3},{"damage":0,"enemies":"3 Louse","floor":11,"turns":2},{"damage":0,"enemies":"2 Fungi Beasts","floor":13,"turns":4},{"damage":6,"enemies":"Lots of Slimes","floor":14,"turns":4},{"damage":33,"enemies":"Hexaghost","floor":16,"turns":11},{"damage":4,"enemies":"Chosen","floor":18,"turns":6},{"damage":3,"enemies":"Spheric Guardian","floor":19,"turns":5},{"damage":31,"enemies":"Shelled Parasite and Fungi","floor":20,"turns":7},{"damage":40,"enemies":"3 Cultists","floor":21,"turns":7},{"damage":9,"enemies":"Snake Plant","floor":29,"turns":4},{"damage":6,"enemies":"Cultist and Chosen","floor":30,"turns":7},{"damage":0,"enemies":"Snecko","floor":31,"turns":4},{"damage":88,"enemies":"Champ","floor":33,"turns":23}],"seed_played":"-2534442238399569303","potions_obtained":[{"floor":3,"key":"FearPotion"},{"floor":6,"key":"Energy Potion"},{"floor":7,"key":"Explosive Potion"},{"floor":8,"key":"Dexterity Potion"},{"floor":17,"key":"Block Potion"},{"floor":19,"key":"LiquidBronze"},{"floor":25,"key":"EntropicBrew"},{"floor":25,"key":"EntropicBrew"},{"floor":25,"key":"Regen Potion"},{"floor":30,"key":"SpeedPotion"}],"is_trial":false,"path_per_floor":["M","?","M","?","M","E","M","M","T","R","M","?","M","M","R","B",null,"M","M","M","M","?","R","?","?","T","$","R","M","M","M","R","B"],"character_chosen":"THE_SILENT","items_purchased":["DollysMirror","Bottled Flame"],"campfire_rested":4,"item_purchase_floors":[27,27],"current_hp_per_floor":[69,69,67,53,53,32,42,42,49,72,72,72,72,66,66,45,82,78,75,44,16,16,40,40,40,40,40,64,55,49,49,73,0],"gold":212,"neow_bonus":"ONE_RANDOM_RARE_CARD","is_prod":false,"is_daily":false,"chose_seed":false,"campfire_upgraded":1,"win_rate":0,"timestamp":1557638870,"path_taken":["M","?","M","?","M","E","M","M","T","R","M","?","M","?","R","BOSS","M","M","M","M","?","R","?","?","T","$","R","M","?","M","R","BOSS"],"build_version":"2019-01-23","purchased_purges":1,"victory":false,"max_hp_per_floor":[70,70,70,70,70,70,70,70,77,77,77,77,77,77,77,77,82,82,82,82,82,82,82,82,82,82,82,82,82,82,82,82,82],"card_choices":[{"not_picked":["Deadly Poison","Sucker Punch"],"picked":"Acrobatics","floor":1},{"not_picked":["Leg Sweep","Prepared"],"picked":"Dagger Throw","floor":3},{"not_picked":["Acrobatics","Deflect"],"picked":"Dagger Throw","floor":5},{"not_picked":["Glass Knife","Outmaneuver"],"picked":"Underhanded Strike","floor":6},{"not_picked":["Masterful Stab","Caltrops"],"picked":"Underhanded Strike","floor":7},{"not_picked":["Bane","Blade Dance"],"picked":"Leg Sweep","floor":8},{"not_picked":["Poisoned Stab","Slice"],"picked":"Terror","floor":11},{"not_picked":["Blur","Deadly Poison","Sucker Punch"],"picked":"SKIP","floor":13},{"not_picked":["Deflect","Quick Slash","Sucker Punch"],"picked":"SKIP","floor":14},{"not_picked":["Venomology","Corpse Explosion"],"picked":"Tools of the Trade","floor":16},{"not_picked":["Footwork","PiercingWail"],"picked":"Dash+1","floor":18},{"not_picked":["Poisoned Stab","Dagger Spray+1"],"picked":"Concentrate+1","floor":19},{"not_picked":["Dagger Throw","Masterful Stab","PiercingWail"],"picked":"SKIP","floor":20},{"not_picked":["Poisoned Stab","Choke","Cloak And Dagger+1"],"picked":"SKIP","floor":21},{"not_picked":["Deadly Poison","Acrobatics"],"picked":"Dash","floor":29},{"not_picked":["Tools of the Trade","Sucker Punch","Quick Slash"],"picked":"SKIP","floor":30},{"not_picked":["Endless Agony","Blade Dance+1"],"picked":"Calculated Gamble","floor":31}],"player_experience":178863,"relics_obtained":[{"floor":6,"key":"Meat on the Bone"},{"floor":9,"key":"Strawberry"},{"floor":26,"key":"Old Coin"}],"event_choices":[{"damage_healed":0,"gold_gain":0,"player_choice":"Grow","damage_taken":0,"max_hp_gain":0,"max_hp_loss":0,"event_name":"Living Wall","floor":2,"gold_loss":0,"cards_upgraded":["Malaise"]},{"damage_healed":0,"gold_gain":0,"player_choice":"Entered Light","damage_taken":14,"max_hp_gain":0,"max_hp_loss":0,"event_name":"Shining Light","floor":4,"gold_loss":0,"cards_upgraded":["Dagger Throw","Defend_G"]},{"cards_removed":["Defend_G"],"damage_healed":0,"gold_gain":0,"player_choice":"Took Card","damage_taken":0,"max_hp_gain":0,"max_hp_loss":0,"event_name":"NoteForYourself","floor":12,"gold_loss":0,"cards_obtained":["Defend_G"]},{"damage_healed":0,"gold_gain":0,"player_choice":"Obtained Relic","damage_taken":0,"relics_obtained":["Snake Skull"],"max_hp_gain":0,"max_hp_loss":0,"event_name":"Addict","floor":22,"gold_loss":85},{"damage_healed":0,"gold_gain":0,"player_choice":"Ignored","damage_taken":0,"max_hp_gain":0,"max_hp_loss":0,"event_name":"Ghosts","floor":24,"gold_loss":0},{"damage_healed":0,"gold_gain":0,"player_choice":"Got Potions","damage_taken":0,"max_hp_gain":0,"max_hp_loss":0,"event_name":"Lab","floor":25,"gold_loss":0}],"is_beta":false,"boss_relics":[{"not_picked":["Fusion Hammer","Calling Bell"],"picked":"Tiny House"}],"items_purged_floors":[27],"is_endless":false,"potions_floor_spawned":[3,6,7,8,19,29,30],"killed_by":"Champ","ascension_level":0}