{"gold_per_floor":[113,130,130,142,162,189,204,204,204,231,231,231,251,262,262,357,357,297,297,297,18,18,18,18,18,18,18,18,18,18,18,18,18,18,18,18,18,18,18,18,18,18,18,18,18,18,18,18,18,18],"floor_reached":50,"playtime":3179,"items_purged":["Strike_R"],"score":615,"play_id":"89b8dc6d-e308-4b21-b4f8-60f89838a823","local_time":"20190526230252","is_ascension_mode":true,"campfire_choices":[{"floor":8,"key":"REST"},{"data":"Power Through","floor":12,"key":"SMITH"},{"data":"Bash","floor":15,"key":"SMITH"},{"floor":27,"key":"REST"},{"data":"Immolate","floor":32,"key":"SMITH"},{"data":"Exhume","floor":40,"key":"SMITH"},{"data":"Flame Barrier","floor":49,"key":"SMITH"}],"neow_cost":"NONE","seed_source_timestamp":8204387590238,"circlet_count":0,"master_deck":["Strike_R+1","Strike_R","Strike_R","Defend_R+1","Defend_R","Defend_R","Defend_R","Bash+1","Dropkick","Evolve","Searing Blow","Power Through+1","Thunderclap","Thunderclap","Reaper","Intimidate","Cleave","Shrug It Off","Immolate+1","Flex","Exhume+1","Panacea","Battle Trance","Feed","Madness","Madness","Dramatic Entrance","Warcry+1","Disarm","Flame Barrier+1","Iron Wave+1"],"relics":["Burning Blood","Dream Catcher","Oddly Smooth Stone","Incense Burner","Ornamental Fan","Ectoplasm","Enchiridion","Frozen Eye","Turnip","Vajra","Velvet Choker","Champion Belt","Blood Vial","Juzu Bracelet"],"potions_floor_usage":[6,6,7,16,22,25,28,30,41,44,50],"damage_taken":[{"damage":6,"enemies":"Cultist","floor":1,"turns":3},{"damage":10,"enemies":"2 Louse","floor":2,"turns":4},{"damage":7,"enemies":"Small Slimes","floor":4,"turns":3},{"damage":6,"enemies":"Looter","floor":5,"turns":4},{"damage":21,"enemies":"Lagavulin","floor":6,"turns":6},{"damage":6,"enemies":"2 Fungi Beasts","floor":7,"turns":4},{"damage":16,"enemies":"Gremlin Nob","floor":10,"turns":4},{"damage":6,"enemies":"Lots of Slimes","floor":13,"turns":4},{"damage":5,"enemies":"Blue Slaver","floor":14,"turns":5},{"damage":74,"enemies":"Hexaghost","floor":16,"turns":16},{"damage":1,"enemies":"2 Thieves","floor":18,"turns":4},{"damage":0,"enemies":"Chosen","floor":19,"turns":5},{"damage":32,"enemies":"Centurion and Healer","floor":22,"turns":8},{"damage":21,"enemies":"Book of Stabbing","floor":23,"turns":7},{"damage":9,"enemies":"Snake Plant","floor":25,"turns":4},{"damage":5,"enemies":"Snecko","floor":28,"turns":5},{"damage":12,"enemies":"Chosen and Byrds","floor":30,"turns":8},{"damage":24,"enemies":"Champ","floor":33,"turns":11},{"damage":32,"enemies":"3 Shapes","floor":35,"turns":4},{"damage":0,"enemies":"3 Darklings","floor":36,"turns":3},{"damage":10,"enemies":"Maw","floor":39,"turns":7},{"damage":42,"enemies":"Nemesis","floor":41,"turns":7},{"damage":10,"enemies":"Jaw Worm Horde","floor":42,"turns":4},{"damage":58,"enemies":"Giant Head","floor":44,"turns":11},{"damage":33,"enemies":"Spire Growth","floor":45,"turns":6},{"damage":113,"enemies":"Time Eater","floor":50,"turns":13}],"seed_played":"464015723425602609","potions_obtained":[{"floor":1,"key":"Energy Potion"},{"floor":5,"key":"Strength Potion"},{"floor":6,"key":"AttackPotion"},{"floor":14,"key":"Swift Potion"},{"floor":16,"key":"Dexterity Potion"},{"floor":23,"key":"SkillPotion"},{"floor":25,"key":"Regen Potion"},{"floor":28,"key":"SkillPotion"},{"floor":39,"key":"SkillPotion"},{"floor":42,"key":"Energy Potion"},{"floor":45,"key":"Weak Potion"}],"is_trial":false,"path_per_floor":["M","M","?","M","M","E","M","R","T","E","?","R","M","M","R","B",null,"M","M","?","$","M","E","?","M","T","R","M","?","M","?","R","B",null,"M","M","?","?","M","R","E","M","T","E","M","?","$","?","R","B"],"character_chosen":"IRONCLAD","items_purchased":["Frozen Eye"],"campfire_rested":2,"item_purchase_floors":[21],"current_hp_per_floor":[80,76,60,59,59,44,44,68,68,58,58,58,74,75,75,11,80,80,80,64,64,51,42,42,39,39,63,81,81,88,88,88,80,95,75,96,83,83,98,98,62,71,71,32,20,20,20,96,96,0],"gold":18,"neow_bonus":"RANDOM_COMMON_RELIC","is_prod":false,"is_daily":false,"chose_seed":false,"campfire_upgraded":5,"win_rate":0,"timestamp":1558936972,"path_taken":["M","M","?","M","M","E","M","R","T","E","?","R","?","M","R","BOSS","M","M","?","$","M","E","?","M","T","R","?","?","M","?","R","BOSS","M","M","?","?","M","R","E","M","T","E","M","?","$","?","R","BOSS"],"build_version":"2019-01-23","purchased_purges":1,"victory":false,"max_hp_per_floor":[80,80,80,80,80,80,80,80,80,80,80,80,80,80,80,80,80,80,80,80,80,83,83,83,83,83,83,86,86,92,92,92,95,95,101,101,101,101,101,101,101,107,107,107,110,110,110,96,96,96],"card_choices":[{"not_picked":["Sever Soul","Clash"],"picked":"Dropkick","floor":1},{"not_picked":["Havoc","Anger"],"picked":"Evolve","floor":2},{"not_picked":["Flex","Clash"],"picked":"Searing Blow","floor":4},{"not_picked":["Clash","Havoc"],"picked":"Power Through","floor":5},{"not_picked":["Spot Weakness","Iron Wave"],"picked":"Thunderclap","floor":6},{"not_picked":["Clothesline","Reckless Charge"],"picked":"Thunderclap","floor":7},{"not_picked":["Anger","Clash"],"picked":"Reaper","floor":10},{"not_picked":["Body Slam","Blood for Blood"],"picked":"Intimidate","floor":13},{"not_picked":["Armaments","Dropkick"],"picked":"Cleave","floor":14},{"not_picked":["Immolate","Juggernaut"],"picked":"Feed","floor":16},{"not_picked":["Clothesline","Intimidate"],"picked":"Shrug It Off","floor":18},{"not_picked":["Perfected Strike","Pummel+1","Flex"],"picked":"SKIP","floor":19},{"not_picked":["Thunderclap+1","Armaments+1"],"picked":"Immolate","floor":22},{"not_picked":["Immolate","Anger"],"picked":"Flex","floor":23},{"not_picked":["Warcry","Sword Boomerang"],"picked":"Battle Trance","floor":25},{"not_picked":["Heavy Blade","Perfected Strike+1","Feel No Pain+1"],"picked":"SKIP","floor":28},{"not_picked":["Twin Strike","Sever Soul","Battle Trance"],"picked":"SKIP","floor":30},{"not_picked":["Dark Embrace","Bludgeon"],"picked":"Feed","floor":33},{"not_picked":["Armaments","Headbutt","Heavy Blade"],"picked":"SKIP","floor":35},{"not_picked":["Power Through+1","Twin Strike+1","Havoc"],"picked":"SKIP","floor":36},{"not_picked":["Perfected Strike+1","Headbutt"],"picked":"Warcry+1","floor":39},{"not_picked":["Armaments","Carnage+1"],"picked":"Disarm","floor":41},{"not_picked":["Intimidate+1","Flex"],"picked":"Flame Barrier","floor":42},{"not_picked":["Rampage","True Grit","Pummel"],"picked":"SKIP","floor":44},{"not_picked":["Clothesline","Perfected Strike+1"],"picked":"Iron Wave+1","floor":45}],"player_experience":252956,"relics_obtained":[{"floor":6,"key":"Oddly Smooth Stone"},{"floor":9,"key":"Incense Burner"},{"floor":10,"key":"Ornamental Fan"},{"floor":20,"key":"Enchiridion"},{"floor":23,"key":"Turnip"},{"floor":26,"key":"Vajra"},{"floor":41,"key":"Champion Belt"},{"floor":43,"key":"Blood Vial"},{"floor":44,"key":"Juzu Bracelet"}],"event_choices":[{"damage_healed":0,"gold_gain":0,"player_choice":"Entered Light","damage_taken":16,"max_hp_gain":0,"max_hp_loss":0,"event_name":"Shining Light","floor":3,"gold_loss":0,"cards_upgraded":["Strike_R","Defend_R"]},{"cards_removed":["Strike_R"],"damage_healed":0,"gold_gain":0,"player_choice":"Offered Basic","damage_taken":0,"max_hp_gain":0,"max_hp_loss":0,"event_name":"Bonfire Elementals","floor":11,"gold_loss":0},{"damage_healed":0,"gold_gain":0,"player_choice":"Obtained Book","damage_taken":16,"max_hp_gain":0,"max_hp_loss":0,"event_name":"Cursed Tome","floor":20,"gold_loss":0},{"damage_healed":0,"gold_gain":0,"player_choice":"2 cards matched","damage_taken":0,"max_hp_gain":0,"max_hp_loss":0,"event_name":"Match and Keep!","floor":24,"gold_loss":0,"cards_obtained":["Exhume","Panacea"]},{"damage_healed":0,"gold_gain":0,"player_choice":"Ignored","damage_taken":0,"max_hp_gain":0,"max_hp_loss":0,"event_name":"Ghosts","floor":29,"gold_loss":0},{"damage_healed":0,"gold_gain":0,"player_choice":"Ignored","damage_taken":0,"max_hp_gain":0,"max_hp_loss":0,"event_name":"Vampires","floor":31,"gold_loss":0},{"damage_healed":0,"gold_gain":0,"player_choice":"Embrace Madness","damage_taken":13,"max_hp_gain":0,"max_hp_loss":0,"event_name":"Winding Halls","floor":37,"gold_loss":0,"cards_obtained":["Madness","Madness"]},{"damage_healed":0,"gold_gain":0,"player_choice":"1 cards matched","damage_taken":0,"max_hp_gain":0,"max_hp_loss":0,"event_name":"Match and Keep!","floor":38,"gold_loss":0,"cards_obtained":["Dramatic Entrance"]},{"cards_removed":["Feed"],"damage_healed":0,"gold_gain":0,"player_choice":"Removed Attack","damage_taken":0,"max_hp_gain":0,"max_hp_loss":0,"event_name":"Falling","floor":46,"gold_loss":0},{"damage_healed":96,"gold_gain":0,"player_choice":"Heal","damage_taken":0,"max_hp_gain":0,"max_hp_loss":14,"event_name":"The Moai Head","floor":48,"gold_loss":0}],"is_beta":false,"boss_relics":[{"not_picked":["White Beast Statue","Tiny House"],"picked":"Ectoplasm"},{"not_picked":["Mark of Pain","Philosopher\u0027s Stone"],"picked":"Velvet Choker"}],"items_purged_floors":[21],"is_endless":false,"potions_floor_spawned":[1,5,6,14,16,23,25,28,39,42,45],"killed_by":"Time Eater","ascension_level":2}