{"gold_per_floor":[119,119,119,130,95,95,128,143,143,143,143,68,143,167,167,271,271,281,294,294,294,313,313,327,327,327,327,343,343,111,111,111,209,209,224,224,244,259,259,259],"floor_reached":40,"playtime":1144,"items_purged":["Regret"],"score":654,"play_id":"8efacfb3-1a08-4c2f-b03b-53e14ff53f53","local_time":"20181116002154","is_ascension_mode":true,"campfire_choices":[{"data":"Lockon","floor":6,"key":"SMITH"},{"data":"Multi-Cast","floor":10,"key":"SMITH"},{"data":"Tempest","floor":15,"key":"SMITH"},{"floor":23,"key":"REST"},{"floor":29,"key":"REST"},{"floor":32,"key":"REST"}],"neow_cost":"NONE","seed_source_timestamp":21622018814017,"circlet_count":0,"master_deck":["AscendersBane","Strike_B+1","Strike_B+1","Strike_B+1","Strike_B+1","Defend_B+1","Defend_B+1","Defend_B+1","Zap","Steam","Lockon+1","Multi-Cast+1","Tempest+1","Electrodynamics","Ball Lightning","Compile Driver","Buffer","Biased Cognition","Core Surge","Reinforced Body","Chill","Stack"],"relics":["Cracked Core","NeowsBlessing","Letter Opener","Bronze Scales","Cables","Centennial Puzzle","Strawberry","Fusion Hammer","MutagenicStrength","Dead Branch","Busted Crown"],"potions_floor_usage":[16,16,19,31,37,38,40,40],"damage_taken":[{"damage":0,"enemies":"Cultist","floor":1,"turns":1},{"damage":0,"enemies":"Jaw Worm","floor":4,"turns":1},{"damage":0,"enemies":"3 Sentries","floor":7,"turns":1},{"damage":0,"enemies":"Small Slimes","floor":8,"turns":3},{"damage":36,"enemies":"Slime Boss","floor":16,"turns":8},{"damage":11,"enemies":"2 Thieves","floor":18,"turns":2},{"damage":11,"enemies":"Shell Parasite","floor":19,"turns":3},{"damage":2,"enemies":"Snecko","floor":22,"turns":3},{"damage":27,"enemies":"Shelled Parasite and Fungi","floor":24,"turns":4},{"damage":17,"enemies":"Centurion and Healer","floor":28,"turns":3},{"damage":0,"enemies":"Snake Plant","floor":31,"turns":1},{"damage":59,"enemies":"Collector","floor":33,"turns":9},{"damage":3,"enemies":"3 Shapes","floor":35,"turns":2},{"damage":21,"enemies":"3 Darklings","floor":37,"turns":3},{"damage":22,"enemies":"Maw","floor":38,"turns":7},{"damage":43,"enemies":"Giant Head","floor":40,"turns":6}],"seed_played":"-7197105511806925208","potions_obtained":[{"floor":4,"key":"EssenceOfSteel"},{"floor":7,"key":"SkillPotion"},{"floor":18,"key":"SkillPotion"},{"floor":24,"key":"SmokeBomb"},{"floor":35,"key":"Block Potion"},{"floor":37,"key":"EssenceOfSteel"},{"floor":38,"key":"SkillPotion"}],"is_trial":false,"path_per_floor":["M","?","?","M","?","R","E","M","T","R","?","$","?","T","R","B",null,"M","M","?","?","M","R","M","?","T","?","M","R","$","M","R","B",null,"M","?","M","M","?","E"],"character_chosen":"DEFECT","items_purchased":["Biased Cognition","Regen Potion"],"campfire_rested":3,"item_purchase_floors":[30,30],"current_hp_per_floor":[68,61,43,43,61,61,61,61,61,61,61,61,50,57,57,21,67,56,45,45,45,43,67,40,40,40,40,23,47,47,47,71,12,65,62,62,41,19,19,0],"gold":259,"neow_bonus":"THREE_ENEMY_KILL","is_prod":false,"is_daily":false,"chose_seed":false,"campfire_upgraded":3,"win_rate":0,"timestamp":1542356514,"path_taken":["M","?","?","M","?","R","E","M","T","R","?","$","?","?","R","BOSS","M","?","?","?","?","R","M","?","T","?","M","R","$","M","R","BOSS","M","?","M","M","?","E"],"build_version":"2018-11-15","purchased_purges":1,"victory":false,"max_hp_per_floor":[75,75,75,75,75,75,75,75,75,75,75,75,75,82,82,82,82,82,82,82,82,82,82,82,82,82,82,82,82,82,82,82,82,82,82,82,82,82,82,82],"card_choices":[{"not_picked":["Gash","Static Discharge"],"picked":"Steam","floor":1},{"not_picked":["Stack","Gash"],"picked":"Lockon","floor":4},{"not_picked":["Gash","Recycle"],"picked":"Multi-Cast","floor":7},{"not_picked":["Static Discharge","Barrage"],"picked":"Tempest","floor":8},{"not_picked":["Meteor Strike","Biased Cognition"],"picked":"Electrodynamics","floor":16},{"not_picked":["Gash","Hologram","Rip and Tear"],"picked":"SKIP","floor":18},{"not_picked":["Beam Cell","Barrage"],"picked":"Compile Driver","floor":19},{"not_picked":["Coolheaded","Rebound"],"picked":"Ball Lightning","floor":22},{"not_picked":["Stack","Force Field+1"],"picked":"Compile Driver","floor":24},{"not_picked":["Steam","Rebound+1"],"picked":"Buffer","floor":28},{"not_picked":["Meteor Strike","Electrodynamics"],"picked":"Core Surge","floor":33},{"not_picked":[],"picked":"Reinforced Body","floor":35},{"not_picked":[],"picked":"Chill","floor":37},{"not_picked":[],"picked":"Stack","floor":38}],"player_experience":735820,"relics_obtained":[{"floor":7,"key":"Bronze Scales"},{"floor":9,"key":"Cables"},{"floor":14,"key":"Strawberry"},{"floor":26,"key":"Dead Branch"}],"event_choices":[{"cards_removed":["Defend_B"],"damage_healed":0,"gold_gain":0,"player_choice":"Card Removal","damage_taken":7,"max_hp_gain":0,"max_hp_loss":0,"event_name":"Golden Wing","floor":2,"gold_loss":0},{"damage_healed":0,"gold_gain":0,"player_choice":"Success","damage_taken":18,"relics_obtained":["Letter Opener"],"max_hp_gain":0,"max_hp_loss":0,"event_name":"Scrap Ooze","floor":3,"gold_loss":0},{"damage_healed":18,"gold_gain":0,"player_choice":"Healed","damage_taken":0,"max_hp_gain":0,"max_hp_loss":0,"event_name":"The Cleric","floor":5,"gold_loss":35},{"damage_healed":0,"gold_gain":0,"player_choice":"Box","damage_taken":0,"relics_obtained":["Centennial Puzzle"],"max_hp_gain":0,"max_hp_loss":0,"event_name":"Big Fish","floor":11,"gold_loss":0,"cards_obtained":["Regret"]},{"damage_healed":0,"gold_gain":75,"player_choice":"Gather Gold","damage_taken":11,"max_hp_gain":0,"max_hp_loss":0,"event_name":"World of Goop","floor":13,"gold_loss":0},{"damage_healed":0,"gold_gain":0,"player_choice":"Simplicity","damage_taken":0,"max_hp_gain":0,"max_hp_loss":0,"event_name":"Back to Basics","floor":20,"gold_loss":0,"cards_upgraded":["Strike_B","Strike_B","Strike_B","Strike_B","Defend_B","Defend_B","Defend_B"]},{"cards_removed":["Dualcast"],"damage_healed":0,"gold_gain":0,"player_choice":"Offered Basic","damage_taken":0,"max_hp_gain":0,"max_hp_loss":0,"event_name":"Bonfire Elementals","floor":21,"gold_loss":0},{"damage_healed":0,"gold_gain":0,"player_choice":"Inject Mutagens","damage_taken":0,"relics_obtained":["MutagenicStrength"],"max_hp_gain":0,"max_hp_loss":0,"event_name":"Drug Dealer","floor":25,"gold_loss":0},{"cards_removed":["Compile Driver"],"damage_healed":0,"gold_gain":0,"player_choice":"Purged","damage_taken":0,"max_hp_gain":0,"max_hp_loss":0,"event_name":"Purifier","floor":27,"gold_loss":0},{"damage_healed":0,"gold_gain":0,"player_choice":"Ignored","damage_taken":0,"max_hp_gain":0,"max_hp_loss":0,"event_name":"Mysterious Sphere","floor":36,"gold_loss":0},{"damage_healed":0,"gold_gain":0,"player_choice":"Memory 1","damage_taken":0,"max_hp_gain":0,"max_hp_loss":0,"event_name":"SensoryStone","floor":39,"gold_loss":0}],"is_beta":false,"boss_relics":[{"not_picked":["Empty Cage","Lizard Tail"],"picked":"Fusion Hammer"},{"not_picked":["FrozenCore","Velvet Choker"],"picked":"Busted Crown"}],"items_purged_floors":[12],"is_endless":false,"potions_floor_spawned":[4,7,18,24,31,35,37,38],"killed_by":"Giant Head","ascension_level":12}