{"gold_per_floor":[118,118,134,134,146,146,164,182,182,182,182,212,231,50,50,152,152,164,183,183,199,1,1,30,30,79,79],"floor_reached":27,"playtime":1843,"items_purged":[],"score":223,"play_id":"6d8d962d-2e5e-4a15-9138-6a38087d401e","local_time":"20190127020002","is_ascension_mode":false,"campfire_choices":[{"data":"Static Discharge","floor":6,"key":"SMITH"},{"data":"Dualcast","floor":10,"key":"SMITH"},{"floor":15,"key":"REST"},{"floor":23,"key":"REST"},{"floor":25,"key":"REST"}],"neow_cost":"NONE","seed_source_timestamp":745052594812986,"circlet_count":0,"master_deck":["Strike_B+1","Strike_B","Strike_B","Strike_B+1","Defend_B","Defend_B","Defend_B+1","Defend_B","Zap+1","Dualcast+1","Barrage","Fusion","Static Discharge+1","Cold Snap","Consume","Redo","Tempest","Thunder Strike+1","White Noise","Hologram+1","Decay","Coolheaded","Apotheosis","Storm","Chill+1"],"relics":["Cracked Core","Thread and Needle","Bronze Scales","Black Star","Mummified Hand","Whetstone"],"potions_floor_usage":[24,24],"damage_taken":[{"damage":1,"enemies":"Jaw Worm","floor":1,"turns":3},{"damage":1,"enemies":"Cultist","floor":3,"turns":3},{"damage":14,"enemies":"Small Slimes","floor":5,"turns":3},{"damage":5,"enemies":"3 Louse","floor":7,"turns":3},{"damage":12,"enemies":"Blue Slaver","floor":8,"turns":3},{"damage":1,"enemies":"Looter","floor":13,"turns":3},{"damage":25,"enemies":"Slime Boss","floor":16,"turns":7},{"damage":6,"enemies":"Chosen","floor":18,"turns":4},{"damage":18,"enemies":"3 Byrds","floor":19,"turns":3},{"damage":28,"enemies":"Snake Plant","floor":21,"turns":4},{"damage":56,"enemies":"Slavers","floor":24,"turns":5},{"damage":32,"enemies":"Gremlin Leader","floor":27,"turns":6}],"seed_played":"6399175971524407593","potions_obtained":[{"floor":5,"key":"GamblersBrew"},{"floor":7,"key":"FocusPotion"},{"floor":13,"key":"Strength Potion"}],"is_trial":false,"path_per_floor":["M","?","M","?","M","R","M","M","T","R","?","?","M","$","R","B",null,"M","M","?","M","$","R","E","R","T","E"],"character_chosen":"DEFECT","items_purchased":["Bronze Scales","Tempest","Apotheosis","Storm"],"campfire_rested":3,"item_purchase_floors":[14,14,22,22],"current_hp_per_floor":[81,81,80,85,71,71,66,54,54,54,37,37,36,36,62,37,87,81,63,63,35,35,61,5,31,31,0],"gold":79,"neow_bonus":"TEN_PERCENT_HP_BONUS","is_prod":false,"is_daily":false,"chose_seed":false,"campfire_upgraded":2,"win_rate":0.0,"timestamp":1548572402,"path_taken":["M","?","?","?","M","R","M","M","T","R","?","?","M","?","R","BOSS","M","M","?","M","$","R","E","R","T","E"],"build_version":"2019-01-23","purchased_purges":0,"victory":false,"max_hp_per_floor":[82,82,82,87,87,87,87,87,87,87,87,87,87,87,87,87,87,87,87,87,87,87,87,87,87,87,87],"card_choices":[{"not_picked":["Capacitor","Redo"],"picked":"Barrage","floor":1},{"not_picked":["Gash","Lockon"],"picked":"Fusion","floor":3},{"not_picked":["Tempest","Redo"],"picked":"Static Discharge","floor":5},{"not_picked":["Redo","Hello World"],"picked":"Cold Snap","floor":7},{"not_picked":["Compile Driver","White Noise"],"picked":"Consume","floor":8},{"not_picked":["Steam","Streamline"],"picked":"Redo","floor":13},{"not_picked":["Biased Cognition","Rainbow"],"picked":"Thunder Strike","floor":16},{"not_picked":["Streamline","Conserve Battery"],"picked":"White Noise","floor":18},{"not_picked":["Double Energy","Storm"],"picked":"Hologram+1","floor":19},{"not_picked":["Steam","Hologram"],"picked":"Coolheaded","floor":21},{"not_picked":["Reprogram","Steam"],"picked":"Chill+1","floor":24}],"player_experience":8767,"relics_obtained":[{"floor":9,"key":"Thread and Needle"},{"floor":24,"key":"Mummified Hand"},{"floor":26,"key":"Whetstone"}],"event_choices":[{"damage_healed":0,"gold_gain":0,"player_choice":"Forge","damage_taken":0,"max_hp_gain":0,"max_hp_loss":0,"event_name":"Accursed Blacksmith","floor":2,"gold_loss":0,"cards_upgraded":["Zap"]},{"damage_healed":0,"gold_gain":0,"player_choice":"Donut","damage_taken":0,"max_hp_gain":5,"max_hp_loss":0,"event_name":"Big Fish","floor":4,"gold_loss":0},{"damage_healed":0,"gold_gain":0,"player_choice":"Entered Light","damage_taken":17,"max_hp_gain":0,"max_hp_loss":0,"event_name":"Shining Light","floor":11,"gold_loss":0,"cards_upgraded":["Defend_B","Strike_B"]},{"damage_healed":0,"gold_gain":30,"player_choice":"Searched \u00271\u0027 times","damage_taken":0,"max_hp_gain":0,"max_hp_loss":0,"event_name":"Dead Adventurer","floor":12,"gold_loss":0},{"damage_healed":0,"gold_gain":0,"player_choice":"Smashed Altar","damage_taken":0,"max_hp_gain":0,"max_hp_loss":0,"event_name":"Forgotten Altar","floor":20,"gold_loss":0,"cards_obtained":["Decay"]}],"is_beta":false,"boss_relics":[{"not_picked":["Fusion Hammer","Coffee Dripper"],"picked":"Black Star"}],"items_purged_floors":[],"is_endless":false,"potions_floor_spawned":[5,7,13,18,19],"killed_by":"Gremlin Leader","ascension_level":0}