{"gold_per_floor":[113,131,131,144,160,160,195,195,248,262,262,284,284,47,47,144,144,162,162,180,190,190],"floor_reached":22,"playtime":2086,"items_purged":["Strike_G"],"score":186,"play_id":"c80c78d2-64ef-4d7a-879f-effd7efadeb2","local_time":"20190609193508","is_ascension_mode":false,"campfire_choices":[{"data":"Dodge and Roll","floor":6,"key":"SMITH"},{"floor":8,"key":"REST"},{"data":"Burst","floor":11,"key":"SMITH"},{"floor":15,"key":"REST"}],"neow_cost":"NONE","seed_source_timestamp":156792792580475,"circlet_count":0,"master_deck":["Defend_G","Defend_G","Defend_G","Defend_G","Defend_G","Strike_G+1","Strike_G","Strike_G+1","Strike_G","Survivor","Neutralize","Burst+1","Dodge and Roll+1","Escape Plan","Deflect","Catalyst","Deflect","Well Laid Plans","Noxious Fumes","After Image","Night Terror","Bane+1","Deadly Poison"],"relics":["Ring of the Snake","Bottled Flame","Whetstone","Odd Mushroom","Philosopher\u0027s Stone"],"potions_floor_usage":[7,7,10,16,18,22],"damage_taken":[{"damage":0,"enemies":"Jaw Worm","floor":1,"turns":4},{"damage":0,"enemies":"2 Louse","floor":2,"turns":5},{"damage":2,"enemies":"Small Slimes","floor":4,"turns":4},{"damage":3,"enemies":"3 Louse","floor":5,"turns":7},{"damage":29,"enemies":"3 Sentries","floor":7,"turns":32},{"damage":1,"enemies":"2 Fungi Beasts","floor":10,"turns":5},{"damage":21,"enemies":"The Mushroom Lair","floor":12,"turns":10},{"damage":19,"enemies":"Slime Boss","floor":16,"turns":19},{"damage":8,"enemies":"Shell Parasite","floor":18,"turns":6},{"damage":36,"enemies":"3 Byrds","floor":20,"turns":8},{"damage":23,"enemies":"Sentry and Sphere","floor":21,"turns":9},{"damage":4,"enemies":"Snake Plant","floor":22,"turns":1}],"seed_played":"2396157894060489358","potions_obtained":[{"floor":2,"key":"EssenceOfSteel"},{"floor":4,"key":"Weak Potion"},{"floor":7,"key":"SkillPotion"},{"floor":12,"key":"Swift Potion"},{"floor":16,"key":"Swift Potion"},{"floor":21,"key":"Weak Potion"}],"is_trial":false,"path_per_floor":["M","M","?","M","M","R","E","R","T","M","R","?","?","$","R","B",null,"M","?","M","M","M"],"character_chosen":"THE_SILENT","items_purchased":["After Image"],"campfire_rested":2,"item_purchase_floors":[14],"current_hp_per_floor":[70,70,70,68,65,65,36,57,57,56,56,35,35,35,56,37,70,62,62,26,3,0],"gold":190,"neow_bonus":"ONE_RANDOM_RARE_CARD","is_prod":false,"is_daily":false,"chose_seed":false,"campfire_upgraded":2,"win_rate":0,"timestamp":1560134108,"path_taken":["M","M","?","M","M","R","E","R","T","M","R","?","?","$","R","BOSS","M","?","M","M","M"],"build_version":"2019-01-23","purchased_purges":1,"victory":false,"max_hp_per_floor":[70,70,70,70,70,70,70,70,70,70,70,70,70,70,70,70,70,70,70,70,70,70],"card_choices":[{"not_picked":["Prepared","Quick Slash"],"picked":"Dodge and Roll","floor":1},{"not_picked":["PiercingWail","Infinite Blades"],"picked":"Escape Plan","floor":2},{"not_picked":["Flying Knee","Bane"],"picked":"Deflect","floor":4},{"not_picked":["Heel Hook","Backstab"],"picked":"Catalyst","floor":5},{"not_picked":["Concentrate","Heel Hook"],"picked":"Deflect","floor":7},{"not_picked":["Acrobatics","Sucker Punch"],"picked":"Well Laid Plans","floor":10},{"not_picked":["Tactician","Concentrate"],"picked":"Noxious Fumes","floor":12},{"not_picked":["Phantasmal Killer","Envenom"],"picked":"Night Terror","floor":16},{"not_picked":["Underhanded Strike","Dodge and Roll"],"picked":"Bane+1","floor":18},{"not_picked":["PiercingWail","Backstab"],"picked":"Deadly Poison","floor":20},{"not_picked":["Calculated Gamble+1","All Out Attack+1","Outmaneuver+1"],"picked":"SKIP","floor":21}],"player_experience":336292,"relics_obtained":[{"floor":7,"key":"Bottled Flame"},{"floor":9,"key":"Whetstone"},{"floor":12,"key":"Odd Mushroom"}],"event_choices":[{"damage_healed":0,"gold_gain":0,"player_choice":"Ignored","damage_taken":0,"max_hp_gain":0,"max_hp_loss":0,"event_name":"Liars Game","floor":3,"gold_loss":0},{"damage_healed":0,"gold_gain":0,"player_choice":"Fought Mushrooms","damage_taken":0,"max_hp_gain":0,"max_hp_loss":0,"event_name":"Mushrooms","floor":12,"gold_loss":0},{"damage_healed":0,"gold_gain":0,"player_choice":"Ignored","damage_taken":0,"max_hp_gain":0,"max_hp_loss":0,"event_name":"Golden Idol","floor":13,"gold_loss":0},{"damage_healed":0,"gold_gain":0,"player_choice":"Ignored","damage_taken":0,"max_hp_gain":0,"max_hp_loss":0,"event_name":"Ghosts","floor":19,"gold_loss":0}],"is_beta":false,"boss_relics":[{"not_picked":["Orrery","Tiny House"],"picked":"Philosopher\u0027s Stone"}],"items_purged_floors":[14],"is_endless":false,"potions_floor_spawned":[2,4,7,12,16,21],"killed_by":"Snake Plant","ascension_level":0}