{"gold_per_floor":[114,132,145,164,164,164,196,196,220,233,267,267,267,282,282,382,382,393,393,393,411,421,421,448,58,58,58,68,68,81,92,92,92],"floor_reached":33,"playtime":2448,"items_purged":["Malaise+1"],"score":329,"play_id":"39822978-2229-4008-8467-107c7d2eaaa2","local_time":"20190429182942","is_ascension_mode":false,"campfire_choices":[{"data":"Predator","floor":6,"key":"SMITH"},{"data":"Infinite Blades","floor":12,"key":"SMITH"},{"floor":15,"key":"REST"},{"floor":23,"key":"REST"},{"floor":29,"key":"REST"},{"floor":32,"key":"REST"}],"neow_cost":"NONE","seed_source_timestamp":117497635985658,"circlet_count":0,"master_deck":["Defend_G+1","Defend_G","Strike_G+1","Strike_G","Strike_G","Strike_G","Survivor","Neutralize","Leg Sweep","Blade Dance+1","Predator+1","Backstab","Finisher","Heel Hook","Infinite Blades+1","Terror","A Thousand Cuts","Malaise+1","Night Terror+1","Necronomicurse","Blade Dance","Blade Dance+1","Flying Knee","Endless Agony","All Out Attack","Backstab","Tools of the Trade+1"],"relics":["Ring of the Snake","War Paint","Strawberry","Centennial Puzzle","Boot","Astrolabe","Juzu Bracelet","Necronomicon","Meat on the Bone","Strange Spoon","Frozen Egg 2"],"potions_floor_usage":[11,14,18,24,24,28,33],"damage_taken":[{"damage":0,"enemies":"Cultist","floor":1,"turns":3},{"damage":0,"enemies":"Small Slimes","floor":2,"turns":3},{"damage":0,"enemies":"Jaw Worm","floor":3,"turns":4},{"damage":0,"enemies":"3 Louse","floor":4,"turns":4},{"damage":0,"enemies":"Gremlin Nob","floor":7,"turns":3},{"damage":0,"enemies":"2 Fungi Beasts","floor":10,"turns":3},{"damage":4,"enemies":"3 Sentries","floor":11,"turns":7},{"damage":8,"enemies":"Exordium Thugs","floor":14,"turns":3},{"damage":18,"enemies":"Hexaghost","floor":16,"turns":10},{"damage":10,"enemies":"3 Byrds","floor":18,"turns":4},{"damage":9,"enemies":"Spheric Guardian","floor":21,"turns":5},{"damage":21,"enemies":"Snake Plant","floor":22,"turns":2},{"damage":21,"enemies":"Book of Stabbing","floor":24,"turns":7},{"damage":7,"enemies":"3 Cultists","floor":28,"turns":4},{"damage":9,"enemies":"Centurion and Healer","floor":30,"turns":4},{"damage":15,"enemies":"Snecko","floor":31,"turns":3},{"damage":94,"enemies":"Automaton","floor":33,"turns":6}],"seed_played":"777192855702297132","potions_obtained":[{"floor":1,"key":"Block Potion"},{"floor":2,"key":"Explosive Potion"},{"floor":10,"key":"Ancient Potion"},{"floor":14,"key":"AttackPotion"},{"floor":21,"key":"Fruit Juice"},{"floor":22,"key":"SkillPotion"}],"is_trial":false,"path_per_floor":["M","M","M","M","?","R","E","?","T","M","E","R","?","M","R","B",null,"M","?","?","M","M","R","E","$","T","$","M","R","M","M","R","B"],"character_chosen":"THE_SILENT","items_purchased":["Endless Agony","Strange Spoon","SteroidPotion"],"campfire_rested":4,"item_purchase_floors":[25,25,25],"current_hp_per_floor":[70,70,70,70,58,58,65,70,70,70,66,66,59,51,75,57,82,72,72,56,47,26,50,34,34,34,34,39,65,56,53,79,0],"gold":92,"neow_bonus":"UPGRADE_CARD","is_prod":false,"is_daily":false,"chose_seed":false,"campfire_upgraded":2,"win_rate":0.0,"timestamp":1556587782,"path_taken":["M","M","M","M","?","R","E","?","T","?","E","R","?","M","R","BOSS","M","?","?","M","M","R","E","$","T","$","M","R","M","M","R","BOSS"],"build_version":"2019-01-23","purchased_purges":1,"victory":false,"max_hp_per_floor":[70,70,70,70,70,70,77,82,82,82,82,82,82,82,82,82,82,82,82,82,82,82,82,87,87,87,87,87,87,87,87,87,87],"card_choices":[{"not_picked":["Dagger Spray","Skewer"],"picked":"Leg Sweep","floor":1},{"not_picked":["Choke","Bane"],"picked":"Blade Dance","floor":2},{"not_picked":["Acrobatics","Dagger Spray"],"picked":"Predator","floor":3},{"not_picked":["Well Laid Plans","Dodge and Roll"],"picked":"Backstab","floor":4},{"not_picked":["Venomology","Distraction"],"picked":"Finisher","floor":7},{"not_picked":["Dagger Throw","Blur"],"picked":"Heel Hook","floor":10},{"not_picked":["Riddle With Holes","Outmaneuver"],"picked":"Infinite Blades","floor":11},{"not_picked":["Bouncing Flask","Footwork"],"picked":"Terror","floor":14},{"not_picked":["Malaise","Doppelganger"],"picked":"A Thousand Cuts","floor":16},{"not_picked":["Poisoned Stab+1","Escape Plan+1","Dagger Throw"],"picked":"SKIP","floor":18},{"not_picked":["Prepared","Distraction"],"picked":"Blade Dance","floor":21},{"not_picked":["Poisoned Stab","Deadly Poison+1"],"picked":"Blade Dance+1","floor":22},{"not_picked":["Deadly Poison","Distraction"],"picked":"Flying Knee","floor":24},{"not_picked":["Acrobatics","Prepared"],"picked":"All Out Attack","floor":28},{"not_picked":["Dodge and Roll","Deflect"],"picked":"Backstab","floor":30},{"not_picked":["Deadly Poison","Bane"],"picked":"Tools of the Trade+1","floor":31}],"player_experience":65054,"relics_obtained":[{"floor":7,"key":"Strawberry"},{"floor":9,"key":"Centennial Puzzle"},{"floor":11,"key":"Boot"},{"floor":19,"key":"Juzu Bracelet"},{"floor":20,"key":"Necronomicon"},{"floor":24,"key":"Meat on the Bone"},{"floor":26,"key":"Frozen Egg 2"}],"event_choices":[{"damage_healed":0,"gold_gain":0,"player_choice":"Success","damage_taken":12,"relics_obtained":["War Paint"],"max_hp_gain":0,"max_hp_loss":0,"event_name":"Scrap Ooze","floor":5,"gold_loss":0},{"damage_healed":0,"gold_gain":0,"player_choice":"Donut","damage_taken":0,"max_hp_gain":5,"max_hp_loss":0,"event_name":"Big Fish","floor":8,"gold_loss":0},{"cards_removed":["Defend_G"],"damage_healed":0,"gold_gain":0,"player_choice":"Card Removal","damage_taken":7,"max_hp_gain":0,"max_hp_loss":0,"event_name":"Golden Wing","floor":13,"gold_loss":0},{"damage_healed":0,"gold_gain":0,"player_choice":"Relic","damage_taken":0,"max_hp_gain":0,"max_hp_loss":0,"event_name":"Wheel of Change","floor":19,"gold_loss":0},{"damage_healed":0,"gold_gain":0,"player_choice":"Obtained Book","damage_taken":16,"max_hp_gain":0,"max_hp_loss":0,"event_name":"Cursed Tome","floor":20,"gold_loss":0}],"is_beta":false,"boss_relics":[{"not_picked":["Black Star","Lizard Tail"],"picked":"Astrolabe"}],"items_purged_floors":[25],"is_endless":false,"potions_floor_spawned":[1,2,10,14,21,22],"killed_by":"Automaton","ascension_level":0}