{"gold_per_floor":[114,114,74,74,24,24,60,60,60,78,53,89,89,104,104,225,225,240,253,274,292,307,307,34,70,70,113,113,113,113,131,131,259,259,280,305,50,50,64,64,79,93,173,173,45,45,69,83,83,83],"floor_reached":51,"playtime":5052,"items_purged":["Strike_B","Strike_B","Injury"],"score":1145,"play_id":"ed7293b8-c5f5-477c-b6b2-a014dffd86ac","local_time":"20190218170413","is_ascension_mode":true,"campfire_choices":[{"data":"Zap","floor":6,"key":"SMITH"},{"floor":8,"key":"REST"},{"data":"Darkness","floor":15,"key":"SMITH"},{"data":"Buffer","floor":23,"key":"SMITH"},{"data":"Defragment","floor":28,"key":"SMITH"},{"data":"Dualcast","floor":30,"key":"SMITH"},{"data":"Go for the Eyes","floor":32,"key":"SMITH"},{"data":"Machine Learning","floor":40,"key":"SMITH"},{"data":"Glacier","floor":44,"key":"SMITH"},{"data":"Coolheaded","floor":49,"key":"SMITH"}],"neow_cost":"NONE","seed_source_timestamp":246868759847037,"circlet_count":0,"master_deck":["AscendersBane","Strike_B","Defend_B","Defend_B","Zap+1","Dualcast+1","Go for the Eyes+1","Doom and Gloom","Glacier+1","Darkness+1","Self Repair","Electrodynamics","Beam Cell+1","Coolheaded+1","Cold Snap+1","Buffer+1","Cold Snap+1","Defragment+1","FTL+1","Blizzard+1","Glacier+1","Stack+1","Machine Learning+1","Conserve Battery+1","Ball Lightning+1","Glacier","Glacier+1"],"relics":["Cracked Core","Boot","Golden Idol","Molten Egg 2","Pantograph","Bronze Scales","Cursed Key","Membership Card","Strawberry","Calipers","Gremlin Horn","Spirit Poop","Inserter","Symbiotic Virus","Frozen Egg 2"],"potions_floor_usage":[12,12,16,25,27,27,27,33,33,50,50,50],"damage_taken":[{"damage":10,"enemies":"Small Slimes","floor":1,"turns":3},{"damage":30,"enemies":"3 Sentries","floor":7,"turns":5},{"damage":2,"enemies":"Jaw Worm","floor":10,"turns":3},{"damage":13,"enemies":"Lagavulin","floor":12,"turns":5},{"damage":0,"enemies":"Cultist","floor":14,"turns":3},{"damage":6,"enemies":"Hexaghost","floor":16,"turns":9},{"damage":0,"enemies":"3 Byrds","floor":18,"turns":2},{"damage":12,"enemies":"Shell Parasite","floor":19,"turns":3},{"damage":4,"enemies":"Centurion and Healer","floor":20,"turns":5},{"damage":0,"enemies":"3 Cultists","floor":21,"turns":3},{"damage":22,"enemies":"Snake Plant","floor":22,"turns":3},{"damage":5,"enemies":"Gremlin Leader","floor":25,"turns":8},{"damage":27,"enemies":"Slavers","floor":27,"turns":4},{"damage":0,"enemies":"Snecko","floor":31,"turns":5},{"damage":0,"enemies":"Champ","floor":33,"turns":11},{"damage":12,"enemies":"3 Darklings","floor":35,"turns":4},{"damage":2,"enemies":"Orb Walker","floor":36,"turns":5},{"damage":26,"enemies":"4 Shapes","floor":39,"turns":6},{"damage":1,"enemies":"Spire Growth","floor":41,"turns":5},{"damage":8,"enemies":"Sphere and 2 Shapes","floor":42,"turns":4},{"damage":20,"enemies":"3 Darklings","floor":47,"turns":4},{"damage":0,"enemies":"Maw","floor":48,"turns":8},{"damage":0,"enemies":"Time Eater","floor":50,"turns":11}],"seed_played":"6075525820864549658","potions_obtained":[{"floor":7,"key":"Regen Potion"},{"floor":10,"key":"Poison Potion"},{"floor":13,"key":"Dexterity Potion"},{"floor":13,"key":"EntropicBrew"},{"floor":13,"key":"Ancient Potion"},{"floor":19,"key":"Fire Potion"},{"floor":27,"key":"FocusPotion"},{"floor":39,"key":"FocusPotion"}],"is_trial":false,"path_per_floor":["M","?","$","?","?","R","E","R","T","M","?","E","?","M","R","B",null,"M","M","M","M","M","R","$","E","T","E","R","?","R","M","R","B",null,"M","M","$","?","M","R","M","M","T","R","$","?","M","M","R","B",null],"character_chosen":"DEFECT","items_purchased":["Doom and Gloom","Membership Card","Defragment","Symbiotic Virus","Machine Learning","Glacier","Swift Potion"],"campfire_rested":1,"item_purchase_floors":[3,24,24,37,37,45,45],"current_hp_per_floor":[58,51,51,51,51,51,21,41,41,39,39,40,40,47,47,69,69,69,64,67,69,54,54,54,63,63,43,43,43,43,50,50,76,76,71,76,76,76,57,57,63,62,62,62,62,62,49,56,56,76],"gold":83,"neow_bonus":"RANDOM_COMMON_RELIC","is_prod":false,"is_daily":false,"chose_seed":false,"campfire_upgraded":9,"win_rate":0,"timestamp":1550527453,"path_taken":["M","?","$","?","?","R","E","R","T","?","?","E","?","M","R","BOSS","M","M","M","M","?","R","$","E","T","E","R","?","R","?","R","BOSS","M","M","$","?","M","R","M","?","T","R","?","?","M","?","R","BOSS"],"build_version":"2019-01-23","purchased_purges":3,"victory":true,"max_hp_per_floor":[75,75,75,69,69,69,69,69,69,69,69,69,69,69,69,69,69,69,69,69,69,69,69,69,76,76,76,76,76,76,76,76,76,76,76,76,76,76,76,76,76,76,76,76,76,76,76,76,76,76],"card_choices":[{"not_picked":["Rebound","Beam Cell"],"picked":"Go for the Eyes","floor":1},{"not_picked":["Compile Driver","Machine Learning"],"picked":"Glacier","floor":7},{"not_picked":["Doom and Gloom+1","Leap"],"picked":"Darkness","floor":10},{"not_picked":["Steam","Gash+1"],"picked":"Self Repair","floor":12},{"not_picked":["Steam Power","Tempest","Stack"],"picked":"SKIP","floor":14},{"not_picked":["Biased Cognition","Hyperbeam+1"],"picked":"Electrodynamics","floor":16},{"not_picked":["Sweeping Beam+1","Barrage+1"],"picked":"Beam Cell+1","floor":18},{"not_picked":["Streamline+1","Stack"],"picked":"Coolheaded","floor":19},{"not_picked":["Streamline+1","Recycle"],"picked":"Cold Snap+1","floor":20},{"not_picked":["Gash+1","Streamline+1"],"picked":"Buffer","floor":21},{"not_picked":["Stack","Streamline+1"],"picked":"Cold Snap+1","floor":22},{"not_picked":["Coolheaded","Hologram+1"],"picked":"FTL+1","floor":25},{"not_picked":["Stack+1","Beam Cell+1"],"picked":"Blizzard+1","floor":27},{"not_picked":["Genetic Algorithm","Biased Cognition"],"picked":"Glacier+1","floor":31},{"not_picked":["Storm","Hello World","Reprogram+1"],"picked":"SKIP","floor":35},{"not_picked":["Sweeping Beam+1","Go for the Eyes+1"],"picked":"Stack+1","floor":36},{"not_picked":["White Noise+1","Heatsinks+1"],"picked":"Conserve Battery+1","floor":39},{"not_picked":["Blizzard+1","Compile Driver+1","Hologram+1"],"picked":"SKIP","floor":41},{"not_picked":["Gash+1","Compile Driver+1"],"picked":"Ball Lightning+1","floor":42},{"not_picked":["Sweeping Beam+1","Steam+1","Static Discharge+1"],"picked":"SKIP","floor":47},{"not_picked":["Reboot","Beam Cell+1"],"picked":"Glacier+1","floor":48}],"player_experience":276343,"relics_obtained":[{"floor":7,"key":"Molten Egg 2"},{"floor":9,"key":"Pantograph"},{"floor":12,"key":"Bronze Scales"},{"floor":25,"key":"Strawberry"},{"floor":26,"key":"Calipers"},{"floor":27,"key":"Gremlin Horn"},{"floor":43,"key":"Frozen Egg 2"}],"event_choices":[{"cards_removed":["Strike_B"],"damage_healed":0,"gold_gain":0,"player_choice":"Card Removal","damage_taken":7,"max_hp_gain":0,"max_hp_loss":0,"event_name":"Golden Wing","floor":2,"gold_loss":0},{"damage_healed":0,"gold_gain":0,"player_choice":"Lose Max HP","damage_taken":0,"relics_obtained":["Golden Idol"],"max_hp_gain":0,"max_hp_loss":6,"event_name":"Golden Idol","floor":4,"gold_loss":0},{"cards_removed":["Defend_B"],"damage_healed":0,"gold_gain":0,"player_choice":"Card Removal","damage_taken":0,"max_hp_gain":0,"max_hp_loss":0,"event_name":"The Cleric","floor":5,"gold_loss":50},{"damage_healed":0,"gold_gain":0,"player_choice":"Left Gold","damage_taken":0,"max_hp_gain":0,"max_hp_loss":0,"event_name":"World of Goop","floor":11,"gold_loss":25},{"damage_healed":0,"gold_gain":0,"player_choice":"Got Potions","damage_taken":0,"max_hp_gain":0,"max_hp_loss":0,"event_name":"Lab","floor":13,"gold_loss":0},{"cards_removed":["Doubt"],"damage_healed":0,"gold_gain":0,"player_choice":"Offered Curse","damage_taken":0,"relics_obtained":["Spirit Poop"],"max_hp_gain":0,"max_hp_loss":0,"event_name":"Bonfire Elementals","floor":29,"gold_loss":0},{"cards_removed":["Defend_B"],"damage_healed":0,"gold_gain":0,"player_choice":"Purged","damage_taken":0,"max_hp_gain":0,"max_hp_loss":0,"event_name":"Purifier","floor":38,"gold_loss":0},{"damage_healed":0,"gold_gain":0,"player_choice":"Ignored","damage_taken":0,"max_hp_gain":0,"max_hp_loss":0,"event_name":"Mysterious Sphere","floor":46,"gold_loss":0}],"is_beta":false,"boss_relics":[{"not_picked":["FrozenCore","Ectoplasm"],"picked":"Cursed Key"},{"not_picked":["Busted Crown","Snecko Eye"],"picked":"Inserter"}],"items_purged_floors":[24,37,45],"is_endless":false,"potions_floor_spawned":[7,10,14,19,20,27,31,39,47,48],"ascension_level":10}