{"gold_per_floor":[118,130,130,28,46,46,80,80,148,175,186,186],"floor_reached":12,"playtime":354,"items_purged":[],"score":167,"play_id":"a7cf2e8d-3434-466e-b4f9-683ebbf3c45a","local_time":"20190522232010","is_ascension_mode":true,"campfire_choices":[{"data":"Deadly Poison","floor":6,"key":"SMITH"},{"data":"Dagger Spray","floor":8,"key":"SMITH"}],"neow_cost":"NONE","seed_source_timestamp":454238238180625,"circlet_count":0,"master_deck":["AscendersBane","Defend_G","Defend_G","Defend_G","Defend_G","Defend_G","Strike_G","Strike_G","Strike_G","Strike_G","Strike_G","Survivor","Neutralize","Deadly Poison+1","Terror","Panacea","Dagger Spray+1","Backflip","Glass Knife"],"relics":["Ring of the Snake","NeowsBlessing","Omamori","Sundial","Blue Candle"],"potions_floor_usage":[5,7,11],"damage_taken":[{"damage":0,"enemies":"Small Slimes","floor":1,"turns":1},{"damage":0,"enemies":"Jaw Worm","floor":2,"turns":1},{"damage":0,"enemies":"Cultist","floor":5,"turns":1},{"damage":22,"enemies":"Lagavulin","floor":7,"turns":6},{"damage":30,"enemies":"Gremlin Nob","floor":10,"turns":4},{"damage":0,"enemies":"Gremlin Gang","floor":11,"turns":1},{"damage":18,"enemies":"Exordium Wildlife","floor":12,"turns":2}],"seed_played":"8779081187855286344","potions_obtained":[{"floor":2,"key":"SkillPotion"},{"floor":5,"key":"Fruit Juice"},{"floor":10,"key":"SteroidPotion"}],"is_trial":false,"path_per_floor":["M","M","?","$","M","R","E","R","T","E","M","M"],"character_chosen":"THE_SILENT","items_purchased":["Panacea"],"campfire_rested":0,"item_purchase_floors":[4],"current_hp_per_floor":[59,59,59,59,64,64,42,42,42,12,12,0],"gold":186,"neow_bonus":"THREE_ENEMY_KILL","is_prod":false,"is_daily":false,"chose_seed":false,"campfire_upgraded":2,"win_rate":0,"timestamp":1558581610,"path_taken":["M","M","?","?","M","R","E","R","T","E","M","M"],"build_version":"2019-01-23","purchased_purges":0,"victory":false,"max_hp_per_floor":[66,66,66,66,71,71,71,71,71,71,71,71],"card_choices":[{"not_picked":["Reflex","Sucker Punch"],"picked":"Deadly Poison","floor":1},{"not_picked":["Bane","Prepared"],"picked":"Terror","floor":2},{"not_picked":["Expertise","Endless Agony","Flying Knee"],"picked":"SKIP","floor":5},{"not_picked":["Poisoned Stab","Slice"],"picked":"Dagger Spray","floor":7},{"not_picked":["Dagger Throw","Accuracy"],"picked":"Backflip","floor":10},{"not_picked":["Outmaneuver","Blade Dance"],"picked":"Glass Knife","floor":11}],"player_experience":746849,"relics_obtained":[{"floor":7,"key":"Omamori"},{"floor":9,"key":"Sundial"},{"floor":10,"key":"Blue Candle"}],"event_choices":[{"damage_healed":0,"gold_gain":0,"player_choice":"Ignored","damage_taken":0,"max_hp_gain":0,"max_hp_loss":0,"event_name":"Shining Light","floor":3,"gold_loss":0}],"is_beta":false,"boss_relics":[],"items_purged_floors":[],"is_endless":false,"potions_floor_spawned":[2,5,10],"killed_by":"Exordium Wildlife","ascension_level":18}