{"gold_per_floor":[119,119,135,60,60,85,107,137,176,219,231,258,270,294,306,414,426,451,85,85,85,59,59,59,59,59,0,0,25,25,40,40,136,136,152,0,10,27,37,37,137,137,187,187,187,205,34,52,52,52],"floor_reached":50,"playtime":1920,"items_purged":["Regret","Writhe"],"score":800,"play_id":"f86544b2-7968-4ffd-9782-98716d16ab90","local_time":"20190301175525","is_ascension_mode":true,"campfire_choices":[{"data":"Clothesline","floor":11,"key":"SMITH"},{"data":"Heavy Blade","floor":15,"key":"SMITH"},{"data":"Inflame","floor":23,"key":"SMITH"},{"data":"Bandage Up","floor":25,"key":"SMITH"},{"data":"Juggernaut","floor":30,"key":"SMITH"},{"data":"Flame Barrier","floor":32,"key":"SMITH"},{"floor":40,"key":"REST"},{"floor":42,"key":"REST"},{"floor":49,"key":"REST"}],"neow_cost":"NONE","seed_source_timestamp":1203516161525145,"circlet_count":0,"master_deck":["AscendersBane","Strike_R+1","Strike_R+1","Strike_R+1","Strike_R+1","Defend_R+1","Defend_R+1","Defend_R+1","Defend_R+1","Bash","Flame Barrier","Shrug It Off","Spot Weakness+1","Clothesline+1","Heavy Blade+1","Inflame+1","Flame Barrier+1","Juggernaut+1","Cleave","Bandage Up+1","Iron Wave+1","Seeing Red+1","Limit Break+1","Iron Wave","Seeing Red+1","True Grit+1","True Grit+1","Uppercut","Shrug It Off+1","Shrug It Off+1","Double Tap+1","Metallicize","Uppercut+1"],"relics":["Burning Blood","NeowsBlessing","Dream Catcher","MawBank","Boot","War Paint","Velvet Choker","Torii","Darkstone Periapt","Toxic Egg 2","Juzu Bracelet","Fusion Hammer","Red Mask","Mango","Red Skull","Dead Branch"],"potions_floor_usage":[10,16,38,50,50],"damage_taken":[{"damage":0,"enemies":"Jaw Worm","floor":1,"turns":1},{"damage":0,"enemies":"Small Slimes","floor":3,"turns":1},{"damage":0,"enemies":"Lagavulin","floor":6,"turns":1},{"damage":0,"enemies":"Cultist","floor":7,"turns":4},{"damage":8,"enemies":"Blue Slaver","floor":8,"turns":5},{"damage":31,"enemies":"3 Sentries","floor":10,"turns":10},{"damage":5,"enemies":"Exordium Wildlife","floor":12,"turns":5},{"damage":15,"enemies":"Large Slime","floor":14,"turns":7},{"damage":24,"enemies":"Hexaghost","floor":16,"turns":10},{"damage":3,"enemies":"Spheric Guardian","floor":18,"turns":3},{"damage":17,"enemies":"2 Thieves","floor":22,"turns":5},{"damage":12,"enemies":"Chosen and Byrds","floor":31,"turns":6},{"damage":27,"enemies":"Champ","floor":33,"turns":13},{"damage":33,"enemies":"3 Darklings","floor":35,"turns":6},{"damage":17,"enemies":"3 Shapes","floor":37,"turns":5},{"damage":26,"enemies":"Writhing Mass","floor":38,"turns":5},{"damage":34,"enemies":"3 Darklings","floor":39,"turns":6},{"damage":10,"enemies":"Mind Bloom Boss Battle","floor":41,"turns":9},{"damage":32,"enemies":"Maw","floor":46,"turns":6},{"damage":1,"enemies":"Sphere and 2 Shapes","floor":48,"turns":4},{"damage":111,"enemies":"Awakened One","floor":50,"turns":13}],"seed_played":"-8795987560551148450","potions_obtained":[{"floor":1,"key":"SteroidPotion"},{"floor":7,"key":"SteroidPotion"},{"floor":8,"key":"AttackPotion"},{"floor":14,"key":"Ancient Potion"},{"floor":18,"key":"Weak Potion"},{"floor":37,"key":"Block Potion"},{"floor":38,"key":"SpeedPotion"},{"floor":41,"key":"SkillPotion"}],"is_trial":false,"path_per_floor":["M","?","M","$","?","E","M","M","T","E","R","M","?","M","R","B",null,"M","$","?","?","M","R","?","R","T","?","$","T","R","M","R","B",null,"M","?","M","M","M","R","?","R","T","T","?","M","$","M","R","B"],"character_chosen":"IRONCLAD","items_purchased":["Torii","Bandage Up","Metallicize"],"campfire_rested":3,"item_purchase_floors":[19,19,47],"current_hp_per_floor":[78,78,80,80,80,80,80,78,78,53,53,54,54,45,45,27,67,70,70,70,76,69,69,69,69,69,69,69,69,69,69,69,54,78,57,57,52,38,16,41,57,87,87,87,87,67,67,78,100,0],"gold":52,"neow_bonus":"THREE_ENEMY_KILL","is_prod":false,"is_daily":false,"chose_seed":false,"campfire_upgraded":6,"win_rate":0,"timestamp":1551480925,"path_taken":["M","?","M","$","?","E","M","M","T","E","R","M","?","?","R","BOSS","M","$","?","?","M","R","?","R","T","?","$","?","R","M","R","BOSS","M","?","M","M","M","R","?","R","T","?","?","M","$","M","R","BOSS"],"build_version":"2019-01-23","purchased_purges":2,"victory":false,"max_hp_per_floor":[80,80,80,80,80,80,80,80,80,80,80,80,80,80,80,80,80,80,80,80,86,86,86,86,86,86,86,86,86,86,86,86,86,86,86,86,86,86,86,86,100,100,100,100,100,100,100,100,100,100],"card_choices":[{"not_picked":["Intimidate","Clothesline"],"picked":"Flame Barrier","floor":1},{"not_picked":["Clothesline","Wild Strike"],"picked":"Shrug It Off","floor":3},{"not_picked":["Disarm","Flex"],"picked":"Spot Weakness","floor":6},{"not_picked":["Wild Strike","Infernal Blade","Corruption"],"picked":"SKIP","floor":7},{"not_picked":["Dual Wield","Entrench"],"picked":"Clothesline","floor":8},{"not_picked":["Sever Soul","Anger","Corruption"],"picked":"SKIP","floor":10},{"not_picked":["Clash","Blood for Blood"],"picked":"Heavy Blade","floor":12},{"not_picked":["Havoc","Shrug It Off"],"picked":"Flame Barrier","floor":14},{"not_picked":["Barricade","Dark Embrace"],"picked":"Juggernaut","floor":16},{"not_picked":["Body Slam","Intimidate"],"picked":"Cleave","floor":18},{"not_picked":["Intimidate+1","Blood for Blood"],"picked":"Iron Wave+1","floor":22},{"not_picked":["Iron Wave+1","Havoc+1"],"picked":"Seeing Red+1","floor":31},{"not_picked":["Double Tap+1","Berserk"],"picked":"Limit Break+1","floor":33},{"not_picked":["Wild Strike","Rupture+1"],"picked":"Iron Wave","floor":35},{"not_picked":["Infernal Blade+1","Clash+1"],"picked":"Seeing Red+1","floor":37},{"not_picked":["Anger+1","Flex+1"],"picked":"True Grit+1","floor":38},{"not_picked":["Evolve+1","Reckless Charge"],"picked":"True Grit+1","floor":39},{"not_picked":["Fire Breathing","Thunderclap+1"],"picked":"Uppercut","floor":40},{"not_picked":["Blood for Blood","Headbutt+1"],"picked":"Shrug It Off+1","floor":41},{"not_picked":["Evolve+1","Intimidate+1"],"picked":"Shrug It Off+1","floor":42},{"not_picked":["Rage+1","Entrench+1"],"picked":"Double Tap+1","floor":46},{"not_picked":["Flex+1","Seeing Red+1"],"picked":"Uppercut+1","floor":48}],"player_experience":352710,"relics_obtained":[{"floor":6,"key":"MawBank"},{"floor":9,"key":"Boot"},{"floor":10,"key":"War Paint"},{"floor":26,"key":"Toxic Egg 2"},{"floor":29,"key":"Juzu Bracelet"},{"floor":41,"key":"Mango"},{"floor":43,"key":"Red Skull"},{"floor":44,"key":"Dead Branch"}],"event_choices":[{"damage_healed":0,"gold_gain":0,"player_choice":"Box","damage_taken":0,"relics_obtained":["Dream Catcher"],"max_hp_gain":0,"max_hp_loss":0,"event_name":"Big Fish","floor":2,"gold_loss":0,"cards_obtained":["Regret"]},{"damage_healed":0,"gold_gain":0,"player_choice":"Ignored","damage_taken":0,"max_hp_gain":0,"max_hp_loss":0,"event_name":"Liars Game","floor":5,"gold_loss":0},{"damage_healed":0,"gold_gain":0,"player_choice":"1 cards matched","damage_taken":0,"max_hp_gain":0,"max_hp_loss":0,"event_name":"Match and Keep!","floor":13,"gold_loss":0,"cards_obtained":["Inflame"]},{"damage_healed":0,"gold_gain":0,"player_choice":"Simplicity","damage_taken":0,"max_hp_gain":0,"max_hp_loss":0,"event_name":"Back to Basics","floor":20,"gold_loss":0,"cards_upgraded":["Strike_R","Strike_R","Strike_R","Strike_R","Strike_R","Defend_R","Defend_R","Defend_R"]},{"damage_healed":0,"gold_gain":0,"player_choice":"Opened","damage_taken":0,"relics_obtained":["Darkstone Periapt"],"max_hp_gain":0,"max_hp_loss":0,"event_name":"The Mausoleum","floor":21,"gold_loss":0,"cards_obtained":["Writhe"]},{"damage_healed":0,"gold_gain":0,"player_choice":"Ignored","damage_taken":0,"max_hp_gain":0,"max_hp_loss":0,"event_name":"Ghosts","floor":24,"gold_loss":0},{"damage_healed":0,"gold_gain":0,"player_choice":"Paid Fearfully","damage_taken":0,"max_hp_gain":0,"max_hp_loss":0,"event_name":"Masked Bandits","floor":27,"gold_loss":59},{"damage_healed":0,"gold_gain":0,"player_choice":"Paid","damage_taken":0,"relics_obtained":["Red Mask"],"max_hp_gain":0,"max_hp_loss":0,"event_name":"Tomb of Lord Red Mask","floor":36,"gold_loss":152},{"damage_healed":0,"gold_gain":0,"player_choice":"Fight","damage_taken":0,"max_hp_gain":0,"max_hp_loss":0,"event_name":"MindBloom","floor":41,"gold_loss":0},{"cards_removed":["Strike_R"],"damage_healed":0,"gold_gain":0,"player_choice":"Removed Attack","damage_taken":0,"max_hp_gain":0,"max_hp_loss":0,"event_name":"Falling","floor":45,"gold_loss":0}],"is_beta":false,"boss_relics":[{"not_picked":["Ectoplasm","Snecko Eye"],"picked":"Velvet Choker"},{"not_picked":["Mark of Pain","Pandora\u0027s Box"],"picked":"Fusion Hammer"}],"items_purged_floors":[4,47],"is_endless":false,"potions_floor_spawned":[1,7,8,14,18,33,37,38,41,46],"killed_by":"Awakened One","ascension_level":11}