{"gold_per_floor":[217,292,292,292,311,641,641,655,655,685,685,700,719,31,31,127,127,140,156,156,168,71,71,106,106,181,214,214,214,227,250,250,353,353,364,374,385,385,92,92,102,102,102,113,127,37,47,60,60,60],"floor_reached":51,"playtime":3441,"items_purged":[],"score":739,"play_id":"c7855bba-643e-4375-8d9b-2daf850f2c13","local_time":"20190129162031","is_ascension_mode":false,"campfire_choices":[{"floor":7.0,"key":"REST"},{"floor":11.0,"key":"REST"},{"floor":15.0,"key":"REST"},{"data":"Electrodynamics","floor":23.0,"key":"SMITH"},{"floor":25.0,"key":"REST"},{"floor":28.0,"key":"REST"},{"data":"Lockon","floor":32.0,"key":"SMITH"},{"data":"Tempest","floor":40,"key":"SMITH"},{"floor":42,"key":"REST"},{"floor":49,"key":"REST"}],"neow_cost":"NONE","seed_source_timestamp":0,"circlet_count":0,"master_deck":["Strike_B","Strike_B","Strike_B","Strike_B","Defend_B","Defend_B","Defend_B","Defend_B","Zap","Dualcast+1","Defragment+1","Stack","Cold Snap","Doom and Gloom","Lockon+1","Go for the Eyes","Static Discharge","Electrodynamics+1","Double Energy","Defragment","Steam","Ball Lightning","Hologram","Conserve Battery+1","Tempest+1","Defragment","Loop","Compile Driver","Genetic Algorithm+1","Redo+1","FTL+1","Biased Cognition","Barrage+1","Defragment","Fusion+1","Amplify","Leap+1","Reinforced Body","Steam","Panacea","Steam+1"],"special_seed":0,"relics":["Cracked Core","Old Coin","Incense Burner","MealTicket","Bottled Tornado","Bronze Scales","Orrery","MutagenicStrength","Omamori","Meat on the Bone","Shuriken","Juzu Bracelet","Inserter","Orichalcum","Mercury Hourglass"],"potions_floor_usage":[45,50,50],"damage_taken":[{"damage":1.0,"enemies":"2 Louse","floor":1.0,"turns":2.0},{"damage":7.0,"enemies":"Small Slimes","floor":5.0,"turns":3.0},{"damage":34.0,"enemies":"Gremlin Nob","floor":6.0,"turns":4.0},{"damage":0.0,"enemies":"Jaw Worm","floor":8.0,"turns":4.0},{"damage":4.0,"enemies":"Red Slaver","floor":12.0,"turns":3.0},{"damage":6.0,"enemies":"Looter","floor":13.0,"turns":2.0},{"damage":27.0,"enemies":"Slime Boss","floor":16.0,"turns":6.0},{"damage":2.0,"enemies":"Chosen","floor":18.0,"turns":4.0},{"damage":3.0,"enemies":"Shell Parasite","floor":19.0,"turns":3.0},{"damage":24.0,"enemies":"Snake Plant","floor":21.0,"turns":3.0},{"damage":40.0,"enemies":"Gremlin Leader","floor":24.0,"turns":5.0},{"damage":30.0,"enemies":"Book of Stabbing","floor":27.0,"turns":4.0},{"damage":11.0,"enemies":"Snecko","floor":30.0,"turns":3.0},{"damage":54.0,"enemies":"Champ","floor":33.0,"turns":10.0},{"damage":38,"enemies":"3 Darklings","floor":35,"turns":3},{"damage":21,"enemies":"Orb Walker","floor":36,"turns":4},{"damage":16,"enemies":"Writhing Mass","floor":37,"turns":5},{"damage":40,"enemies":"Spire Growth","floor":41,"turns":4},{"damage":34,"enemies":"Jaw Worm Horde","floor":44,"turns":3},{"damage":19,"enemies":"Maw","floor":45,"turns":7},{"damage":8,"enemies":"4 Shapes","floor":47,"turns":3},{"damage":9,"enemies":"Sphere and 2 Shapes","floor":48,"turns":5},{"damage":89,"enemies":"Time Eater","floor":50,"turns":12}],"seed_played":"-7016691053071635261","potions_obtained":[{"floor":1.0,"key":"SpeedPotion"},{"floor":13.0,"key":"SkillPotion"},{"floor":16.0,"key":"SteroidPotion"},{"floor":45,"key":"AttackPotion"},{"floor":48,"key":"FairyPotion"}],"is_trial":false,"path_per_floor":["M","?","?","$","M","E","R","M","T","?","R","M","M","$","R","B",null,"M","M","?","M","$","R","E","R","T","E","R","?","M","T","R","B",null,"M","M","M","?","$","R","M","R","T","M","M","$","M","M","R","B",null],"character_chosen":"DEFECT","items_purchased":["Static Discharge","MealTicket","Bottled Tornado","Bronze Scales","Loop","Compile Driver","Orichalcum","Amplify","Panacea"],"campfire_rested":7,"item_purchase_floors":[14,14,14,14,22,22,39,39,46],"current_hp_per_floor":[74,63,48,48,41,7,29,29,29,29,51,47,41,41,63,36,75,73,70,70,46,61,61,21,43,43,25,47,72,61,61,61,19,75,49,40,36,36,51,51,23,45,45,23,16,31,35,38,60,19],"gold":60,"neow_bonus":"HUNDRED_GOLD","is_prod":false,"is_daily":false,"chose_seed":false,"campfire_upgraded":3,"win_rate":0.0,"timestamp":1548796831,"path_taken":["M","?","?","$","M","E","R","M","T","?","R","?","M","?","R","BOSS","M","M","?","M","$","R","E","R","T","E","R","?","M","?","R","BOSS","M","M","M","?","$","R","M","R","T","M","M","$","M","M","R","BOSS"],"build_version":"2019-01-23","purchased_purges":0,"victory":true,"max_hp_per_floor":[75,75,75,75,75,75,75,75,75,75,75,75,75,75,75,75,75,75,75,75,75,75,75,75,75,75,75,75,75,75,75,75,75,75,75,75,75,75,75,75,75,75,75,75,75,75,75,75,75,75],"card_choices":[{"not_picked":["Gash","Compile Driver"],"picked":"Defragment","floor":1.0},{"not_picked":["Steam","Barrage"],"picked":"Stack","floor":5.0},{"not_picked":["Stack","Steam"],"picked":"Cold Snap","floor":6.0},{"not_picked":["Redo","Cold Snap"],"picked":"Doom and Gloom","floor":8.0},{"not_picked":["Rip and Tear","Skim"],"picked":"Lockon","floor":12.0},{"not_picked":["Barrage","Stack"],"picked":"Go for the Eyes","floor":13.0},{"not_picked":["Seek","Amplify"],"picked":"Electrodynamics","floor":16.0},{"not_picked":["Redo","Steam Power"],"picked":"Double Energy","floor":17.0},{"not_picked":["Sweeping Beam","Auto Shields"],"picked":"Defragment","floor":17.0},{"not_picked":["Streamline","Barrage"],"picked":"Steam","floor":17.0},{"not_picked":["Beam Cell","Chaos"],"picked":"Ball Lightning","floor":17.0},{"not_picked":["Consume","Gash"],"picked":"Hologram","floor":17.0},{"not_picked":["Loop","Fusion"],"picked":"Conserve Battery+1","floor":18.0},{"not_picked":["Hologram+1","Reprogram"],"picked":"Tempest","floor":19.0},{"not_picked":["Melter","Hologram"],"picked":"Defragment","floor":21.0},{"not_picked":["Leap","Doom and Gloom"],"picked":"Genetic Algorithm+1","floor":24.0},{"not_picked":["Barrage+1","Leap"],"picked":"Redo+1","floor":27.0},{"not_picked":["Coolheaded","Ball Lightning"],"picked":"FTL+1","floor":30.0},{"not_picked":["Reboot","Electrodynamics"],"picked":"Biased Cognition","floor":33.0},{"not_picked":["Coolheaded+1","Hello World+1"],"picked":"Barrage+1","floor":35},{"not_picked":["Gash","Static Discharge"],"picked":"Defragment","floor":36},{"not_picked":["Gash+1","Redo"],"picked":"Fusion+1","floor":37},{"not_picked":["Beam Cell+1","Capacitor+1"],"picked":"Leap+1","floor":41},{"not_picked":["Seek","Darkness"],"picked":"Reinforced Body","floor":44},{"not_picked":["Consume","Streamline+1"],"picked":"Steam","floor":45},{"not_picked":["White Noise+1","Amplify"],"picked":"Steam+1","floor":47},{"not_picked":["Ball Lightning","Hologram","Darkness+1"],"picked":"SKIP","floor":48}],"player_experience":58759,"relics_obtained":[{"floor":6.0,"key":"Old Coin"},{"floor":9.0,"key":"Incense Burner"},{"floor":24.0,"key":"Omamori"},{"floor":26.0,"key":"Meat on the Bone"},{"floor":27.0,"key":"Shuriken"},{"floor":31.0,"key":"Juzu Bracelet"},{"floor":43,"key":"Mercury Hourglass"}],"event_choices":[{"damage_healed":0.0,"max_hp_gain":0.0,"max_hp_loss":0.0,"gold_gain":75.0,"event_name":"World of Goop","player_choice":"Gather Gold","floor":2.0,"gold_loss":0.0,"damage_taken":11.0},{"damage_healed":0.0,"max_hp_gain":0.0,"max_hp_loss":0.0,"gold_gain":0.0,"event_name":"Shining Light","player_choice":"Entered Light","floor":3.0,"gold_loss":0.0,"damage_taken":15.0,"cards_upgraded":["Dualcast","Defragment"]},{"damage_healed":0.0,"max_hp_gain":0.0,"max_hp_loss":0.0,"gold_gain":30.0,"event_name":"Dead Adventurer","player_choice":"Searched \u00271\u0027 times","floor":10.0,"gold_loss":0.0,"damage_taken":0.0},{"damage_healed":0.0,"max_hp_gain":0.0,"max_hp_loss":0.0,"gold_gain":0.0,"event_name":"Drug Dealer","player_choice":"Inject Mutagens","floor":20.0,"gold_loss":0.0,"damage_taken":0.0,"relics_obtained":["MutagenicStrength"]},{"damage_healed":25.0,"max_hp_gain":0.0,"max_hp_loss":0.0,"gold_gain":0.0,"event_name":"The Library","player_choice":"Heal","floor":29.0,"gold_loss":0.0,"damage_taken":0.0},{"damage_healed":0,"gold_gain":0,"player_choice":"Ignored","damage_taken":0,"max_hp_gain":0,"max_hp_loss":0,"event_name":"Tomb of Lord Red Mask","floor":38,"gold_loss":0}],"is_beta":false,"boss_relics":[{"not_picked":["Snecko Eye","Lizard Tail"],"picked":"Orrery"},{"not_picked":["Runic Dome","Runic Pyramid"],"picked":"Inserter"}],"items_purged_floors":[],"is_endless":false,"potions_floor_spawned":[1,13,16,19,24,27,33,37,44,45,48],"ascension_level":0}