{"gold_per_floor":[217,217,242,14,38,38,12,51,51,51,67,67,67,82,82,177,177,195,15,15],"floor_reached":20,"playtime":749,"items_purged":[],"score":335,"play_id":"f41fe343-51b6-4f6d-ae24-a514124f6b4d","local_time":"20190627202912","is_ascension_mode":true,"campfire_choices":[{"data":"Conserve Battery","floor":6,"key":"SMITH"},{"floor":10,"key":"REST"},{"floor":13,"key":"REST"},{"data":"Sucker Punch","floor":15,"key":"SMITH"}],"neow_cost":"NONE","seed_source_timestamp":1287128189493578,"circlet_count":0,"master_deck":["AscendersBane","Strike_R","Strike_R","Strike_R","Strike_R","Strike_R","Defend_R","Defend_R","Defend_R","Defend_R","Bash","Heavy Blade","Headbutt","Conserve Battery+1","Perfected Strike","Undo","Acrobatics","Sucker Punch+1","Sadistic Nature","Wild Strike+1","Corruption","Sever Soul"],"relics":["Burning Blood","Golden Idol","PrismaticShard","Paper Frog","Mummified Hand","Velvet Choker"],"potions_floor_usage":[14,16,16,20],"damage_taken":[{"damage":21,"enemies":"Jaw Worm","floor":1,"turns":5},{"damage":19,"enemies":"Small Slimes","floor":3,"turns":4},{"damage":2,"enemies":"Cultist","floor":5,"turns":4},{"damage":35,"enemies":"3 Sentries","floor":8,"turns":10},{"damage":2,"enemies":"2 Fungi Beasts","floor":11,"turns":4},{"damage":3,"enemies":"3 Louse","floor":14,"turns":4},{"damage":43,"enemies":"Hexaghost","floor":16,"turns":9},{"damage":27,"enemies":"Chosen","floor":18,"turns":4},{"damage":37,"enemies":"3 Byrds","floor":20,"turns":5}],"seed_played":"5075060477663507138","potions_obtained":[{"floor":3,"key":"GamblersBrew"},{"floor":8,"key":"EssenceOfSteel"},{"floor":12,"key":"Energy Potion"},{"floor":14,"key":"SneckoOil"}],"is_trial":false,"path_per_floor":["M","?","M","$","M","R","$","E","T","R","M","?","R","M","R","B",null,"M","$","M"],"character_chosen":"IRONCLAD","items_purchased":["PrismaticShard","Perfected Strike","Corruption","Sever Soul","Swift Potion"],"campfire_rested":2,"item_purchase_floors":[4,7,19,19,19],"current_hp_per_floor":[53,53,40,40,44,44,44,15,15,35,39,39,59,62,62,25,57,36,36,0],"gold":15,"neow_bonus":"HUNDRED_GOLD","is_prod":false,"is_daily":false,"chose_seed":false,"campfire_upgraded":2,"win_rate":0,"timestamp":1561692552,"path_taken":["M","?","M","$","M","R","$","E","T","R","M","?","R","M","R","BOSS","M","$","M"],"build_version":"2019-01-23","purchased_purges":0,"victory":false,"max_hp_per_floor":[75,68,68,68,68,68,68,68,68,68,68,68,68,68,68,68,68,68,68,68],"card_choices":[{"not_picked":["Iron Wave","Rupture"],"picked":"Heavy Blade","floor":1},{"not_picked":["Burning Pact","Body Slam"],"picked":"Headbutt","floor":3},{"not_picked":["PiercingWail","Entrench"],"picked":"Conserve Battery","floor":5},{"not_picked":["Shrug It Off","Underhanded Strike"],"picked":"Undo","floor":8},{"not_picked":["Trip","Warcry"],"picked":"Acrobatics","floor":11},{"not_picked":["Gash","Impatience"],"picked":"Sucker Punch","floor":14},{"not_picked":["Phantasmal Killer","Limit Break"],"picked":"Sadistic Nature","floor":16},{"not_picked":["Terror","Pummel+1"],"picked":"Wild Strike+1","floor":18}],"player_experience":1085941,"relics_obtained":[{"floor":8,"key":"Paper Frog"},{"floor":9,"key":"Mummified Hand"}],"event_choices":[{"damage_healed":0,"gold_gain":0,"player_choice":"Lose Max HP","damage_taken":0,"relics_obtained":["Golden Idol"],"max_hp_gain":0,"max_hp_loss":7,"event_name":"Golden Idol","floor":2,"gold_loss":0},{"damage_healed":0,"gold_gain":0,"player_choice":"Got Potions","damage_taken":0,"max_hp_gain":0,"max_hp_loss":0,"event_name":"Lab","floor":12,"gold_loss":0}],"is_beta":false,"boss_relics":[{"not_picked":["Busted Crown","Runic Pyramid"],"picked":"Velvet Choker"}],"items_purged_floors":[],"is_endless":false,"potions_floor_spawned":[3,8,14],"killed_by":"3 Byrds","ascension_level":19}