{"gold_per_floor":[109,122,272,291,263,263,263,290,290,290,301,301,27,44,44,116,116,116],"floor_reached":18,"playtime":733,"items_purged":[],"score":270,"play_id":"df207006-66eb-457c-9ccb-fa7515aebdaa","local_time":"20190511192802","is_ascension_mode":true,"campfire_choices":[{"data":"Feel No Pain","floor":6,"key":"SMITH"},{"data":"Infernal Blade","floor":10,"key":"SMITH"},{"data":"Sever Soul","floor":12,"key":"SMITH"},{"floor":15,"key":"REST"}],"neow_cost":"NONE","seed_source_timestamp":487809811210987,"circlet_count":0,"master_deck":["AscendersBane","Strike_R","Strike_R","Strike_R","Strike_R","Strike_R","Defend_R","Defend_R","Defend_R","Defend_R","Bash","Feel No Pain+1","Sever Soul+1","Doubt","Infernal Blade+1","True Grit","Bludgeon","Barricade"],"relics":["Burning Blood","Letter Opener","Odd Mushroom","Singing Bowl","Vajra","Eternal Feather"],"potions_floor_usage":[8,14,16],"damage_taken":[{"damage":4,"enemies":"Small Slimes","floor":1,"turns":3},{"damage":9,"enemies":"2 Louse","floor":2,"turns":3},{"damage":9,"enemies":"Jaw Worm","floor":4,"turns":5},{"damage":53,"enemies":"The Mushroom Lair","floor":8,"turns":7},{"damage":4,"enemies":"Blue Slaver","floor":11,"turns":7},{"damage":7,"enemies":"Looter","floor":14,"turns":3},{"damage":40,"enemies":"Slime Boss","floor":16,"turns":11},{"damage":69,"enemies":"3 Byrds","floor":18,"turns":8}],"seed_played":"-5585053231403174407","potions_obtained":[{"floor":1,"key":"Regen Potion"},{"floor":8,"key":"FearPotion"}],"is_trial":false,"path_per_floor":["M","M","?","M","$","R","?","?","T","R","M","R","$","M","R","B",null,"M"],"character_chosen":"IRONCLAD","items_purchased":["True Grit","Vajra","Fire Potion","Block Potion"],"campfire_rested":1,"item_purchase_floors":[5,13,13,13],"current_hp_per_floor":[77,74,74,71,71,71,53,21,21,21,25,25,25,24,49,15,67,0],"gold":116,"neow_bonus":"TEN_PERCENT_HP_BONUS","is_prod":false,"is_daily":false,"chose_seed":false,"campfire_upgraded":3,"win_rate":0,"timestamp":1557628082,"path_taken":["M","M","?","M","$","R","?","?","T","R","M","R","$","M","R","BOSS","M"],"build_version":"2019-01-23","purchased_purges":0,"victory":false,"max_hp_per_floor":[82,82,82,82,82,82,82,82,82,82,84,84,84,84,84,84,84,84],"card_choices":[{"not_picked":["Perfected Strike","Clothesline"],"picked":"Feel No Pain","floor":1},{"not_picked":["Heavy Blade","Flex"],"picked":"Sever Soul","floor":2},{"not_picked":["Flex","Headbutt"],"picked":"Infernal Blade","floor":4},{"not_picked":["Reckless Charge","Seeing Red","Perfected Strike"],"picked":"Singing Bowl","floor":11},{"not_picked":["Warcry","Anger"],"picked":"Bludgeon","floor":14},{"not_picked":["Dark Embrace","Demon Form"],"picked":"Barricade","floor":16}],"player_experience":912882,"relics_obtained":[{"floor":8,"key":"Odd Mushroom"},{"floor":9,"key":"Singing Bowl"}],"event_choices":[{"damage_healed":0,"gold_gain":150,"player_choice":"AGREE","damage_taken":0,"max_hp_gain":0,"max_hp_loss":0,"event_name":"Liars Game","floor":3,"gold_loss":0,"cards_obtained":["Doubt"]},{"damage_healed":0,"gold_gain":0,"player_choice":"Success","damage_taken":18,"relics_obtained":["Letter Opener"],"max_hp_gain":0,"max_hp_loss":0,"event_name":"Scrap Ooze","floor":7,"gold_loss":0},{"damage_healed":0,"gold_gain":0,"player_choice":"Fought Mushrooms","damage_taken":0,"max_hp_gain":0,"max_hp_loss":0,"event_name":"Mushrooms","floor":8,"gold_loss":0}],"is_beta":false,"boss_relics":[{"not_picked":["Coffee Dripper","Runic Pyramid"],"picked":"Eternal Feather"}],"items_purged_floors":[],"is_endless":false,"potions_floor_spawned":[1,8],"killed_by":"3 Byrds","ascension_level":16}