{"gold_per_floor":[119,50,50,50,66,93,93,112,112,132,159,8,8,28,28,28],"floor_reached":16,"playtime":554,"items_purged":[],"score":236,"play_id":"050e0a4f-ed03-4bd0-b88b-7afa0b96fadf","local_time":"20190503130555","is_ascension_mode":true,"campfire_choices":[{"data":"Flex","floor":7,"key":"SMITH"},{"data":"True Grit","floor":13,"key":"SMITH"},{"floor":15,"key":"REST"}],"neow_cost":"NONE","seed_source_timestamp":579431331726746,"circlet_count":0,"master_deck":["AscendersBane","Strike_R","Strike_R","Strike_R","Strike_R","Strike_R","Defend_R","Defend_R","Defend_R","Defend_R","Bash","Twin Strike","Offering+1","Battle Trance","Flex+1","Inflame","True Grit+1","Cleave","Flame Barrier","Wild Strike"],"relics":["Burning Blood","NeowsBlessing","Peace Pipe","StoneCalendar","Prayer Wheel","Oddly Smooth Stone"],"potions_floor_usage":[10,11,16],"damage_taken":[{"damage":0,"enemies":"Cultist","floor":1,"turns":1},{"damage":0,"enemies":"Jaw Worm","floor":5,"turns":1},{"damage":0,"enemies":"3 Sentries","floor":6,"turns":2},{"damage":12,"enemies":"Small Slimes","floor":8,"turns":4},{"damage":12,"enemies":"Gremlin Gang","floor":10,"turns":3},{"damage":41,"enemies":"Lagavulin","floor":11,"turns":4},{"damage":6,"enemies":"Large Slime","floor":14,"turns":4},{"damage":67,"enemies":"Hexaghost","floor":16,"turns":12}],"seed_played":"8372917855554794462","potions_obtained":[{"floor":8,"key":"EssenceOfSteel"},{"floor":10,"key":"Ancient Potion"},{"floor":11,"key":"BloodPotion"},{"floor":14,"key":"FairyPotion"}],"is_trial":false,"path_per_floor":["M","$","?","$","M","E","R","M","T","M","E","$","R","M","R","B"],"character_chosen":"IRONCLAD","items_purchased":["Offering","Oddly Smooth Stone"],"campfire_rested":1,"item_purchase_floors":[2,12],"current_hp_per_floor":[74,74,74,74,75,75,75,69,69,63,28,28,28,28,50,0],"gold":28,"neow_bonus":"THREE_ENEMY_KILL","is_prod":false,"is_daily":false,"chose_seed":false,"campfire_upgraded":2,"win_rate":0,"timestamp":1556913955,"path_taken":["M","$","?","$","M","E","R","M","T","M","E","?","R","?","R","BOSS"],"build_version":"2019-01-23","purchased_purges":0,"victory":false,"max_hp_per_floor":[75,75,75,75,75,75,75,75,75,75,75,75,75,75,75,75],"card_choices":[{"not_picked":["Clash","Headbutt"],"picked":"Twin Strike","floor":1},{"not_picked":["Intimidate","Flex"],"picked":"Battle Trance","floor":5},{"not_picked":["Pummel","Body Slam"],"picked":"Flex","floor":6},{"not_picked":["Sword Boomerang","Wild Strike"],"picked":"Inflame","floor":8},{"not_picked":["Entrench","Fire Breathing"],"picked":"True Grit","floor":10},{"not_picked":["Sword Boomerang","Fire Breathing"],"picked":"Cleave","floor":11},{"not_picked":["Armaments","Exhume"],"picked":"Flame Barrier","floor":14},{"not_picked":["True Grit","Intimidate"],"picked":"Wild Strike","floor":14}],"player_experience":880392,"relics_obtained":[{"floor":6,"key":"Peace Pipe"},{"floor":9,"key":"StoneCalendar"},{"floor":11,"key":"Prayer Wheel"}],"event_choices":[{"damage_healed":0,"gold_gain":0,"player_choice":"Upgraded","damage_taken":0,"max_hp_gain":0,"max_hp_loss":0,"event_name":"Upgrade Shrine","floor":3,"gold_loss":0,"cards_upgraded":["Offering"]}],"is_beta":false,"boss_relics":[],"items_purged_floors":[],"is_endless":false,"potions_floor_spawned":[8,10,11,14],"killed_by":"Hexaghost","ascension_level":15}