{"gold_per_floor":[114,133,150,167,242,242,167,182,182,210,210,210,210,230,230,308,308,324,339,1,11,27,27,44,144,198,214,233,233,245,264,264,337,337,352,452,342,360,6,6,6],"floor_reached":41,"playtime":1817,"items_purged":["Strike_R","Strike_R"],"score":806,"play_id":"500dc191-6bdf-464a-93d9-f4275243063d","local_time":"20190615225211","is_ascension_mode":true,"campfire_choices":[{"data":"True Grit","floor":6,"key":"SMITH"},{"data":"Anger","floor":11,"key":"SMITH"},{"data":"Clothesline","floor":13,"key":"SMITH"},{"data":"Spot Weakness","floor":15,"key":"SMITH"},{"data":"Immolate","floor":23,"key":"SMITH"},{"data":"True Grit","floor":29,"key":"SMITH"},{"data":"Pommel Strike","floor":32,"key":"SMITH"},{"data":"Apotheosis","floor":40,"key":"SMITH"}],"neow_cost":"NONE","seed_source_timestamp":257846930521338,"circlet_count":0,"master_deck":["AscendersBane","Defend_R","Defend_R","Defend_R","Defend_R","Bash","Pommel Strike","Pommel Strike+1","Anger+1","True Grit+1","Clothesline+1","Impervious","Spot Weakness+1","Immolate+1","Clothesline","Ghostly Armor","True Grit+1","Body Slam+1","Spot Weakness","Uppercut+1","Immolate","Barricade+1","Sever Soul+1","Hemokinesis+1","Flame Barrier+1","Apotheosis+1"],"relics":["Burning Blood","NeowsBlessing","Du-Vu Doll","The Courier","FossilizedHelix","Velvet Choker","ClockworkSouvenir","Happy Flower","Ginger","Singing Bowl","Smiling Mask","Astrolabe","Girya","Vajra"],"potions_floor_usage":[16,22,25,28,33,35],"damage_taken":[{"damage":0,"enemies":"Jaw Worm","floor":1,"turns":1},{"damage":0,"enemies":"Small Slimes","floor":2,"turns":1},{"damage":0,"enemies":"Cultist","floor":3,"turns":1},{"damage":19,"enemies":"Blue Slaver","floor":4,"turns":4},{"damage":20,"enemies":"Exordium Wildlife","floor":8,"turns":5},{"damage":8,"enemies":"Gremlin Nob","floor":10,"turns":3},{"damage":0,"enemies":"Exordium Thugs","floor":14,"turns":4},{"damage":25,"enemies":"Slime Boss","floor":16,"turns":10},{"damage":0,"enemies":"Spheric Guardian","floor":18,"turns":3},{"damage":8,"enemies":"Shell Parasite","floor":19,"turns":5},{"damage":14,"enemies":"Centurion and Healer","floor":21,"turns":6},{"damage":12,"enemies":"Snake Plant","floor":22,"turns":5},{"damage":12,"enemies":"Chosen and Byrds","floor":24,"turns":6},{"damage":0,"enemies":"Colosseum Slavers","floor":25,"turns":2},{"damage":10,"enemies":"Colosseum Nobs","floor":25,"turns":4},{"damage":0,"enemies":"Centurion and Healer","floor":27,"turns":6},{"damage":0,"enemies":"Cultist and Chosen","floor":28,"turns":5},{"damage":0,"enemies":"Snake Plant","floor":30,"turns":4},{"damage":8,"enemies":"Centurion and Healer","floor":31,"turns":7},{"damage":26,"enemies":"Collector","floor":33,"turns":10},{"damage":20,"enemies":"3 Darklings","floor":35,"turns":5},{"damage":0,"enemies":"Mind Bloom Boss Battle","floor":36,"turns":6},{"damage":0,"enemies":"Orb Walker","floor":38,"turns":2},{"damage":82,"enemies":"Giant Head","floor":41,"turns":8}],"seed_played":"-2151266242574600540","potions_obtained":[{"floor":8,"key":"Swift Potion"},{"floor":14,"key":"BloodPotion"},{"floor":19,"key":"Regen Potion"},{"floor":24,"key":"FearPotion"},{"floor":27,"key":"Explosive Potion"},{"floor":30,"key":"EssenceOfSteel"},{"floor":33,"key":"SpeedPotion"}],"is_trial":false,"path_per_floor":["M","M","M","M","?","R","$","M","T","E","R","?","R","M","R","B",null,"M","M","$","M","M","R","M","?","T","M","M","R","M","M","R","B",null,"M","?","?","M","$","R","E"],"character_chosen":"IRONCLAD","items_purchased":["True Grit","ClockworkSouvenir","Happy Flower","Apotheosis","Vajra"],"campfire_rested":0,"item_purchase_floors":[20,20,20,39,39],"current_hp_per_floor":[74,75,75,62,51,51,51,37,37,35,35,35,35,41,41,29,64,70,68,68,60,63,63,57,59,59,67,75,75,79,79,79,59,76,62,70,70,78,78,78,0],"gold":6,"neow_bonus":"THREE_ENEMY_KILL","is_prod":false,"is_daily":false,"chose_seed":false,"campfire_upgraded":8,"win_rate":0,"timestamp":1560664331,"path_taken":["M","M","M","M","?","R","$","M","T","E","R","?","R","M","R","BOSS","M","?","$","M","M","R","M","?","T","M","M","R","M","M","R","BOSS","M","?","?","M","$","R","E"],"build_version":"2019-01-23","purchased_purges":2,"victory":false,"max_hp_per_floor":[75,75,75,75,75,75,75,75,75,75,75,75,75,75,75,75,75,75,75,75,75,75,75,75,75,75,77,79,79,79,81,81,81,81,81,83,83,85,85,85,85],"card_choices":[{"not_picked":["Heavy Blade","Armaments"],"picked":"Pommel Strike","floor":1},{"not_picked":["Hemokinesis","Reckless Charge"],"picked":"Pommel Strike","floor":2},{"not_picked":["Fire Breathing","Thunderclap"],"picked":"Anger","floor":3},{"not_picked":["Iron Wave","Anger"],"picked":"True Grit","floor":4},{"not_picked":["Fire Breathing","Dropkick"],"picked":"Clothesline","floor":8},{"not_picked":["Heavy Blade","Iron Wave"],"picked":"Impervious","floor":10},{"not_picked":["Clothesline","Iron Wave"],"picked":"Spot Weakness","floor":14},{"not_picked":["Juggernaut","Fiend Fire"],"picked":"Immolate","floor":16},{"not_picked":["Second Wind","Iron Wave"],"picked":"Clothesline","floor":18},{"not_picked":["Wild Strike","Double Tap"],"picked":"Ghostly Armor","floor":19},{"not_picked":["Fire Breathing+1","Cleave","Iron Wave"],"picked":"SKIP","floor":21},{"not_picked":["Twin Strike","Heavy Blade"],"picked":"Body Slam+1","floor":22},{"not_picked":["Armaments","Rupture"],"picked":"Barricade","floor":24},{"not_picked":["Rupture+1","Anger+1"],"picked":"Spot Weakness","floor":25},{"not_picked":["Thunderclap","Warcry","Body Slam"],"picked":"Singing Bowl","floor":27},{"not_picked":["Clothesline","Armaments","Perfected Strike"],"picked":"Singing Bowl","floor":28},{"not_picked":["Pummel","Armaments"],"picked":"Uppercut+1","floor":30},{"not_picked":["Pommel Strike","Whirlwind+1","Armaments"],"picked":"Singing Bowl","floor":31},{"not_picked":["Brutality","Dark Embrace"],"picked":"Immolate","floor":33},{"not_picked":["Armaments","Clash+1"],"picked":"Flame Barrier","floor":35},{"not_picked":["Sword Boomerang","Pommel Strike+1","Twin Strike"],"picked":"Singing Bowl","floor":36},{"not_picked":["True Grit","Combust","Body Slam"],"picked":"Singing Bowl","floor":38}],"player_experience":1018810,"relics_obtained":[{"floor":9,"key":"Du-Vu Doll"},{"floor":10,"key":"The Courier"},{"floor":25,"key":"Ginger"},{"floor":25,"key":"Singing Bowl"},{"floor":26,"key":"Smiling Mask"},{"floor":36,"key":"Girya"}],"event_choices":[{"damage_healed":0,"gold_gain":75,"player_choice":"Gather Gold","damage_taken":11,"max_hp_gain":0,"max_hp_loss":0,"event_name":"World of Goop","floor":5,"gold_loss":0},{"damage_healed":0,"gold_gain":0,"player_choice":"Gave Potion","damage_taken":0,"relics_obtained":["FossilizedHelix"],"max_hp_gain":0,"max_hp_loss":0,"event_name":"WeMeetAgain","floor":12,"gold_loss":0},{"damage_healed":0,"gold_gain":0,"player_choice":"Fight","damage_taken":0,"max_hp_gain":0,"max_hp_loss":0,"event_name":"Colosseum","floor":25,"gold_loss":0},{"damage_healed":0,"gold_gain":0,"player_choice":"Fought Nobs","damage_taken":0,"max_hp_gain":0,"max_hp_loss":0,"event_name":"Colosseum","floor":25,"gold_loss":0},{"damage_healed":0,"gold_gain":0,"player_choice":"Fight","damage_taken":0,"max_hp_gain":0,"max_hp_loss":0,"event_name":"MindBloom","floor":36,"gold_loss":0},{"cards_removed":["Barricade"],"damage_healed":0,"gold_gain":0,"player_choice":"Upgrade and Remove","damage_taken":0,"max_hp_gain":0,"max_hp_loss":0,"event_name":"Designer","floor":37,"gold_loss":110,"cards_upgraded":["Flame Barrier"]}],"is_beta":false,"boss_relics":[{"not_picked":["Black Star","Pandora\u0027s Box"],"picked":"Velvet Choker"},{"not_picked":["Runic Pyramid","Eternal Feather"],"picked":"Astrolabe"}],"items_purged_floors":[7,39],"is_endless":false,"potions_floor_spawned":[8,14,19,24,25,27,30,33],"killed_by":"Giant Head","ascension_level":18}