{"gold_per_floor":[10,23,33,48,48,48,77,2,28,53,70,70,85,33,33,136,136,146,146,157,168,168,168,198,214,214,8,8,23,23,57,57,153,153,163,73,86,103,119,119,19,30,75,75,75,25,25,35,35,35],"floor_reached":51,"playtime":2466,"items_purged":["Strike_R","Bash"],"score":933,"play_id":"ef499b5e-6a66-45dc-9605-b68ed214e17e","local_time":"20190212204239","is_ascension_mode":true,"campfire_choices":[{"data":"Madness","floor":6,"key":"SMITH"},{"data":"Armaments","floor":15,"key":"SMITH"},{"data":"Double Tap","floor":23,"key":"SMITH"},{"data":"Reaper","floor":28,"key":"SMITH"},{"data":"Shrug It Off","floor":30,"key":"SMITH"},{"data":"Strike_R","floor":32,"key":"PURGE"},{"data":"Demon Form","floor":40,"key":"SMITH"},{"floor":49,"key":"REST"}],"neow_cost":"NO_GOLD","seed_source_timestamp":143740192952025,"circlet_count":0,"master_deck":["Defend_R","Defend_R","Defend_R","Shrug It Off+1","Clash","Uppercut+1","Cleave","Rampage","Fiend Fire+1","Madness+1","Intimidate","Reaper+1","Armaments+1","Double Tap+1","Power Through","Clothesline+1","Demon Form+1","Heavy Blade+1","Heavy Blade","Disarm+1","Power Through","Madness","Madness","Shrug It Off","Mind Blast","Pommel Strike+1"],"relics":["Burning Blood","Anchor","Pen Nib","Bronze Scales","Velvet Choker","Red Mask","Darkstone Periapt","Brimstone","Peace Pipe","Sozu","Juzu Bracelet"],"potions_floor_usage":[16,50,50,50],"damage_taken":[{"damage":0,"enemies":"Small Slimes","floor":1,"turns":3},{"damage":5,"enemies":"Cultist","floor":2,"turns":4},{"damage":2,"enemies":"Jaw Worm","floor":3,"turns":3},{"damage":11,"enemies":"Blue Slaver","floor":4,"turns":4},{"damage":14,"enemies":"3 Sentries","floor":7,"turns":8},{"damage":5,"enemies":"Gremlin Nob","floor":10,"turns":3},{"damage":0,"enemies":"3 Louse","floor":11,"turns":3},{"damage":0,"enemies":"Red Slaver","floor":13,"turns":2},{"damage":39,"enemies":"Slime Boss","floor":16,"turns":11},{"damage":10,"enemies":"3 Byrds","floor":18,"turns":4},{"damage":8,"enemies":"Spheric Guardian","floor":20,"turns":4},{"damage":4,"enemies":"Centurion and Healer","floor":21,"turns":6},{"damage":29,"enemies":"Masked Bandits","floor":24,"turns":5},{"damage":2,"enemies":"Snecko","floor":25,"turns":3},{"damage":12,"enemies":"3 Cultists","floor":29,"turns":4},{"damage":21,"enemies":"Slavers","floor":31,"turns":4},{"damage":71,"enemies":"Champ","floor":33,"turns":8},{"damage":0,"enemies":"Orb Walker","floor":35,"turns":2},{"damage":4,"enemies":"3 Darklings","floor":37,"turns":4},{"damage":0,"enemies":"Sphere and 2 Shapes","floor":38,"turns":3},{"damage":23,"enemies":"Jaw Worm Horde","floor":39,"turns":3},{"damage":40,"enemies":"Maw","floor":42,"turns":6},{"damage":13,"enemies":"3 Darklings","floor":48,"turns":4},{"damage":92,"enemies":"Awakened One","floor":50,"turns":6}],"seed_played":"-8201761977431657489","potions_obtained":[{"floor":1,"key":"EntropicBrew"},{"floor":2,"key":"GamblersBrew"},{"floor":3,"key":"Fire Potion"},{"floor":18,"key":"PowerPotion"},{"floor":31,"key":"BloodPotion"}],"is_trial":false,"path_per_floor":["M","M","M","M","?","R","E","$","T","E","M","?","M","$","R","B",null,"M","?","M","M","?","R","?","M","T","$","R","M","R","E","R","B",null,"M","?","M","M","M","R","$","M","T","?","?","$","?","M","R","B",null],"character_chosen":"IRONCLAD","items_purchased":["Armaments","Brimstone","Shrug It Off"],"campfire_rested":1,"item_purchase_floors":[14,27,46],"current_hp_per_floor":[78,79,80,75,75,75,67,67,67,68,74,67,79,79,79,55,74,70,70,68,80,65,65,45,52,52,52,52,79,79,84,84,38,73,79,79,81,85,68,68,68,55,55,55,44,44,44,68,85,7],"gold":35,"neow_bonus":"REMOVE_TWO","is_prod":false,"is_daily":false,"chose_seed":false,"campfire_upgraded":6,"win_rate":0,"timestamp":1550022159,"path_taken":["M","M","M","M","?","R","E","?","T","E","M","?","M","?","R","BOSS","M","?","?","M","?","R","?","M","T","$","R","M","R","E","R","BOSS","M","?","M","M","?","R","$","M","T","?","?","?","?","M","R","BOSS"],"build_version":"2019-01-23","purchased_purges":2,"victory":true,"max_hp_per_floor":[80,80,80,80,80,80,80,80,80,80,80,80,80,80,80,80,80,80,80,80,80,85,85,85,85,85,85,85,85,85,85,85,85,85,85,85,85,85,85,85,85,85,85,85,85,85,85,85,85,85],"card_choices":[{"not_picked":["Dropkick","Perfected Strike"],"picked":"Shrug It Off","floor":1},{"not_picked":["Blood for Blood","Whirlwind"],"picked":"Clash","floor":2},{"not_picked":["Cleave","Armaments"],"picked":"Uppercut","floor":3},{"not_picked":["Headbutt","Havoc"],"picked":"Cleave","floor":4},{"not_picked":["Heavy Blade","Searing Blow"],"picked":"Intimidate","floor":7},{"not_picked":["Wild Strike","Feel No Pain","Perfected Strike"],"picked":"SKIP","floor":10},{"not_picked":["Battle Trance","Headbutt"],"picked":"Reaper","floor":11},{"not_picked":["Second Wind","Body Slam","Pummel"],"picked":"SKIP","floor":13},{"not_picked":["Dark Embrace","Bludgeon"],"picked":"Double Tap","floor":16},{"not_picked":["Intimidate","Twin Strike"],"picked":"Power Through","floor":18},{"not_picked":["Perfected Strike","Iron Wave","Sword Boomerang"],"picked":"SKIP","floor":20},{"not_picked":["Armaments","Perfected Strike+1","Havoc"],"picked":"SKIP","floor":21},{"not_picked":["Burning Pact","Sword Boomerang"],"picked":"Clothesline+1","floor":24},{"not_picked":["Intimidate","Entrench+1","Flex"],"picked":"SKIP","floor":25},{"not_picked":["Iron Wave","Perfected Strike","Bludgeon"],"picked":"SKIP","floor":29},{"not_picked":["Body Slam","Power Through","Double Tap"],"picked":"SKIP","floor":31},{"not_picked":["Juggernaut","Offering"],"picked":"Demon Form","floor":33},{"not_picked":["Warcry+1","Anger"],"picked":"Heavy Blade+1","floor":35},{"not_picked":["Feel No Pain","Sword Boomerang"],"picked":"Heavy Blade","floor":37},{"not_picked":["Flex","Sever Soul+1"],"picked":"Disarm+1","floor":38},{"not_picked":["Perfected Strike+1","Disarm","Flex"],"picked":"SKIP","floor":39},{"not_picked":["Armaments+1","Disarm+1"],"picked":"Power Through","floor":42},{"not_picked":["Deep Breath","Forethought"],"picked":"Mind Blast","floor":47},{"not_picked":["Blood for Blood","Twin Strike"],"picked":"Pommel Strike+1","floor":48}],"player_experience":238816,"relics_obtained":[{"floor":7,"key":"Anchor"},{"floor":9,"key":"Pen Nib"},{"floor":10,"key":"Bronze Scales"},{"floor":24,"key":"Red Mask"},{"floor":26,"key":"Darkstone Periapt"},{"floor":31,"key":"Peace Pipe"},{"floor":43,"key":"Juzu Bracelet"}],"event_choices":[{"damage_healed":0,"gold_gain":0,"player_choice":"3 cards matched","damage_taken":0,"max_hp_gain":0,"max_hp_loss":0,"event_name":"Match and Keep!","floor":5,"gold_loss":0,"cards_obtained":["Rampage","Fiend Fire","Madness"]},{"cards_removed":["Strike_R"],"damage_healed":0,"gold_gain":0,"player_choice":"Card Removal","damage_taken":7,"max_hp_gain":0,"max_hp_loss":0,"event_name":"Golden Wing","floor":12,"gold_loss":0},{"damage_healed":0,"gold_gain":0,"player_choice":"Upgraded","damage_taken":0,"max_hp_gain":0,"max_hp_loss":0,"event_name":"Upgrade Shrine","floor":19,"gold_loss":0,"cards_upgraded":["Uppercut"]},{"damage_healed":0,"gold_gain":0,"player_choice":"Shed Blood","damage_taken":20,"max_hp_gain":5,"max_hp_loss":0,"event_name":"Forgotten Altar","floor":22,"gold_loss":0},{"damage_healed":0,"gold_gain":0,"player_choice":"Fought Bandits","damage_taken":0,"max_hp_gain":0,"max_hp_loss":0,"event_name":"Masked Bandits","floor":24,"gold_loss":0},{"cards_removed":["Strike_R"],"damage_healed":0,"gold_gain":0,"player_choice":"Upgrade and Remove","damage_taken":0,"max_hp_gain":0,"max_hp_loss":0,"event_name":"Designer","floor":36,"gold_loss":90,"cards_upgraded":["Fiend Fire"]},{"damage_healed":0,"gold_gain":0,"player_choice":"Ignored","damage_taken":0,"max_hp_gain":0,"max_hp_loss":0,"event_name":"Mysterious Sphere","floor":44,"gold_loss":0},{"damage_healed":0,"gold_gain":0,"player_choice":"Embrace Madness","damage_taken":11,"max_hp_gain":0,"max_hp_loss":0,"event_name":"Winding Halls","floor":45,"gold_loss":0,"cards_obtained":["Madness","Madness"]},{"damage_healed":0,"gold_gain":0,"player_choice":"Memory 1","damage_taken":0,"max_hp_gain":0,"max_hp_loss":0,"event_name":"SensoryStone","floor":47,"gold_loss":0}],"is_beta":false,"boss_relics":[{"not_picked":["Empty Cage","Coffee Dripper"],"picked":"Velvet Choker"},{"not_picked":["Pandora\u0027s Box","Tiny House"],"picked":"Sozu"}],"items_purged_floors":[8,41],"is_endless":false,"potions_floor_spawned":[1,2,3,13,18,21,31,38,42,48],"ascension_level":7}