{"gold_per_floor":[11,11,24,174,190,190,209,209,257,86,105,156,156,170,170,170],"floor_reached":16,"playtime":613,"items_purged":[],"score":161,"play_id":"2b45bab2-77f0-4ac9-9493-93c70b040b2c","local_time":"20190503115523","is_ascension_mode":true,"campfire_choices":[{"data":"Clothesline","floor":6,"key":"SMITH"},{"data":"Iron Wave","floor":8,"key":"SMITH"},{"data":"Mayhem","floor":13,"key":"SMITH"},{"floor":15,"key":"REST"}],"neow_cost":"NO_GOLD","seed_source_timestamp":575140841854169,"circlet_count":0,"master_deck":["AscendersBane","Strike_R","Strike_R","Strike_R","Strike_R","Strike_R+1","Defend_R+1","Defend_R","Defend_R+1","Defend_R","Bash+1","Clothesline+1","Iron Wave+1","Doubt","Iron Wave","Mayhem+1","Perfected Strike"],"relics":["Burning Blood","War Paint"],"potions_floor_usage":[11,16],"damage_taken":[{"damage":2,"enemies":"2 Louse","floor":1,"turns":4},{"damage":7,"enemies":"Small Slimes","floor":3,"turns":4},{"damage":0,"enemies":"Cultist","floor":5,"turns":3},{"damage":44,"enemies":"Lots of Slimes","floor":7,"turns":6},{"damage":10,"enemies":"Exordium Thugs","floor":11,"turns":6},{"damage":8,"enemies":"2 Fungi Beasts","floor":14,"turns":4},{"damage":53,"enemies":"Slime Boss","floor":16,"turns":12}],"seed_played":"1172810433270416139","potions_obtained":[{"floor":3,"key":"Swift Potion"},{"floor":5,"key":"Weak Potion"}],"is_trial":false,"path_per_floor":["M","?","M","?","M","R","M","R","T","$","M","?","R","M","R","B"],"character_chosen":"IRONCLAD","items_purchased":["Mayhem"],"campfire_rested":1,"item_purchase_floors":[10],"current_hp_per_floor":[86,59,58,58,64,64,26,26,26,26,22,22,22,20,46,0],"gold":170,"neow_bonus":"TWENTY_PERCENT_HP_BONUS","is_prod":false,"is_daily":false,"chose_seed":false,"campfire_upgraded":3,"win_rate":0,"timestamp":1556909723,"path_taken":["M","?","M","?","M","R","M","R","T","$","M","?","R","M","R","BOSS"],"build_version":"2019-01-23","purchased_purges":0,"victory":false,"max_hp_per_floor":[89,89,89,89,89,89,89,89,89,89,89,89,89,89,89,89],"card_choices":[{"not_picked":["Cleave","Body Slam"],"picked":"Clothesline","floor":1},{"not_picked":["True Grit","Sentinel"],"picked":"Iron Wave","floor":3},{"not_picked":["Havoc","Second Wind"],"picked":"Iron Wave","floor":5},{"not_picked":["Clash","Second Wind","Armaments"],"picked":"SKIP","floor":7},{"not_picked":["Heavy Blade","Evolve","True Grit"],"picked":"SKIP","floor":11},{"not_picked":["Bloodletting","Uppercut"],"picked":"Perfected Strike","floor":14}],"player_experience":876236,"relics_obtained":[{"floor":9,"key":"War Paint"}],"event_choices":[{"damage_healed":0,"gold_gain":0,"player_choice":"Entered Light","damage_taken":27,"max_hp_gain":0,"max_hp_loss":0,"event_name":"Shining Light","floor":2,"gold_loss":0,"cards_upgraded":["Bash","Strike_R"]},{"damage_healed":0,"gold_gain":150,"player_choice":"AGREE","damage_taken":0,"max_hp_gain":0,"max_hp_loss":0,"event_name":"Liars Game","floor":4,"gold_loss":0,"cards_obtained":["Doubt"]},{"damage_healed":0,"gold_gain":51,"player_choice":"Gained Gold","damage_taken":0,"max_hp_gain":0,"max_hp_loss":0,"event_name":"Golden Wing","floor":12,"gold_loss":0}],"is_beta":false,"boss_relics":[],"items_purged_floors":[],"is_endless":false,"potions_floor_spawned":[3,5],"killed_by":"Slime Boss","ascension_level":15}