{"gold_per_floor":[12,23,41,53,53,53,85,105,178,178,204,217,250,268,268,368,368,383,60,71,71,71,71,97,97],"floor_reached":25,"playtime":1140,"items_purged":["Strike_G"],"score":315,"play_id":"712c62b5-0a02-4ce7-88e3-877ffaf22cf7","local_time":"20190216113403","is_ascension_mode":true,"campfire_choices":[{"data":"Sucker Punch","floor":6,"key":"SMITH"},{"floor":10,"key":"REST"},{"floor":15,"key":"REST"},{"data":"Envenom","floor":23,"key":"SMITH"}],"neow_cost":"NO_GOLD","seed_source_timestamp":58179186135271,"circlet_count":0,"master_deck":["Defend_G","Defend_G","Defend_G","Defend_G","Defend_G","Strike_G","Strike_G","Strike_G","Strike_G","Survivor","Neutralize","Bandage Up","Trip","Sucker Punch+1","Flying Knee","Blade Dance","Envenom+1","Masterful Stab","Dagger Spray","Catalyst","Blade Dance","Envenom","Dash","Backstab","Well Laid Plans","Riddle With Holes","Die Die Die","Choke+1","Dash+1","Writhe","Die Die Die"],"relics":["Ring of the Snake","Prayer Wheel","Bottled Tornado","Odd Mushroom","Peace Pipe","Black Star","Bag of Marbles","Anchor","StoneCalendar"],"potions_floor_usage":[16,16,18,25],"damage_taken":[{"damage":1,"enemies":"Jaw Worm","floor":1,"turns":5},{"damage":0,"enemies":"Small Slimes","floor":2,"turns":4},{"damage":0,"enemies":"2 Louse","floor":3,"turns":3},{"damage":2,"enemies":"Red Slaver","floor":4,"turns":5},{"damage":37,"enemies":"3 Sentries","floor":7,"turns":10},{"damage":8,"enemies":"Exordium Wildlife","floor":8,"turns":4},{"damage":18,"enemies":"The Mushroom Lair","floor":11,"turns":4},{"damage":2,"enemies":"Blue Slaver","floor":12,"turns":3},{"damage":22,"enemies":"Gremlin Nob","floor":13,"turns":4},{"damage":0,"enemies":"3 Louse","floor":14,"turns":2},{"damage":4,"enemies":"Slime Boss","floor":16,"turns":8},{"damage":12,"enemies":"Chosen","floor":18,"turns":5},{"damage":12,"enemies":"3 Byrds","floor":20,"turns":4},{"damage":22,"enemies":"Slavers","floor":24,"turns":4},{"damage":31,"enemies":"Shelled Parasite and Fungi","floor":25,"turns":4}],"seed_played":"3022588023286066651","potions_obtained":[{"floor":1,"key":"Swift Potion"},{"floor":7,"key":"Block Potion"},{"floor":13,"key":"EssenceOfSteel"},{"floor":14,"key":"EssenceOfSteel"},{"floor":20,"key":"Block Potion"}],"is_trial":false,"path_per_floor":["M","M","M","M","$","R","E","M","T","R","?","M","E","M","R","B",null,"M","$","M","?","$","R","E","M"],"character_chosen":"THE_SILENT","items_purchased":["Well Laid Plans","Riddle With Holes","Die Die Die"],"campfire_rested":2,"item_purchase_floors":[19,19,19],"current_hp_per_floor":[66,70,70,70,70,70,37,33,33,54,40,38,20,20,41,41,63,55,55,43,43,43,43,25,0],"gold":97,"neow_bonus":"RANDOM_COLORLESS_2","is_prod":false,"is_daily":false,"chose_seed":false,"campfire_upgraded":2,"win_rate":0,"timestamp":1550334843,"path_taken":["M","M","M","M","$","R","E","M","T","R","?","M","E","M","R","BOSS","M","$","M","?","$","R","E","M"],"build_version":"2019-01-23","purchased_purges":1,"victory":false,"max_hp_per_floor":[70,70,70,70,70,70,70,70,70,70,70,70,70,70,70,70,70,70,70,70,70,70,70,70,70],"card_choices":[{"not_picked":["Quick Slash","Finisher"],"picked":"Sucker Punch","floor":1},{"not_picked":["Calculated Gamble","Sucker Punch","Quick Slash"],"picked":"SKIP","floor":2},{"not_picked":["Outmaneuver","Dodge and Roll"],"picked":"Flying Knee","floor":3},{"not_picked":["Deflect","Venomology"],"picked":"Blade Dance","floor":4},{"not_picked":["Dodge and Roll","Cloak And Dagger"],"picked":"Envenom","floor":7},{"not_picked":["Underhanded Strike","Dodge and Roll"],"picked":"Masterful Stab","floor":8},{"not_picked":["Outmaneuver","Prepared","Slice"],"picked":"SKIP","floor":8},{"not_picked":["Crippling Poison","Outmaneuver"],"picked":"Dagger Spray","floor":11},{"not_picked":["Distraction","Flying Knee","Deflect"],"picked":"SKIP","floor":12},{"not_picked":["Deflect","Outmaneuver","Deadly Poison"],"picked":"SKIP","floor":12},{"not_picked":["Sucker Punch","Outmaneuver","Deflect"],"picked":"SKIP","floor":13},{"not_picked":["Storm of Steel","All Out Attack"],"picked":"Catalyst","floor":14},{"not_picked":["Poisoned Stab","Dodge and Roll"],"picked":"Blade Dance","floor":14},{"not_picked":["Malaise","Tools of the Trade"],"picked":"Envenom","floor":16},{"not_picked":["Cloak And Dagger","PiercingWail"],"picked":"Dash","floor":18},{"not_picked":["Reflex+1","Poisoned Stab"],"picked":"Backstab","floor":18},{"not_picked":["Outmaneuver","Dagger Throw"],"picked":"Choke+1","floor":20},{"not_picked":["Dodge and Roll","Deadly Poison"],"picked":"Dash+1","floor":20},{"not_picked":["Quick Slash","Cloak And Dagger"],"picked":"Die Die Die","floor":24}],"player_experience":263008,"relics_obtained":[{"floor":7,"key":"Prayer Wheel"},{"floor":9,"key":"Bottled Tornado"},{"floor":11,"key":"Odd Mushroom"},{"floor":13,"key":"Peace Pipe"},{"floor":24,"key":"Anchor"},{"floor":24,"key":"StoneCalendar"}],"event_choices":[{"damage_healed":0,"gold_gain":0,"player_choice":"Fought Mushrooms","damage_taken":0,"max_hp_gain":0,"max_hp_loss":0,"event_name":"Mushrooms","floor":11,"gold_loss":0},{"damage_healed":0,"gold_gain":0,"player_choice":"Opened","damage_taken":0,"relics_obtained":["Bag of Marbles"],"max_hp_gain":0,"max_hp_loss":0,"event_name":"The Mausoleum","floor":21,"gold_loss":0,"cards_obtained":["Writhe"]}],"is_beta":false,"boss_relics":[{"not_picked":["Snecko Eye","Eternal Feather"],"picked":"Black Star"}],"items_purged_floors":[19],"is_endless":false,"potions_floor_spawned":[1,7,13,14,20],"killed_by":"Shelled Parasite and Fungi","ascension_level":7}