{"gold_per_floor":[117,117,117,133,152,152,183,183,209,209,223,248,260,252],"floor_reached":14,"playtime":349,"items_purged":[],"score":186,"play_id":"0904ce97-d5b7-4c45-ab6e-23154c8e8865","local_time":"20190619190120","is_ascension_mode":true,"campfire_choices":[{"data":"Go for the Eyes","floor":6,"key":"SMITH"},{"data":"Recycle","floor":8,"key":"SMITH"},{"data":"Cold Snap","floor":10,"key":"SMITH"}],"neow_cost":"NONE","seed_source_timestamp":591063706957663,"circlet_count":0,"master_deck":["AscendersBane","Strike_B","Strike_B","Strike_B","Strike_B","Defend_B+1","Defend_B","Defend_B","Defend_B+1","Zap","Dualcast","Cold Snap+1","Sweeping Beam","Go for the Eyes+1","Recycle+1","Sunder","Ball Lightning","Doubt"],"relics":["Cracked Core","NeowsBlessing","Bronze Scales","Question Card","War Paint","MawBank"],"potions_floor_usage":[12,14],"damage_taken":[{"damage":0,"enemies":"2 Louse","floor":1,"turns":1},{"damage":0,"enemies":"Cultist","floor":4,"turns":1},{"damage":0,"enemies":"Small Slimes","floor":5,"turns":1},{"damage":40,"enemies":"3 Sentries","floor":7,"turns":7},{"damage":0,"enemies":"Red Slaver","floor":11,"turns":3},{"damage":15,"enemies":"Lagavulin","floor":12,"turns":6},{"damage":17,"enemies":"Exordium Thugs","floor":14,"turns":1}],"seed_played":"6799765876696127590","potions_obtained":[{"floor":5,"key":"GamblersBrew"},{"floor":12,"key":"SteroidPotion"}],"is_trial":false,"path_per_floor":["M","?","?","M","M","R","E","R","T","R","M","E","?","M"],"character_chosen":"DEFECT","items_purchased":[],"campfire_rested":0,"item_purchase_floors":[],"current_hp_per_floor":[64,64,64,64,64,64,24,24,24,24,24,9,9,0],"gold":252,"neow_bonus":"THREE_ENEMY_KILL","is_prod":false,"is_daily":false,"chose_seed":false,"campfire_upgraded":3,"win_rate":0,"timestamp":1560996080,"path_taken":["M","?","?","M","M","R","E","R","T","R","M","E","?","M"],"build_version":"2019-01-23","purchased_purges":0,"victory":false,"max_hp_per_floor":[71,71,71,71,71,71,71,71,71,71,71,71,71,71],"card_choices":[{"not_picked":["Beam Cell","Skim"],"picked":"Cold Snap","floor":1},{"not_picked":["Barrage","Rebound"],"picked":"Sweeping Beam","floor":4},{"not_picked":["Streamline","Barrage"],"picked":"Go for the Eyes","floor":5},{"not_picked":["Gash","Hello World"],"picked":"Recycle","floor":7},{"not_picked":["BootSequence","Steam","Compile Driver"],"picked":"Sunder","floor":11},{"not_picked":["Rebound","Sunder","Gash"],"picked":"Ball Lightning","floor":12}],"player_experience":1039747,"relics_obtained":[{"floor":7,"key":"Question Card"},{"floor":9,"key":"War Paint"},{"floor":12,"key":"MawBank"}],"event_choices":[{"damage_healed":0,"gold_gain":0,"player_choice":"Ignored","damage_taken":0,"max_hp_gain":0,"max_hp_loss":0,"event_name":"Golden Wing","floor":2,"gold_loss":0},{"damage_healed":0,"gold_gain":0,"player_choice":"Box","damage_taken":0,"relics_obtained":["Bronze Scales"],"max_hp_gain":0,"max_hp_loss":0,"event_name":"Big Fish","floor":3,"gold_loss":0,"cards_obtained":["Regret"]},{"damage_healed":0,"gold_gain":0,"cards_transformed":["Regret"],"player_choice":"Transformed","damage_taken":0,"max_hp_gain":0,"max_hp_loss":0,"event_name":"Transmorgrifier","floor":13,"gold_loss":0,"cards_obtained":["Doubt"]}],"is_beta":false,"boss_relics":[],"items_purged_floors":[],"is_endless":false,"potions_floor_spawned":[5,12],"killed_by":"Exordium Thugs","ascension_level":18}