{"gold_per_floor":[115,135,155,155,155,155,4,4,79,79,109,109,121,146,146,244,244,263,281,297,312,312,312,312,312,312,312,326,360,380,380],"floor_reached":31,"playtime":1912,"items_purged":["Strike_B"],"score":255,"play_id":"a5b05cf4-12dc-4b7a-b600-72f0e85eb0ab","local_time":"20190513154643","is_ascension_mode":false,"campfire_choices":[{"data":"Dualcast","floor":6.0,"key":"SMITH"},{"data":"Zap","floor":8.0,"key":"SMITH"},{"floor":10,"key":"REST"},{"data":"Chaos","floor":15,"key":"SMITH"},{"floor":23,"key":"REST"},{"floor":25,"key":"REST"},{"data":"Redo","floor":27,"key":"SMITH"}],"neow_cost":"PERCENT_DAMAGE","seed_source_timestamp":0,"circlet_count":0,"master_deck":["Strike_B","Strike_B","Defend_B","Defend_B","Defend_B","Zap+1","Dualcast+1","Coolheaded","Chaos+1","Cold Snap","Chill","Rainbow","Sweeping Beam","Redo+1","Darkness","Multi-Cast","Compile Driver","Ball Lightning","Fusion"],"special_seed":0,"relics":["Cracked Core","Peace Pipe","Mummified Hand","Nunchaku","Pear","Pen Nib","Busted Crown","Meat on the Bone","Cables"],"potions_floor_usage":[16,21,21,28,31],"damage_taken":[{"damage":1.0,"enemies":"Cultist","floor":1.0,"turns":3.0},{"damage":6.0,"enemies":"Jaw Worm","floor":2.0,"turns":3.0},{"damage":0.0,"enemies":"2 Louse","floor":3.0,"turns":2.0},{"damage":0,"enemies":"Looter","floor":13,"turns":2},{"damage":23,"enemies":"Lagavulin","floor":14,"turns":7},{"damage":34,"enemies":"The Guardian","floor":16,"turns":14},{"damage":0,"enemies":"Chosen","floor":18,"turns":4},{"damage":22,"enemies":"3 Byrds","floor":19,"turns":5},{"damage":16,"enemies":"Snake Plant","floor":20,"turns":3},{"damage":34,"enemies":"Chosen and Byrds","floor":21,"turns":10},{"damage":8,"enemies":"3 Cultists","floor":28,"turns":4},{"damage":37,"enemies":"Gremlin Leader","floor":29,"turns":7},{"damage":19,"enemies":"Centurion and Healer","floor":30,"turns":3},{"damage":30,"enemies":"Slavers","floor":31,"turns":3}],"seed_played":"-1214556399792744585","potions_obtained":[{"floor":1.0,"key":"Fire Potion"},{"floor":14,"key":"Energy Potion"},{"floor":19,"key":"Dexterity Potion"},{"floor":20,"key":"FearPotion"},{"floor":21,"key":"Explosive Potion"},{"floor":30,"key":"FearPotion"}],"is_trial":false,"path_per_floor":["M","M","M","T","?","R","$","R","T","R","?","T","M","E","R","B",null,"M","M","M","M","?","R","?","R","T","R","M","E","M","E"],"character_chosen":"DEFECT","items_purchased":["Chill"],"campfire_rested":3,"item_purchase_floors":[7],"current_hp_per_floor":[53,47,47,47,47,47,47,47,47,69,69,79,79,56,56,22,85,85,63,47,13,13,38,38,63,63,63,55,30,23,0],"gold":380,"neow_bonus":"REMOVE_TWO","is_prod":false,"is_daily":false,"chose_seed":false,"campfire_upgraded":4,"win_rate":0,"timestamp":1557787603,"path_taken":["M","M","M","?","?","R","$","R","T","R","?","?","M","E","R","BOSS","M","M","M","M","?","R","?","R","T","R","M","E","M","E"],"build_version":"2019-01-23","purchased_purges":1,"victory":false,"max_hp_per_floor":[75,75,75,75,75,75,75,75,75,75,75,85,85,85,85,85,85,85,85,85,85,85,85,85,85,85,85,85,85,85,85],"card_choices":[{"not_picked":["Lockon","Barrage"],"picked":"Coolheaded","floor":1.0},{"not_picked":["Beam Cell","Go for the Eyes"],"picked":"Chaos","floor":2.0},{"not_picked":["Turbo","Undo"],"picked":"Cold Snap","floor":3.0},{"not_picked":["Reinforced Body","Static Discharge"],"picked":"Consume","floor":13},{"not_picked":["Skim","Consume"],"picked":"Chaos","floor":14},{"not_picked":["Core Surge","Biased Cognition"],"picked":"Rainbow","floor":16},{"not_picked":["Streamline"],"picked":"SKIP","floor":18},{"not_picked":[],"picked":"Sweeping Beam","floor":19},{"not_picked":[],"picked":"Redo","floor":20},{"not_picked":[],"picked":"Darkness","floor":21},{"not_picked":[],"picked":"Ball Lightning","floor":28},{"not_picked":["Gash"],"picked":"SKIP","floor":29},{"not_picked":[],"picked":"Fusion","floor":30}],"player_experience":182590,"relics_obtained":[{"floor":4.0,"key":"Peace Pipe"},{"floor":9.0,"key":"Mummified Hand"},{"floor":12,"key":"Pear"},{"floor":14,"key":"Pen Nib"},{"floor":26,"key":"Meat on the Bone"},{"floor":29,"key":"Cables"}],"event_choices":[{"damage_healed":0.0,"max_hp_gain":0.0,"max_hp_loss":0.0,"gold_gain":0.0,"event_name":"Liars Game","player_choice":"Ignored","floor":5.0,"gold_loss":0.0,"damage_taken":0.0},{"damage_healed":0,"gold_gain":30,"player_choice":"Searched \u00272\u0027 times","damage_taken":0,"relics_obtained":["Nunchaku"],"max_hp_gain":0,"max_hp_loss":0,"event_name":"Dead Adventurer","floor":11,"gold_loss":0},{"damage_healed":0,"gold_gain":0,"cards_transformed":["Consume","Chaos"],"player_choice":"Became Test Subject","damage_taken":0,"max_hp_gain":0,"max_hp_loss":0,"event_name":"Drug Dealer","floor":22,"gold_loss":0,"cards_obtained":["Multi-Cast","Compile Driver"]},{"damage_healed":0,"gold_gain":0,"player_choice":"Ignored","damage_taken":0,"max_hp_gain":0,"max_hp_loss":0,"event_name":"Ghosts","floor":24,"gold_loss":0}],"is_beta":false,"boss_relics":[{"not_picked":["Calling Bell","Runic Pyramid"],"picked":"Busted Crown"}],"items_purged_floors":[7],"is_endless":false,"potions_floor_spawned":[1,14,19,20,21,30],"killed_by":"Slavers","ascension_level":0}