{"gold_per_floor":[212,212,212,227,152,152,180,6,31,55,92,117,129,154,166,178],"floor_reached":16,"playtime":671,"items_purged":["Strike_R"],"score":220,"play_id":"376f9fa5-a22d-4a3c-82f2-d733d5bff237","local_time":"20190409192414","is_ascension_mode":true,"campfire_choices":[{"data":"Whirlwind","floor":6,"key":"SMITH"},{"data":"Juggernaut","floor":13,"key":"SMITH"},{"data":"Entrench","floor":15,"key":"SMITH"}],"neow_cost":"NONE","seed_source_timestamp":0,"circlet_count":0,"master_deck":["AscendersBane","Strike_R+1","Strike_R","Strike_R","Defend_R","Defend_R","Defend_R","Defend_R","Bash+1","Anger","Whirlwind+1","Pommel Strike","Feed","Juggernaut+1","Entrench+1","Second Wind"],"special_seed":0,"relics":["Burning Blood","Smiling Mask","MawBank","Meat on the Bone"],"potions_floor_usage":[11,16],"damage_taken":[{"damage":5.0,"enemies":"2 Louse","floor":1.0,"turns":4.0},{"damage":4,"enemies":"Jaw Worm","floor":4,"turns":4},{"damage":25,"enemies":"3 Sentries","floor":7,"turns":7},{"damage":0,"enemies":"Cultist","floor":10,"turns":3},{"damage":40,"enemies":"Lagavulin","floor":11,"turns":6},{"damage":0,"enemies":"2 Fungi Beasts","floor":12,"turns":2},{"damage":2,"enemies":"Looter","floor":14,"turns":4},{"damage":45,"enemies":"Slime Boss","floor":16,"turns":7}],"seed_played":"-1947221038722735850","potions_obtained":[{"floor":4,"key":"Ancient Potion"},{"floor":10,"key":"BloodPotion"},{"floor":12,"key":"Block Potion"}],"is_trial":false,"path_per_floor":["M","?","?","M","$","R","E","$","T","M","E","M","R","M","R","B"],"character_chosen":"IRONCLAD","items_purchased":["Feed"],"campfire_rested":0,"item_purchase_floors":[8],"current_hp_per_floor":[69,69,46,48,48,48,29,29,29,35,11,29,29,45,45,0],"gold":178,"neow_bonus":"HUNDRED_GOLD","is_prod":false,"is_daily":false,"chose_seed":false,"campfire_upgraded":3,"win_rate":0,"timestamp":1554852254,"path_taken":["M","?","?","M","$","R","E","?","T","M","E","M","R","?","R","BOSS"],"build_version":"2019-01-23","purchased_purges":1,"victory":false,"max_hp_per_floor":[75,75,75,75,75,75,75,75,75,75,78,78,78,78,78,78],"card_choices":[{"not_picked":["Thunderclap","Twin Strike","Dual Wield"],"picked":"SKIP","floor":1},{"not_picked":["Cleave","Perfected Strike"],"picked":"Whirlwind","floor":4},{"not_picked":["Feel No Pain","Headbutt"],"picked":"Pommel Strike","floor":7},{"not_picked":["Twin Strike","Havoc","Infernal Blade"],"picked":"SKIP","floor":10},{"not_picked":["Disarm","Infernal Blade"],"picked":"Juggernaut","floor":11},{"not_picked":["Dual Wield","Flex"],"picked":"Entrench","floor":12},{"not_picked":["Pommel Strike","Shockwave"],"picked":"Second Wind","floor":14}],"player_experience":550514,"relics_obtained":[{"floor":7,"key":"Smiling Mask"},{"floor":9,"key":"MawBank"},{"floor":11,"key":"Meat on the Bone"}],"event_choices":[{"damage_healed":0,"gold_gain":0,"cards_transformed":["Strike_R"],"player_choice":"Change","damage_taken":0,"max_hp_gain":0,"max_hp_loss":0,"event_name":"Living Wall","floor":2,"gold_loss":0,"cards_obtained":["Anger"]},{"damage_healed":0,"gold_gain":0,"player_choice":"Entered Light","damage_taken":23,"max_hp_gain":0,"max_hp_loss":0,"event_name":"Shining Light","floor":3,"gold_loss":0,"cards_upgraded":["Strike_R","Bash"]}],"is_beta":false,"boss_relics":[],"items_purged_floors":[5],"is_endless":false,"potions_floor_spawned":[4,10,12],"killed_by":"Slime Boss","ascension_level":20}