{"gold_per_floor":[116,41,41,51,51,81,106,117,117,14,27,27,27],"floor_reached":13,"playtime":250,"items_purged":[],"score":189,"play_id":"e0a83427-68f9-43eb-a27b-0145600e4532","local_time":"20190503174402","is_ascension_mode":true,"campfire_choices":[],"neow_cost":"NONE","seed_source_timestamp":596422431623398,"circlet_count":0,"master_deck":["AscendersBane","Strike_B","Strike_B","Defend_B","Defend_B","Defend_B","Defend_B+1","Zap","Dualcast","Gash","Reprogram+1","Coolheaded","Scrape","Coolheaded+1","Genetic Algorithm+1"],"relics":["Cracked Core","NeowsBlessing","Blood Vial","PreservedInsect","Bag of Marbles","Toxic Egg 2"],"potions_floor_usage":[],"damage_taken":[{"damage":0,"enemies":"Jaw Worm","floor":1,"turns":1},{"damage":0,"enemies":"2 Louse","floor":4,"turns":1},{"damage":0,"enemies":"Lagavulin","floor":6,"turns":1},{"damage":10,"enemies":"Small Slimes","floor":8,"turns":4},{"damage":10,"enemies":"Looter","floor":11,"turns":3},{"damage":16,"enemies":"2 Fungi Beasts","floor":13,"turns":2}],"seed_played":"-793591654748388221","potions_obtained":[{"floor":4,"key":"Regen Potion"},{"floor":6,"key":"Weak Potion"}],"is_trial":false,"path_per_floor":["M","?","?","M","?","E","T","M","T","$","M","?","M"],"character_chosen":"DEFECT","items_purchased":["Scrape","Coolheaded+1"],"campfire_rested":0,"item_purchase_floors":[10,10],"current_hp_per_floor":[64,64,53,55,48,50,50,42,42,42,34,13,0],"gold":27,"neow_bonus":"THREE_ENEMY_KILL","is_prod":false,"is_daily":false,"chose_seed":false,"campfire_upgraded":0,"win_rate":0,"timestamp":1556930642,"path_taken":["M","?","?","M","?","E","?","M","T","?","?","?","M"],"build_version":"2019-01-23","purchased_purges":0,"victory":false,"max_hp_per_floor":[71,71,71,71,71,71,71,71,71,71,71,71,71],"card_choices":[{"not_picked":["Streamline","Storm"],"picked":"Gash","floor":1},{"not_picked":["Force Field","Redo"],"picked":"Reprogram","floor":4},{"not_picked":["Cold Snap","Steam"],"picked":"Coolheaded","floor":6},{"not_picked":["Ball Lightning","Cold Snap","Coolheaded"],"picked":"SKIP","floor":8},{"not_picked":["Redo+1","Stack+1"],"picked":"Genetic Algorithm+1","floor":11}],"player_experience":896514,"relics_obtained":[{"floor":6,"key":"PreservedInsect"},{"floor":7,"key":"Bag of Marbles"},{"floor":9,"key":"Toxic Egg 2"}],"event_choices":[{"cards_removed":["Strike_B"],"damage_healed":0,"gold_gain":0,"player_choice":"Card Removal","damage_taken":0,"max_hp_gain":0,"max_hp_loss":0,"event_name":"The Cleric","floor":2,"gold_loss":75},{"damage_healed":0,"gold_gain":0,"player_choice":"Success","damage_taken":11,"relics_obtained":["Blood Vial"],"max_hp_gain":0,"max_hp_loss":0,"event_name":"Scrap Ooze","floor":3,"gold_loss":0},{"cards_removed":["Strike_B"],"damage_healed":0,"gold_gain":0,"player_choice":"Card Removal","damage_taken":7,"max_hp_gain":0,"max_hp_loss":0,"event_name":"Golden Wing","floor":5,"gold_loss":0},{"damage_healed":0,"gold_gain":0,"player_choice":"Entered Light","damage_taken":21,"max_hp_gain":0,"max_hp_loss":0,"event_name":"Shining Light","floor":12,"gold_loss":0,"cards_upgraded":["Defend_B","Reprogram"]}],"is_beta":false,"boss_relics":[],"items_purged_floors":[],"is_endless":false,"potions_floor_spawned":[4,6,8],"killed_by":"2 Fungi Beasts","ascension_level":15}