{"gold_per_floor":[110,122,122,132,55,381,395,395,395,395,424,493,463,474,474,549,549,559,572,591,611,4,4,20,20],"floor_reached":25,"playtime":959,"items_purged":[],"score":383,"play_id":"0ba8260d-8bb8-4755-a9be-5a3074c303d5","local_time":"20190428131933","is_ascension_mode":true,"campfire_choices":[{"data":"Spot Weakness","floor":10,"key":"SMITH"},{"data":"Metallicize","floor":15,"key":"SMITH"},{"floor":23,"key":"REST"}],"neow_cost":"NONE","seed_source_timestamp":147844013809799,"circlet_count":0,"master_deck":["AscendersBane","Strike_R","Strike_R","Strike_R","Strike_R","Strike_R","Defend_R","Defend_R","Defend_R","Defend_R","Bash","Iron Wave","Anger","Clash","Spot Weakness+1","Iron Wave","Heavy Blade","Metallicize+1","Barricade","Armaments","Shrug It Off","Shrug It Off","Power Through","Enlightenment","Demon Form"],"relics":["Burning Blood","Oddly Smooth Stone","Old Coin","Mercury Hourglass","Art of War","Velvet Choker","Blood Vial","Potion Belt"],"potions_floor_usage":[8,11,11,11,16,20,20,24,24,24,25],"damage_taken":[{"damage":9,"enemies":"2 Louse","floor":1,"turns":3},{"damage":6,"enemies":"Cultist","floor":2,"turns":3},{"damage":6,"enemies":"Jaw Worm","floor":4,"turns":3},{"damage":16,"enemies":"3 Sentries","floor":6,"turns":8},{"damage":14,"enemies":"Blue Slaver","floor":7,"turns":3},{"damage":0,"enemies":"Lagavulin","floor":8,"turns":1},{"damage":1,"enemies":"Gremlin Nob","floor":11,"turns":3},{"damage":5,"enemies":"Looter","floor":14,"turns":2},{"damage":34,"enemies":"Slime Boss","floor":16,"turns":10},{"damage":16,"enemies":"Chosen","floor":18,"turns":5},{"damage":10,"enemies":"3 Byrds","floor":19,"turns":5},{"damage":27,"enemies":"Shelled Parasite and Fungi","floor":20,"turns":6},{"damage":27,"enemies":"3 Cultists","floor":21,"turns":6},{"damage":23,"enemies":"Centurion and Healer","floor":24,"turns":4},{"damage":24,"enemies":"Shelled Parasite and Fungi","floor":25,"turns":3}],"seed_played":"6640118332876677777","potions_obtained":[{"floor":3,"key":"SmokeBomb"},{"floor":3,"key":"EntropicBrew"},{"floor":13,"key":"SpeedPotion"},{"floor":13,"key":"Weak Potion"},{"floor":14,"key":"Poison Potion"},{"floor":16,"key":"EssenceOfSteel"},{"floor":19,"key":"Energy Potion"},{"floor":24,"key":"Fire Potion"}],"is_trial":false,"path_per_floor":["M","M","?","M","$","E","M","E","T","R","E","?","?","M","R","B",null,"M","M","M","M","$","R","M","M"],"character_chosen":"IRONCLAD","items_purchased":["Spot Weakness","Power Through","Blood Vial","Potion Belt","Fire Potion","GamblersBrew","Swift Potion","Enlightenment"],"campfire_rested":1,"item_purchase_floors":[5,22,22,22,22,22,22,22],"current_hp_per_floor":[65,65,65,65,65,55,47,53,53,53,58,58,58,59,59,31,64,54,50,29,8,8,30,15,0],"gold":20,"neow_bonus":"RANDOM_COMMON_RELIC","is_prod":false,"is_daily":false,"chose_seed":false,"campfire_upgraded":2,"win_rate":0,"timestamp":1556482773,"path_taken":["M","M","?","M","?","E","M","E","T","R","E","?","?","M","R","BOSS","M","?","M","M","$","R","M","?"],"build_version":"2019-01-23","purchased_purges":0,"victory":false,"max_hp_per_floor":[75,75,75,75,75,75,75,75,75,75,75,75,75,75,75,75,75,75,75,75,75,75,75,75,75],"card_choices":[{"not_picked":["True Grit","Sword Boomerang"],"picked":"Iron Wave","floor":1},{"not_picked":["Flex","Warcry"],"picked":"Anger","floor":2},{"not_picked":["Heavy Blade","Corruption"],"picked":"Clash","floor":4},{"not_picked":["Havoc","Blood for Blood","Clash"],"picked":"SKIP","floor":6},{"not_picked":["Cleave","Thunderclap"],"picked":"Iron Wave","floor":7},{"not_picked":["Cleave","Searing Blow"],"picked":"Heavy Blade","floor":11},{"not_picked":["Rupture","Spot Weakness"],"picked":"Metallicize","floor":14},{"not_picked":["Dark Embrace","Offering"],"picked":"Barricade","floor":16},{"not_picked":["Infernal Blade","Sword Boomerang"],"picked":"Armaments","floor":18},{"not_picked":["Dual Wield","Feel No Pain","Intimidate"],"picked":"SKIP","floor":19},{"not_picked":["Heavy Blade","Wild Strike"],"picked":"Shrug It Off","floor":20},{"not_picked":["Clothesline","Flex"],"picked":"Shrug It Off","floor":21},{"not_picked":["Havoc","Perfected Strike"],"picked":"Demon Form","floor":24}],"player_experience":840746,"relics_obtained":[{"floor":6,"key":"Old Coin"},{"floor":9,"key":"Mercury Hourglass"},{"floor":11,"key":"Art of War"}],"event_choices":[{"damage_healed":0,"gold_gain":0,"player_choice":"Got Potions","damage_taken":0,"max_hp_gain":0,"max_hp_loss":0,"event_name":"Lab","floor":3,"gold_loss":0},{"damage_healed":0,"gold_gain":69,"player_choice":"Gained Gold","damage_taken":0,"max_hp_gain":0,"max_hp_loss":0,"event_name":"Golden Wing","floor":12,"gold_loss":0},{"damage_healed":0,"gold_gain":0,"player_choice":"Bought 2 Potions","damage_taken":0,"max_hp_gain":0,"max_hp_loss":0,"event_name":"The Woman in Blue","floor":13,"gold_loss":0}],"is_beta":false,"boss_relics":[{"not_picked":["Fusion Hammer","Astrolabe"],"picked":"Velvet Choker"}],"items_purged_floors":[],"is_endless":false,"potions_floor_spawned":[6,7,8,14,16,19,24],"killed_by":"Shelled Parasite and Fungi","ascension_level":14}