{"gold_per_floor":[117,127,144,69,83,117,117,117,117,148,148,180,180,193,193,291,291,276,25,37,0,0,32,32,67,121,61,93,93,127,143,143,241,241,260,260,260,274,47,47,81,81,159,186,186,213,241,271,283,295],"floor_reached":51,"playtime":3447,"items_purged":["Strike_G+1","Strike_G+1"],"score":1156,"play_id":"6c707c08-bdb0-4b25-9d66-4b539764dd0b","local_time":"20190217162341","is_ascension_mode":true,"campfire_choices":[{"data":"Caltrops","floor":7,"key":"SMITH"},{"floor":15,"key":"REST"},{"floor":32,"key":"REST"},{"floor":40,"key":"REST"},{"data":"After Image","floor":42,"key":"SMITH"},{"data":"After Image","floor":45,"key":"SMITH"},{"floor":49,"key":"REST"}],"neow_cost":"NONE","seed_source_timestamp":159640620299770,"circlet_count":0,"master_deck":["Defend_G+1","Defend_G+1","Defend_G+1","Defend_G+1","Defend_G+1","Strike_G+1","Strike_G+1","Strike_G+1","Survivor","Neutralize","Dagger Spray","Blur+1","Caltrops+1","Dash","Cloak And Dagger","After Image+1","Deflect","Choke","Tools of the Trade","Backflip","Footwork","Footwork","Predator+1","Terror","Dash+1","Blur+1","After Image+1","Underhanded Strike","Footwork","Caltrops","Well Laid Plans","Footwork","Sucker Punch","Leg Sweep+1","Caltrops+1"],"relics":["Ring of the Serpent","PreservedInsect","Boot","The Courier","Art of War","Velvet Choker","Vajra","Happy Flower","Dodecahedron","Tiny Chest","Question Card","Bronze Scales","Pen Nib","Paper Crane","Bird Faced Urn","MawBank"],"potions_floor_usage":[10,16,20,23,25,29,33,44,50,50],"damage_taken":[{"damage":3,"enemies":"Jaw Worm","floor":1,"turns":7},{"damage":4,"enemies":"Small Slimes","floor":2,"turns":3},{"damage":0,"enemies":"2 Louse","floor":3,"turns":2},{"damage":1,"enemies":"Blue Slaver","floor":5,"turns":5},{"damage":19,"enemies":"3 Sentries","floor":6,"turns":8},{"damage":31,"enemies":"Lagavulin","floor":10,"turns":8},{"damage":8,"enemies":"3 Sentries","floor":12,"turns":5},{"damage":1,"enemies":"Looter","floor":14,"turns":5},{"damage":3,"enemies":"The Guardian","floor":16,"turns":13},{"damage":11,"enemies":"2 Thieves","floor":18,"turns":4},{"damage":13,"enemies":"Spheric Guardian","floor":20,"turns":8},{"damage":4,"enemies":"Slavers","floor":23,"turns":6},{"damage":0,"enemies":"Book of Stabbing","floor":25,"turns":4},{"damage":24,"enemies":"Gremlin Leader","floor":28,"turns":6},{"damage":0,"enemies":"Centurion and Healer","floor":29,"turns":1},{"damage":1,"enemies":"Book of Stabbing","floor":30,"turns":6},{"damage":3,"enemies":"Snecko","floor":31,"turns":5},{"damage":1,"enemies":"Automaton","floor":33,"turns":10},{"damage":5,"enemies":"Orb Walker","floor":35,"turns":5},{"damage":19,"enemies":"3 Darklings","floor":38,"turns":7},{"damage":3,"enemies":"Reptomancer","floor":41,"turns":8},{"damage":0,"enemies":"Giant Head","floor":44,"turns":9},{"damage":3,"enemies":"Spire Growth","floor":47,"turns":7},{"damage":42,"enemies":"Transient","floor":48,"turns":5},{"damage":21,"enemies":"Awakened One","floor":50,"turns":14}],"seed_played":"7835068298388903460","potions_obtained":[{"floor":2,"key":"Energy Potion"},{"floor":6,"key":"SteroidPotion"},{"floor":10,"key":"SmokeBomb"},{"floor":16,"key":"SkillPotion"},{"floor":18,"key":"GhostInAJar"},{"floor":20,"key":"LiquidBronze"},{"floor":30,"key":"PowerPotion"},{"floor":33,"key":"SpeedPotion"},{"floor":35,"key":"AttackPotion"},{"floor":38,"key":"SkillPotion"},{"floor":47,"key":"Strength Potion"}],"is_trial":false,"path_per_floor":["M","M","M","$","M","E","R","?","T","E","?","E","?","M","R","B",null,"M","$","M","?","?","E","?","E","T","$","E","M","E","M","R","B",null,"M","?","?","M","$","R","E","R","T","E","R","T","M","M","R","B",null],"character_chosen":"THE_SILENT","items_purchased":["Caltrops","Footwork","Vajra","Footwork","Caltrops","Well Laid Plans","Footwork"],"campfire_rested":4,"item_purchase_floors":[4,19,19,19,39,39,39],"current_hp_per_floor":[67,63,63,63,62,43,43,43,43,12,12,4,29,28,51,48,70,59,59,46,46,46,42,42,42,42,42,18,18,17,14,37,36,67,62,62,62,43,43,66,63,63,63,63,63,63,77,43,66,67],"gold":307,"neow_bonus":"TEN_PERCENT_HP_BONUS","is_prod":false,"is_daily":false,"chose_seed":false,"campfire_upgraded":3,"win_rate":0,"timestamp":1550438621,"path_taken":["M","M","M","$","M","E","R","?","T","E","?","E","?","M","R","BOSS","M","$","M","?","?","E","?","E","T","?","E","?","E","M","R","BOSS","M","?","?","M","$","R","E","R","T","E","R","?","?","M","R","BOSS"],"build_version":"2019-01-23","purchased_purges":2,"victory":true,"max_hp_per_floor":[77,77,77,77,77,77,77,77,77,77,77,77,77,77,77,77,77,77,77,77,77,77,77,77,77,77,77,77,77,77,77,77,77,77,77,77,77,77,77,77,77,77,77,77,77,77,77,77,77,77],"card_choices":[{"not_picked":["Prepared","Caltrops"],"picked":"Dagger Spray","floor":1},{"not_picked":["Dagger Spray","Outmaneuver"],"picked":"Blur","floor":2},{"not_picked":["Quick Slash","Reflex","Finisher"],"picked":"SKIP","floor":3},{"not_picked":["Deadly Poison","Accuracy"],"picked":"Dash","floor":5},{"not_picked":["Acrobatics","Deflect"],"picked":"Cloak And Dagger","floor":6},{"not_picked":["Slice","Deflect"],"picked":"After Image","floor":10},{"not_picked":["Slice","Expertise"],"picked":"Deflect","floor":12},{"not_picked":["Flying Knee","Underhanded Strike"],"picked":"Choke","floor":14},{"not_picked":["Grand Finale","A Thousand Cuts"],"picked":"Tools of the Trade","floor":16},{"not_picked":["Blade Dance","PiercingWail"],"picked":"Backflip","floor":18},{"not_picked":["Dagger Throw","Expertise","Acrobatics"],"picked":"SKIP","floor":20},{"not_picked":["Dodge and Roll","Endless Agony","Outmaneuver"],"picked":"SKIP","floor":23},{"not_picked":["Poisoned Stab","Finisher"],"picked":"Predator+1","floor":25},{"not_picked":["Burst","Underhanded Strike"],"picked":"Terror","floor":28},{"not_picked":["Blade Dance","Reflex+1","Dagger Spray+1"],"picked":"Dash+1","floor":30},{"not_picked":["Dagger Spray","Acrobatics","Well Laid Plans"],"picked":"Blur+1","floor":31},{"not_picked":["Malaise","Phantasmal Killer","Grand Finale"],"picked":"After Image","floor":33},{"not_picked":["Eviscerate+1","Outmaneuver+1","PiercingWail"],"picked":"Underhanded Strike","floor":35},{"not_picked":["Tactician","Distraction+1","Concentrate"],"picked":"Footwork","floor":38},{"not_picked":["Sucker Punch","Cloak And Dagger+1","Backflip","Dagger Spray"],"picked":"SKIP","floor":41},{"not_picked":["Cloak And Dagger+1","Blade Dance+1","Outmaneuver+1"],"picked":"Sucker Punch","floor":44},{"not_picked":["Eviscerate+1","Quick Slash+1","Expertise+1"],"picked":"Leg Sweep+1","floor":47},{"not_picked":["Flying Knee","Quick Slash","Sucker Punch+1"],"picked":"Caltrops+1","floor":48}],"player_experience":267372,"relics_obtained":[{"floor":6,"key":"PreservedInsect"},{"floor":9,"key":"Boot"},{"floor":10,"key":"The Courier"},{"floor":12,"key":"Art of War"},{"floor":23,"key":"Happy Flower"},{"floor":25,"key":"Dodecahedron"},{"floor":26,"key":"Tiny Chest"},{"floor":28,"key":"Question Card"},{"floor":30,"key":"Bronze Scales"},{"floor":41,"key":"Pen Nib"},{"floor":43,"key":"Paper Crane"},{"floor":44,"key":"Bird Faced Urn"},{"floor":46,"key":"MawBank"}],"event_choices":[{"damage_healed":0,"gold_gain":0,"player_choice":"Grow","damage_taken":0,"max_hp_gain":0,"max_hp_loss":0,"event_name":"Living Wall","floor":8,"gold_loss":0,"cards_upgraded":["Blur"]},{"damage_healed":0,"gold_gain":0,"player_choice":"Fled","damage_taken":0,"max_hp_gain":0,"max_hp_loss":0,"event_name":"Scrap Ooze","floor":11,"gold_loss":0},{"damage_healed":25,"gold_gain":0,"player_choice":"Banana","damage_taken":0,"max_hp_gain":0,"max_hp_loss":0,"event_name":"Big Fish","floor":13,"gold_loss":0},{"damage_healed":0,"gold_gain":0,"player_choice":"Paid Fearfully","damage_taken":0,"max_hp_gain":0,"max_hp_loss":0,"event_name":"Masked Bandits","floor":21,"gold_loss":37},{"damage_healed":0,"gold_gain":0,"player_choice":"Simplicity","damage_taken":0,"max_hp_gain":0,"max_hp_loss":0,"event_name":"Back to Basics","floor":22,"gold_loss":0,"cards_upgraded":["Defend_G","Defend_G","Defend_G","Defend_G","Defend_G","Strike_G","Strike_G","Strike_G","Strike_G","Strike_G"]},{"damage_healed":0,"gold_gain":0,"player_choice":"Ignored","damage_taken":0,"max_hp_gain":0,"max_hp_loss":0,"event_name":"Ghosts","floor":24,"gold_loss":0},{"damage_healed":0,"gold_gain":0,"player_choice":"Ignored","damage_taken":0,"max_hp_gain":0,"max_hp_loss":0,"event_name":"Mysterious Sphere","floor":36,"gold_loss":0},{"damage_healed":0,"gold_gain":0,"player_choice":"Ignored","damage_taken":0,"max_hp_gain":0,"max_hp_loss":0,"event_name":"Tomb of Lord Red Mask","floor":37,"gold_loss":0}],"is_beta":false,"boss_relics":[{"not_picked":["Runic Dome","Calling Bell"],"picked":"Velvet Choker"},{"not_picked":["Snecko Eye","Astrolabe"],"picked":"Ring of the Serpent"}],"items_purged_floors":[27,39],"is_endless":false,"potions_floor_spawned":[2,6,10,16,18,20,30,33,35,38,47],"ascension_level":7}