{"gold_per_floor":[112,112,132,144,155,155,187,205,229,239,83,98,98,111,111,215,215,229,229,241,241,260,260,260,260,260,69,69,69],"floor_reached":29,"playtime":1922,"items_purged":[],"score":227,"play_id":"7ffa838b-9414-43a2-bdd2-5a2326fa0d0f","local_time":"20190612170216","is_ascension_mode":false,"campfire_choices":[{"data":"Tactician","floor":6,"key":"SMITH"},{"floor":13,"key":"REST"},{"data":"Neutralize","floor":15,"key":"SMITH"},{"data":"RitualDagger","floor":23,"key":"SMITH"},{"data":"Backflip","floor":25,"key":"SMITH"},{"data":"Skewer","floor":28,"key":"SMITH"}],"neow_cost":"NONE","seed_source_timestamp":406997369917415,"circlet_count":0,"master_deck":["Defend_G","Defend_G+1","Defend_G","Defend_G","Strike_G","Strike_G","Strike_G","Strike_G","Strike_G","Survivor","Neutralize+1","Tactician+1","Dagger Throw","Flechettes","Unload","Heel Hook","Backflip+1","Footwork","Skewer+1","Quick Slash","Leg Sweep+1","Malaise","Underhanded Strike","Masterful Stab+1","RitualDagger+1","Underhanded Strike+1","Eviscerate"],"relics":["Ring of the Snake","Centennial Puzzle","Omamori","HoveringKite","War Paint","Paper Crane","Oddly Smooth Stone"],"potions_floor_usage":[4,7,16,16,16],"damage_taken":[{"damage":2,"enemies":"Small Slimes","floor":1,"turns":3},{"damage":1,"enemies":"Cultist","floor":3,"turns":3},{"damage":0,"enemies":"Jaw Worm","floor":4,"turns":2},{"damage":2,"enemies":"Looter","floor":5,"turns":3},{"damage":3,"enemies":"Gremlin Nob","floor":7,"turns":3},{"damage":10,"enemies":"3 Louse","floor":8,"turns":3},{"damage":4,"enemies":"Blue Slaver","floor":10,"turns":2},{"damage":2,"enemies":"Looter","floor":12,"turns":2},{"damage":2,"enemies":"Exordium Wildlife","floor":14,"turns":4},{"damage":57,"enemies":"Hexaghost","floor":16,"turns":17},{"damage":2,"enemies":"Chosen","floor":18,"turns":5},{"damage":15,"enemies":"Spheric Guardian","floor":20,"turns":4},{"damage":6,"enemies":"Snake Plant","floor":22,"turns":5},{"damage":42,"enemies":"Centurion and Healer","floor":29,"turns":8}],"seed_played":"5897180897145171328","potions_obtained":[{"floor":3,"key":"AttackPotion"},{"floor":4,"key":"SpeedPotion"},{"floor":8,"key":"Explosive Potion"},{"floor":10,"key":"EssenceOfSteel"},{"floor":12,"key":"Regen Potion"},{"floor":22,"key":"SpeedPotion"}],"is_trial":false,"path_per_floor":["M","?","M","M","M","R","E","M","T","M","$","M","R","M","R","B",null,"M","?","M","?","M","R","?","R","T","$","R","M"],"character_chosen":"THE_SILENT","items_purchased":["Footwork","Skewer","Eviscerate","Oddly Smooth Stone"],"campfire_rested":1,"item_purchase_floors":[11,11,27,27],"current_hp_per_floor":[68,68,67,67,65,65,62,52,52,48,48,46,67,65,65,22,70,68,68,53,47,41,41,41,41,41,41,41,0],"gold":69,"neow_bonus":"TRANSFORM_CARD","is_prod":false,"is_daily":false,"chose_seed":false,"campfire_upgraded":5,"win_rate":0,"timestamp":1560384136,"path_taken":["M","?","M","?","M","R","E","M","T","M","?","M","R","M","R","BOSS","M","?","M","?","M","R","?","R","T","?","R","M"],"build_version":"2019-01-23","purchased_purges":0,"victory":false,"max_hp_per_floor":[70,70,70,70,70,70,70,70,70,70,70,70,70,70,70,70,70,70,70,70,70,70,70,70,70,70,70,70,70],"card_choices":[{"not_picked":["Acrobatics","Quick Slash"],"picked":"Dagger Throw","floor":1},{"not_picked":["Bane","PiercingWail","Blade Dance"],"picked":"SKIP","floor":3},{"not_picked":["Backflip","Footwork"],"picked":"Flechettes","floor":4},{"not_picked":["Slice","Eviscerate"],"picked":"Unload","floor":5},{"not_picked":["Slice","Dodge and Roll","Riddle With Holes"],"picked":"SKIP","floor":7},{"not_picked":["Backflip","PiercingWail"],"picked":"Heel Hook","floor":8},{"not_picked":["Predator","Blade Dance"],"picked":"Backflip","floor":10},{"not_picked":["Dodge and Roll","Catalyst"],"picked":"Quick Slash","floor":12},{"not_picked":["Prepared","Burst"],"picked":"Leg Sweep","floor":14},{"not_picked":["Phantasmal Killer","Unload"],"picked":"Malaise","floor":16},{"not_picked":["Dagger Throw","Calculated Gamble"],"picked":"Underhanded Strike","floor":18},{"not_picked":["Acrobatics","Expertise"],"picked":"Masterful Stab+1","floor":20},{"not_picked":["Deadly Poison","Sucker Punch"],"picked":"Underhanded Strike+1","floor":22}],"player_experience":349953,"relics_obtained":[{"floor":2,"key":"Centennial Puzzle"},{"floor":7,"key":"Omamori"},{"floor":26,"key":"Paper Crane"}],"event_choices":[{"damage_healed":0,"gold_gain":0,"player_choice":"Relic","damage_taken":0,"max_hp_gain":0,"max_hp_loss":0,"event_name":"Wheel of Change","floor":2,"gold_loss":0},{"damage_healed":0,"gold_gain":0,"player_choice":"Stole Relic","damage_taken":0,"relics_obtained":["War Paint"],"max_hp_gain":0,"max_hp_loss":0,"event_name":"Addict","floor":19,"gold_loss":0,"cards_obtained":["Shame"]},{"damage_healed":0,"gold_gain":0,"player_choice":"Joined the Cult","damage_taken":6,"max_hp_gain":0,"max_hp_loss":0,"event_name":"Nest","floor":21,"gold_loss":0,"cards_obtained":["RitualDagger"]},{"damage_healed":0,"gold_gain":0,"player_choice":"Smashed Altar","damage_taken":0,"max_hp_gain":0,"max_hp_loss":0,"event_name":"Forgotten Altar","floor":24,"gold_loss":0,"cards_obtained":["Decay"]}],"is_beta":false,"boss_relics":[{"not_picked":["Velvet Choker","Runic Dome"],"picked":"HoveringKite"}],"items_purged_floors":[],"is_endless":false,"potions_floor_spawned":[3,4,8,10,12,22],"killed_by":"Centurion and Healer","ascension_level":0}