{"gold_per_floor":[219,237,254,270,109,135,145,145,145,145],"floor_reached":10,"playtime":458,"items_purged":[],"score":126,"play_id":"fca438ea-681b-4128-adeb-d033b21b757b","local_time":"20190407131546","is_ascension_mode":true,"campfire_choices":[{"floor":8,"key":"REST"}],"neow_cost":"NONE","seed_source_timestamp":156255271386554,"circlet_count":0,"master_deck":["AscendersBane","Defend_G","Defend_G","Defend_G","Defend_G","Defend_G","Strike_G","Strike_G","Strike_G","Strike_G","Strike_G","Survivor","Neutralize","Caltrops","Sucker Punch","Cloak And Dagger","Catalyst","Catalyst","Footwork","Bouncing Flask","Skewer+1"],"relics":["Ring of the Snake","Molten Egg 2","Letter Opener"],"potions_floor_usage":[6,10],"damage_taken":[{"damage":1,"enemies":"Small Slimes","floor":1,"turns":5},{"damage":1,"enemies":"Jaw Worm","floor":2,"turns":4},{"damage":1,"enemies":"Cultist","floor":3,"turns":4},{"damage":8,"enemies":"Large Slime","floor":4,"turns":9},{"damage":12,"enemies":"3 Sentries","floor":6,"turns":7},{"damage":15,"enemies":"2 Fungi Beasts","floor":7,"turns":4},{"damage":41,"enemies":"Gremlin Nob","floor":10,"turns":4}],"seed_played":"2873575417213797920","potions_obtained":[{"floor":3,"key":"PowerPotion"},{"floor":6,"key":"SteroidPotion"}],"is_trial":false,"path_per_floor":["M","M","M","M","$","E","M","R","T","E"],"character_chosen":"THE_SILENT","items_purchased":["Catalyst","Footwork"],"campfire_rested":1,"item_purchase_floors":[5,5],"current_hp_per_floor":[58,57,56,48,48,36,21,40,40,0],"gold":145,"neow_bonus":"HUNDRED_GOLD","is_prod":false,"is_daily":false,"chose_seed":false,"campfire_upgraded":0,"win_rate":0,"timestamp":1554657346,"path_taken":["M","M","M","M","$","E","M","R","T","E"],"build_version":"2019-01-23","purchased_purges":0,"victory":false,"max_hp_per_floor":[66,66,66,66,66,66,66,66,66,66],"card_choices":[{"not_picked":["Deadly Poison","Cloak And Dagger"],"picked":"Caltrops","floor":1},{"not_picked":["Tactician","Poisoned Stab"],"picked":"Sucker Punch","floor":2},{"not_picked":["Riddle With Holes","Deadly Poison"],"picked":"Cloak And Dagger","floor":3},{"not_picked":["Bane","Slice"],"picked":"Catalyst","floor":4},{"not_picked":["PiercingWail","Expertise"],"picked":"Bouncing Flask","floor":6},{"not_picked":["Dodge and Roll","Slice+1"],"picked":"Skewer+1","floor":7}],"player_experience":533692,"relics_obtained":[{"floor":6,"key":"Molten Egg 2"},{"floor":9,"key":"Letter Opener"}],"event_choices":[],"is_beta":false,"boss_relics":[],"items_purged_floors":[],"is_endless":false,"potions_floor_spawned":[3,6],"killed_by":"Gremlin Nob","ascension_level":16}