{"gold_per_floor":[116,96,110,58,71,71,97,97,174,188,188,188],"floor_reached":12,"playtime":313,"items_purged":[],"score":148,"play_id":"a3631ba3-a067-45ab-aa68-50a7cb9b3a82","local_time":"20190619185002","is_ascension_mode":true,"campfire_choices":[{"data":"Beam Cell","floor":6,"key":"SMITH"},{"floor":8,"key":"REST"}],"neow_cost":"NONE","seed_source_timestamp":590421625027851,"circlet_count":0,"master_deck":["AscendersBane","Strike_B","Strike_B","Strike_B","Strike_B","Defend_B+1","Defend_B","Defend_B","Defend_B","Zap","Dualcast+1","All For One","Beam Cell+1","Redo","Leap","Conserve Battery","Defragment","White Noise"],"relics":["Cracked Core","War Paint","Letter Opener","Juzu Bracelet"],"potions_floor_usage":[7,7,10],"damage_taken":[{"damage":1,"enemies":"Cultist","floor":1,"turns":3},{"damage":2,"enemies":"2 Louse","floor":3,"turns":2},{"damage":7,"enemies":"Jaw Worm","floor":5,"turns":3},{"damage":39,"enemies":"Gremlin Nob","floor":7,"turns":4},{"damage":13,"enemies":"Gremlin Gang","floor":10,"turns":5},{"damage":23,"enemies":"3 Sentries","floor":12,"turns":4}],"seed_played":"7073708587714234944","potions_obtained":[{"floor":2,"key":"SneckoOil"},{"floor":3,"key":"Explosive Potion"},{"floor":7,"key":"Block Potion"},{"floor":10,"key":"Swift Potion"}],"is_trial":false,"path_per_floor":["M","?","M","$","M","R","E","R","T","M","T","E"],"character_chosen":"DEFECT","items_purchased":["Leap"],"campfire_rested":1,"item_purchase_floors":[4],"current_hp_per_floor":[63,63,61,61,54,54,15,36,36,23,23,0],"gold":188,"neow_bonus":"ONE_RANDOM_RARE_CARD","is_prod":false,"is_daily":false,"chose_seed":false,"campfire_upgraded":1,"win_rate":0,"timestamp":1560995402,"path_taken":["M","?","?","$","M","R","E","R","T","M","?","E"],"build_version":"2019-01-23","purchased_purges":0,"victory":false,"max_hp_per_floor":[71,71,71,71,71,71,71,71,71,71,71,71],"card_choices":[{"not_picked":["Streamline","Cold Snap"],"picked":"Beam Cell","floor":1},{"not_picked":["Sweeping Beam","Machine Learning"],"picked":"Redo","floor":3},{"not_picked":["Rebound","Hello World"],"picked":"Conserve Battery","floor":5},{"not_picked":["Hello World","Auto Shields"],"picked":"Defragment","floor":7},{"not_picked":["Hologram","Go for the Eyes"],"picked":"White Noise","floor":10}],"player_experience":1039132,"relics_obtained":[{"floor":7,"key":"War Paint"},{"floor":9,"key":"Letter Opener"},{"floor":11,"key":"Juzu Bracelet"}],"event_choices":[{"damage_healed":0,"gold_gain":0,"player_choice":"Bought 1 Potion","damage_taken":0,"max_hp_gain":0,"max_hp_loss":0,"event_name":"The Woman in Blue","floor":2,"gold_loss":0}],"is_beta":false,"boss_relics":[],"items_purged_floors":[],"is_endless":false,"potions_floor_spawned":[3,7,10],"killed_by":"3 Sentries","ascension_level":18}