{"gold_per_floor":[116,116,116,116,77,110,75,88,88,107,107,107,122,136,136,262,262,285,298,21,39,57,98,98,98,152,152,224,243,109,130,130,253,253,269,290,290,90,103,436,454,361,361,375,389,399,399,13,13,13],"floor_reached":51,"playtime":3295,"items_purged":["Strike_R","Strike_R"],"score":796,"play_id":"0c7cb0d7-ab89-47da-8a3b-0775c6c65336","local_time":"20190201191755","is_ascension_mode":false,"campfire_choices":[{"data":"Pain","floor":12,"key":"PURGE"},{"floor":15,"key":"REST"},{"floor":25,"key":"REST"},{"data":"Writhe","floor":27,"key":"PURGE"},{"floor":32,"key":"REST"},{"data":"Strike_R","floor":47,"key":"PURGE"},{"floor":49,"key":"REST"}],"neow_cost":"NONE","seed_source_timestamp":121785416857196,"circlet_count":0,"master_deck":["Strike_R","Defend_R","Defend_R","Defend_R+1","Defend_R+1","Bash","Thunderclap","Dual Wield","Inflame","Heavy Blade","Armaments","Flex","Inflame","Infernal Blade","Reaper","Heavy Blade+1","Rampage","Pummel","Shrug It Off+1","True Grit+1","Pummel","Inflame","Inflame","Immolate","Pommel Strike+1","Battle Trance+1","Shrug It Off","Parasite","Inflame+1","Disarm","Seeing Red","Headbutt","Parasite","Sword Boomerang+1","Apotheosis"],"relics":["Burning Blood","War Paint","Letter Opener","Peace Pipe","WarpedTongs","Mark of Pain","Toolbox","Ancient Tea Set","Champion Belt","Pen Nib","Pear","Fusion Hammer","Bronze Scales","Darkstone Periapt","Oddly Smooth Stone","OrangePellets"],"potions_floor_usage":[16,16,22,23,23,33,33,46,50],"damage_taken":[{"damage":2,"enemies":"Small Slimes","floor":1,"turns":3},{"damage":60,"enemies":"Lagavulin","floor":6,"turns":13},{"damage":10,"enemies":"2 Louse","floor":8,"turns":3},{"damage":5,"enemies":"Cultist","floor":10,"turns":4},{"damage":5,"enemies":"Lots of Slimes","floor":13,"turns":4},{"damage":12,"enemies":"Blue Slaver","floor":14,"turns":3},{"damage":41,"enemies":"The Guardian","floor":16,"turns":11},{"damage":27,"enemies":"3 Byrds","floor":18,"turns":7},{"damage":33,"enemies":"2 Thieves","floor":19,"turns":5},{"damage":37,"enemies":"Cultist and Chosen","floor":21,"turns":5},{"damage":40,"enemies":"Shelled Parasite and Fungi","floor":22,"turns":6},{"damage":24,"enemies":"Slavers","floor":23,"turns":7},{"damage":9,"enemies":"3 Cultists","floor":29,"turns":4},{"damage":0,"enemies":"Sentry and Sphere","floor":31,"turns":1},{"damage":55,"enemies":"Automaton","floor":33,"turns":7},{"damage":21,"enemies":"Orb Walker","floor":35,"turns":4},{"damage":0,"enemies":"3 Shapes","floor":36,"turns":1},{"damage":21,"enemies":"Writhing Mass","floor":39,"turns":5},{"damage":9,"enemies":"3 Darklings","floor":41,"turns":2},{"damage":29,"enemies":"Jaw Worm Horde","floor":44,"turns":3},{"damage":19,"enemies":"Transient","floor":45,"turns":5},{"damage":10,"enemies":"Writhing Mass","floor":46,"turns":5},{"damage":89,"enemies":"Time Eater","floor":50,"turns":9}],"seed_played":"4218261003924568884","potions_obtained":[{"floor":10,"key":"Block Potion"},{"floor":13,"key":"SkillPotion"},{"floor":14,"key":"FearPotion"},{"floor":19,"key":"SteroidPotion"},{"floor":21,"key":"SkillPotion"},{"floor":22,"key":"FearPotion"},{"floor":31,"key":"BloodPotion"},{"floor":37,"key":"SkillPotion"},{"floor":37,"key":"SpeedPotion"},{"floor":37,"key":"SpeedPotion"},{"floor":39,"key":"Energy Potion"},{"floor":46,"key":"Poison Potion"}],"is_trial":false,"path_per_floor":["M","?","?","?","$","E","?","M","T","M","?","R","M","M","R","B",null,"M","M","$","M","M","E","?","R","T","R","T","M","$","M","R","B",null,"M","M","?","$","M","?","M","?","T","M","M","M","R","$","R","B",null],"character_chosen":"IRONCLAD","items_purchased":["Inflame","Toolbox","Inflame","Bronze Scales","Shrug It Off","Apotheosis","OrangePellets"],"campfire_rested":4,"item_purchase_floors":[5,20,30,38,38,48,48],"current_hp_per_floor":[80,80,80,73,73,19,39,35,35,36,36,36,37,31,55,20,80,70,50,50,32,13,13,13,37,37,37,47,44,44,50,77,37,90,80,86,86,86,79,79,87,87,87,69,56,58,58,58,86,35],"gold":13,"neow_bonus":"RANDOM_COMMON_RELIC","is_prod":false,"is_daily":false,"chose_seed":false,"campfire_upgraded":0,"win_rate":0.0,"timestamp":1549066675,"path_taken":["M","?","?","?","?","E","?","M","T","M","?","R","M","?","R","BOSS","M","M","$","M","?","E","?","R","T","R","?","M","$","M","R","BOSS","M","M","?","$","?","?","M","?","T","M","M","?","R","$","R","BOSS"],"build_version":"2019-01-23","purchased_purges":2,"victory":true,"max_hp_per_floor":[80,80,80,80,80,80,80,80,80,80,80,80,80,80,80,80,80,80,80,80,80,80,80,80,80,80,80,90,90,90,90,90,90,90,90,90,90,90,90,90,90,90,90,90,90,96,96,96,96,96],"card_choices":[{"not_picked":["Twin Strike","Heavy Blade"],"picked":"Thunderclap","floor":1},{"not_picked":["Anger","Iron Wave"],"picked":"Heavy Blade","floor":6},{"not_picked":["Flex","Iron Wave"],"picked":"Armaments","floor":8},{"not_picked":["Power Through","Fire Breathing"],"picked":"Flex","floor":10},{"not_picked":["Blood for Blood","Seeing Red"],"picked":"Inflame","floor":13},{"not_picked":["Havoc","Rage"],"picked":"Infernal Blade","floor":14},{"not_picked":["Barricade","Juggernaut"],"picked":"Reaper","floor":16},{"not_picked":["Twin Strike+1","Iron Wave"],"picked":"Heavy Blade+1","floor":18},{"not_picked":["Flex","Perfected Strike"],"picked":"Rampage","floor":19},{"not_picked":["Metallicize+1","Warcry"],"picked":"Pummel","floor":21},{"not_picked":["Armaments","Sword Boomerang"],"picked":"Shrug It Off+1","floor":22},{"not_picked":["Burning Pact","Sword Boomerang"],"picked":"True Grit+1","floor":23},{"not_picked":["Anger","Second Wind+1"],"picked":"Pummel","floor":29},{"not_picked":["Clash","Rampage"],"picked":"Inflame","floor":31},{"not_picked":["Offering","Exhume"],"picked":"Immolate","floor":33},{"not_picked":["Body Slam","Warcry"],"picked":"Pommel Strike+1","floor":35},{"not_picked":["Cleave+1","Heavy Blade+1"],"picked":"Battle Trance+1","floor":36},{"not_picked":["Reckless Charge+1","Clothesline+1"],"picked":"Inflame+1","floor":39},{"not_picked":["Warcry","Twin Strike+1"],"picked":"Disarm","floor":41},{"not_picked":["Dropkick","Whirlwind"],"picked":"Seeing Red","floor":44},{"not_picked":["Shrug It Off","Feel No Pain"],"picked":"Headbutt","floor":45},{"not_picked":["Shrug It Off","Power Through+1"],"picked":"Sword Boomerang+1","floor":46}],"player_experience":104582,"relics_obtained":[{"floor":6,"key":"Letter Opener"},{"floor":9,"key":"Peace Pipe"},{"floor":23,"key":"Ancient Tea Set"},{"floor":26,"key":"Pen Nib"},{"floor":28,"key":"Pear"},{"floor":43,"key":"Oddly Smooth Stone"}],"event_choices":[{"damage_healed":0,"gold_gain":0,"player_choice":"Take Wound","damage_taken":0,"relics_obtained":["Golden Idol"],"max_hp_gain":0,"max_hp_loss":0,"event_name":"Golden Idol","floor":2,"gold_loss":0,"cards_obtained":["Injury"]},{"damage_healed":0,"gold_gain":0,"cards_transformed":["Strike_R"],"player_choice":"Change","damage_taken":0,"max_hp_gain":0,"max_hp_loss":0,"event_name":"Living Wall","floor":3,"gold_loss":0,"cards_obtained":["Dual Wield"]},{"cards_removed":["Injury"],"damage_healed":0,"gold_gain":0,"player_choice":"Card Removal","damage_taken":7,"max_hp_gain":0,"max_hp_loss":0,"event_name":"Golden Wing","floor":4,"gold_loss":0},{"damage_healed":20,"gold_gain":0,"player_choice":"Healed","damage_taken":0,"max_hp_gain":0,"max_hp_loss":0,"event_name":"The Cleric","floor":7,"gold_loss":35},{"damage_healed":0,"gold_gain":0,"player_choice":"Rummage","damage_taken":0,"relics_obtained":["WarpedTongs"],"max_hp_gain":0,"max_hp_loss":0,"event_name":"Accursed Blacksmith","floor":11,"gold_loss":0,"cards_obtained":["Pain"]},{"damage_healed":0,"gold_gain":0,"player_choice":"Opened","damage_taken":0,"relics_obtained":["Champion Belt"],"max_hp_gain":0,"max_hp_loss":0,"event_name":"The Mausoleum","floor":24,"gold_loss":0,"cards_obtained":["Writhe"]},{"damage_healed":0,"gold_gain":0,"player_choice":"Got Potions","damage_taken":0,"max_hp_gain":0,"max_hp_loss":0,"event_name":"Lab","floor":37,"gold_loss":0},{"damage_healed":0,"gold_gain":333,"player_choice":"Gave Idol","damage_taken":0,"max_hp_gain":0,"max_hp_loss":0,"event_name":"The Moai Head","floor":40,"relics_lost":["Golden Idol"],"gold_loss":0},{"damage_healed":0,"gold_gain":0,"player_choice":"Paid Gold","damage_taken":0,"relics_obtained":["Darkstone Periapt"],"max_hp_gain":0,"max_hp_loss":0,"event_name":"WeMeetAgain","floor":42,"gold_loss":93}],"is_beta":false,"boss_relics":[{"not_picked":["Coffee Dripper","Orrery"],"picked":"Mark of Pain"},{"not_picked":["Runic Pyramid","Astrolabe"],"picked":"Fusion Hammer"}],"items_purged_floors":[20,30],"is_endless":false,"potions_floor_spawned":[10,13,14,19,21,22,31,39,45,46],"ascension_level":0}