{"gold_per_floor":[113,126,126,76,96,96,122,122,201,201,201,201,226,242,242,242],"floor_reached":16,"playtime":552,"items_purged":[],"score":98,"play_id":"ee6fd311-85e9-4a6e-882e-a448c2cbd088","local_time":"20190615161745","is_ascension_mode":false,"campfire_choices":[{"data":"Backflip","floor":6,"key":"SMITH"},{"floor":8,"key":"REST"},{"floor":10,"key":"REST"},{"floor":15,"key":"REST"}],"neow_cost":"NONE","seed_source_timestamp":664899387266853,"circlet_count":0,"master_deck":["Defend_G","Defend_G","Defend_G","Defend_G","Strike_G","Strike_G","Strike_G","Strike_G","Survivor","Neutralize","Backflip+1","Dagger Spray","Grand Finale+1","Flying Knee","Calculated Gamble"],"relics":["Ring of the Snake","Juzu Bracelet","Snake Skull","Matryoshka","Odd Mushroom"],"potions_floor_usage":[7,14,16],"damage_taken":[{"damage":0,"enemies":"2 Louse","floor":1,"turns":3},{"damage":0,"enemies":"Small Slimes","floor":2,"turns":5},{"damage":0,"enemies":"Cultist","floor":5,"turns":4},{"damage":59,"enemies":"Gremlin Nob","floor":7,"turns":7},{"damage":21,"enemies":"The Mushroom Lair","floor":13,"turns":5},{"damage":8,"enemies":"2 Fungi Beasts","floor":14,"turns":3},{"damage":42,"enemies":"The Guardian","floor":16,"turns":6}],"seed_played":"-2799124201135440564","potions_obtained":[{"floor":5,"key":"SpeedPotion"},{"floor":13,"key":"AttackPotion"},{"floor":14,"key":"Poison Potion"}],"is_trial":false,"path_per_floor":["M","M","?","?","M","R","E","R","T","R","?","?","?","M","R","B"],"character_chosen":"THE_SILENT","items_purchased":[],"campfire_rested":3,"item_purchase_floors":[],"current_hp_per_floor":[70,70,63,63,63,63,4,25,25,46,46,46,25,17,38,0],"gold":242,"neow_bonus":"RANDOM_COMMON_RELIC","is_prod":false,"is_daily":false,"chose_seed":false,"campfire_upgraded":1,"win_rate":0,"timestamp":1560640665,"path_taken":["M","M","?","?","M","R","E","R","T","R","?","?","?","M","R","BOSS"],"build_version":"2019-01-23","purchased_purges":0,"victory":false,"max_hp_per_floor":[70,70,70,70,70,70,70,70,70,70,70,70,70,70,70,70],"card_choices":[{"not_picked":["Outmaneuver","PiercingWail"],"picked":"Backflip","floor":1},{"not_picked":["Reflex","Deflect","Tactician"],"picked":"SKIP","floor":2},{"not_picked":["Slice","Poisoned Stab"],"picked":"Dagger Spray","floor":5},{"not_picked":["Wraith Form v2","Slice"],"picked":"Grand Finale","floor":7},{"not_picked":["Heel Hook","Outmaneuver"],"picked":"Flying Knee","floor":13},{"not_picked":["Slice","Poisoned Stab"],"picked":"Calculated Gamble","floor":14}],"player_experience":390032,"relics_obtained":[{"floor":7,"key":"Snake Skull"},{"floor":9,"key":"Matryoshka"},{"floor":13,"key":"Odd Mushroom"}],"event_choices":[{"cards_removed":["Defend_G"],"damage_healed":0,"gold_gain":0,"player_choice":"Card Removal","damage_taken":7,"max_hp_gain":0,"max_hp_loss":0,"event_name":"Golden Wing","floor":3,"gold_loss":0},{"cards_removed":["Strike_G"],"damage_healed":0,"gold_gain":0,"player_choice":"Card Removal","damage_taken":0,"max_hp_gain":0,"max_hp_loss":0,"event_name":"The Cleric","floor":4,"gold_loss":50},{"damage_healed":0,"gold_gain":0,"player_choice":"Upgraded","damage_taken":0,"max_hp_gain":0,"max_hp_loss":0,"event_name":"Upgrade Shrine","floor":11,"gold_loss":0,"cards_upgraded":["Grand Finale"]},{"damage_healed":0,"gold_gain":0,"player_choice":"Ignored","damage_taken":0,"max_hp_gain":0,"max_hp_loss":0,"event_name":"Liars Game","floor":12,"gold_loss":0},{"damage_healed":0,"gold_gain":0,"player_choice":"Fought Mushrooms","damage_taken":0,"max_hp_gain":0,"max_hp_loss":0,"event_name":"Mushrooms","floor":13,"gold_loss":0}],"is_beta":false,"boss_relics":[],"items_purged_floors":[],"is_endless":false,"potions_floor_spawned":[5,13,14],"killed_by":"The Guardian","ascension_level":0}