{"gold_per_floor":[114,114,114,135,151,184,184,200,225,239,6,6,6,42,54,186,198,225,250,281,293,72,72,90,90,90,114,127,127,127,127,127,252,252,272,65,81,104,125,125,139,139,139,39,55,55,55,79,79,79,79,79,79,79],"floor_reached":54,"playtime":2131,"items_purged":["Injury","Zap"],"score":651,"play_id":"05e15aa8-2a3f-465d-89bf-14f3a6f670d0","local_time":"20190420140618","is_ascension_mode":false,"campfire_choices":[{"data":"Blizzard","floor":7,"key":"SMITH"},{"floor":12,"key":"REST"},{"data":"Defragment","floor":15,"key":"SMITH"},{"data":"Panacea","floor":23,"key":"SMITH"},{"data":"Echo Form","floor":32,"key":"SMITH"},{"data":"Seek","floor":40,"key":"SMITH"},{"data":"Hologram","floor":42,"key":"SMITH"},{"floor":46,"key":"RECALL"},{"floor":49,"key":"REST"},{"data":"Glacier","floor":52,"key":"SMITH"}],"neow_cost":"NONE","seed_source_timestamp":908591923155561,"circlet_count":0,"master_deck":["Strike_B+1","Strike_B+1","Strike_B+1","Defend_B+1","Defend_B+1","Defend_B+1","Dualcast","Defragment+1","Glacier+1","Glacier","Blizzard+1","Defragment+1","Blizzard","Electrodynamics","Echo Form+1","Conserve Battery","Seek+1","Panacea+1","Blizzard","Self Repair","Electrodynamics","Core Surge","Hologram+1","Parasite"],"relics":["Cracked Core","NeowsBlessing","Golden Idol","Bag of Preparation","Bronze Scales","MawBank","Runic Dome","Symbiotic Virus","Velvet Choker","ClockworkSouvenir","Singing Bowl"],"potions_floor_usage":[],"damage_taken":[{"damage":0,"enemies":"Small Slimes","floor":1,"turns":1},{"damage":0,"enemies":"2 Louse","floor":4,"turns":1},{"damage":0,"enemies":"Cultist","floor":5,"turns":1},{"damage":13,"enemies":"Lagavulin","floor":6,"turns":10},{"damage":6,"enemies":"3 Louse","floor":8,"turns":5},{"damage":8,"enemies":"Large Slime","floor":10,"turns":6},{"damage":0,"enemies":"3 Sentries","floor":14,"turns":6},{"damage":1,"enemies":"Slime Boss","floor":16,"turns":8},{"damage":0,"enemies":"3 Byrds","floor":18,"turns":2},{"damage":13,"enemies":"2 Thieves","floor":19,"turns":3},{"damage":0,"enemies":"Snake Plant","floor":20,"turns":4},{"damage":0,"enemies":"Centurion and Healer","floor":24,"turns":5},{"damage":5,"enemies":"Cultist and Chosen","floor":27,"turns":6},{"damage":11,"enemies":"Snake Plant","floor":28,"turns":4},{"damage":28,"enemies":"Champ","floor":33,"turns":11},{"damage":3,"enemies":"3 Shapes","floor":35,"turns":2},{"damage":0,"enemies":"3 Darklings","floor":37,"turns":4},{"damage":25,"enemies":"Transient","floor":38,"turns":5},{"damage":0,"enemies":"Writhing Mass","floor":39,"turns":7},{"damage":10,"enemies":"Sphere and 2 Shapes","floor":41,"turns":3},{"damage":16,"enemies":"3 Darklings","floor":45,"turns":3},{"damage":26,"enemies":"Transient","floor":48,"turns":5},{"damage":13,"enemies":"Time Eater","floor":50,"turns":12},{"damage":79,"enemies":"Shield and Spear","floor":54,"turns":6}],"seed_played":"-2983639959101182106","potions_obtained":[{"floor":1,"key":"EssenceOfSteel"},{"floor":5,"key":"FearPotion"},{"floor":10,"key":"SteroidPotion"},{"floor":16,"key":"FocusPotion"},{"floor":41,"key":"EntropicBrew"}],"is_trial":false,"path_per_floor":["M","?","?","M","M","E","R","M","T","M","$","R","?","E","R","B",null,"M","M","M","?","$","R","M","$","T","M","M","?","?","$","R","B",null,"M","$","M","M","M","R","M","R","T","$","M","R","?","M","R","B",null,"R","$","E"],"character_chosen":"DEFECT","items_purchased":["Bronze Scales","Blizzard","Panacea","Blizzard","ClockworkSouvenir"],"campfire_rested":2,"item_purchase_floors":[11,11,22,22,36],"current_hp_per_floor":[75,57,57,57,57,44,44,38,38,30,30,52,52,52,52,51,75,75,62,62,62,62,62,62,62,62,64,60,60,60,60,60,39,75,72,72,75,57,64,64,54,54,54,54,54,54,54,30,52,46,75,75,75,0],"gold":79,"neow_bonus":"THREE_ENEMY_KILL","is_prod":false,"is_daily":false,"chose_seed":false,"campfire_upgraded":7,"win_rate":0,"timestamp":1555783578,"path_taken":["M","?","?","M","M","E","R","M","T","M","$","R","?","E","R","BOSS","M","M","M","?","$","R","?","$","T","M","M","?","?","?","R","BOSS","M","$","?","M","M","R","M","R","T","$","M","R","?","M","R","BOSS","R","$","E"],"build_version":"2019-01-23","purchased_purges":2,"victory":false,"max_hp_per_floor":[75,75,75,75,75,75,75,75,75,75,75,75,75,75,75,75,75,75,75,75,75,75,75,75,75,75,75,75,75,75,75,75,75,75,75,75,75,75,75,75,75,75,75,75,77,77,73,75,75,75,75,75,75,75],"card_choices":[{"not_picked":["Redo","Go for the Eyes"],"picked":"Defragment","floor":1},{"not_picked":["Consume","Sweeping Beam"],"picked":"Glacier","floor":4},{"not_picked":["Steam","Sunder"],"picked":"Glacier","floor":5},{"not_picked":["Turbo","Creative AI"],"picked":"Blizzard","floor":6},{"not_picked":["Sweeping Beam","Streamline"],"picked":"Defragment","floor":8},{"not_picked":["Gash","Streamline","Recycle"],"picked":"SKIP","floor":10},{"not_picked":["Barrage","Undo"],"picked":"Electrodynamics","floor":14},{"not_picked":["Hyperbeam","Creative AI"],"picked":"Echo Form","floor":16},{"not_picked":["Turbo","Hologram"],"picked":"Conserve Battery","floor":18},{"not_picked":["Go for the Eyes+1","Reinforced Body","Redo"],"picked":"SKIP","floor":19},{"not_picked":["Darkness","Go for the Eyes","Beam Cell"],"picked":"SKIP","floor":20},{"not_picked":["Aggregate","Turbo"],"picked":"Self Repair","floor":24},{"not_picked":["Static Discharge+1","Turbo","Gash"],"picked":"SKIP","floor":27},{"not_picked":["Heatsinks","Darkness","Ball Lightning"],"picked":"SKIP","floor":28},{"not_picked":["Streamline","Sweeping Beam+1","Ball Lightning+1"],"picked":"SKIP","floor":35},{"not_picked":["Reprogram","Sweeping Beam+1","White Noise+1"],"picked":"SKIP","floor":37},{"not_picked":["Beam Cell+1","Barrage+1"],"picked":"Hologram","floor":38},{"not_picked":["Storm","Heatsinks+1","Sweeping Beam+1"],"picked":"SKIP","floor":39},{"not_picked":["Redo+1","Darkness","Tempest+1"],"picked":"SKIP","floor":41},{"not_picked":["Seek","Streamline+1","Lockon+1"],"picked":"Singing Bowl","floor":45},{"not_picked":["Redo+1","Gash+1","Leap+1"],"picked":"Singing Bowl","floor":48}],"player_experience":616366,"relics_obtained":[{"floor":6,"key":"Bag of Preparation"},{"floor":14,"key":"MawBank"},{"floor":26,"key":"Symbiotic Virus"},{"floor":43,"key":"Singing Bowl"}],"event_choices":[{"damage_healed":0,"gold_gain":0,"player_choice":"Take Damage","damage_taken":18,"relics_obtained":["Golden Idol"],"max_hp_gain":0,"max_hp_loss":0,"event_name":"Golden Idol","floor":2,"gold_loss":0},{"damage_healed":0,"gold_gain":0,"player_choice":"Grow","damage_taken":0,"max_hp_gain":0,"max_hp_loss":0,"event_name":"Living Wall","floor":3,"gold_loss":0,"cards_upgraded":["Defragment"]},{"damage_healed":0,"gold_gain":0,"player_choice":"Leave","damage_taken":0,"max_hp_gain":0,"max_hp_loss":0,"event_name":"The Cleric","floor":13,"gold_loss":0},{"damage_healed":0,"gold_gain":0,"player_choice":"2 cards matched","damage_taken":0,"max_hp_gain":0,"max_hp_loss":0,"event_name":"Match and Keep!","floor":21,"gold_loss":0,"cards_obtained":["Injury","Seek"]},{"damage_healed":0,"gold_gain":0,"player_choice":"Simplicity","damage_taken":0,"max_hp_gain":0,"max_hp_loss":0,"event_name":"Back to Basics","floor":29,"gold_loss":0,"cards_upgraded":["Strike_B","Strike_B","Strike_B","Strike_B","Defend_B","Defend_B","Defend_B","Defend_B"]},{"damage_healed":0,"gold_gain":0,"cards_transformed":["Strike_B","Defend_B"],"player_choice":"Became Test Subject","damage_taken":0,"max_hp_gain":0,"max_hp_loss":0,"event_name":"Drug Dealer","floor":30,"gold_loss":0,"cards_obtained":["Electrodynamics","Core Surge"]},{"damage_healed":0,"gold_gain":0,"player_choice":"Max HP","damage_taken":0,"max_hp_gain":0,"max_hp_loss":4,"event_name":"Winding Halls","floor":47,"gold_loss":0}],"is_beta":false,"boss_relics":[{"not_picked":["White Beast Statue","Snecko Eye"],"picked":"Runic Dome"},{"not_picked":["Calling Bell","Black Star"],"picked":"Velvet Choker"}],"items_purged_floors":[22,44],"is_endless":false,"potions_floor_spawned":[1,5,10,16,18,20,33,35,37,41],"killed_by":"Shield and Spear","ascension_level":0}