{"gold_per_floor":[116,41,41,53,53,53,87,87,87,99,132,197,217,217,217,217],"floor_reached":16,"playtime":667,"items_purged":[],"score":211,"play_id":"5d5189ee-7331-4daf-9546-b81f17cbca05","local_time":"20190531113753","is_ascension_mode":true,"campfire_choices":[{"floor":6,"key":"REST"},{"floor":8,"key":"REST"},{"data":"Bouncing Flask","floor":15,"key":"SMITH"}],"neow_cost":"PERCENT_DAMAGE","seed_source_timestamp":1189427268575212,"circlet_count":0,"master_deck":["AscendersBane","Defend_G","Defend_G","Defend_G","Defend_G","Defend_G","Strike_G","Strike_G","Strike_G","Survivor","Neutralize","Dagger Throw","Underhanded Strike","Flying Knee","Adrenaline","Malaise","Dagger Throw","Corpse Explosion","Backflip","Bouncing Flask+1"],"relics":["Ring of the Snake","Regal Pillow","PreservedInsect","Pear","Ninja Scroll","Dodecahedron"],"potions_floor_usage":[7,7,11,12,16],"damage_taken":[{"damage":21,"enemies":"Cultist","floor":1,"turns":6},{"damage":0,"enemies":"Small Slimes","floor":4,"turns":4},{"damage":15,"enemies":"Lagavulin","floor":7,"turns":9},{"damage":0,"enemies":"Jaw Worm","floor":10,"turns":3},{"damage":15,"enemies":"3 Sentries","floor":11,"turns":6},{"damage":20,"enemies":"Lagavulin Event","floor":12,"turns":4},{"damage":0,"enemies":"Large Slime","floor":13,"turns":6},{"damage":37,"enemies":"Slime Boss","floor":16,"turns":7}],"seed_played":"8813424710912027555","potions_obtained":[{"floor":3,"key":"Weak Potion"},{"floor":3,"key":"Dexterity Potion"},{"floor":7,"key":"Poison Potion"},{"floor":11,"key":"Poison Potion"},{"floor":13,"key":"Block Potion"}],"is_trial":false,"path_per_floor":["M","$","?","M","$","R","E","R","T","M","E","?","M","T","R","B"],"character_chosen":"THE_SILENT","items_purchased":["Underhanded Strike","Flying Knee"],"campfire_rested":2,"item_purchase_floors":[2,2],"current_hp_per_floor":[23,23,23,23,23,42,27,61,61,61,56,36,36,36,36,0],"gold":217,"neow_bonus":"REMOVE_TWO","is_prod":false,"is_daily":false,"chose_seed":false,"campfire_upgraded":1,"win_rate":0,"timestamp":1559317073,"path_taken":["M","$","?","?","?","R","E","R","T","M","E","?","M","?","R","BOSS"],"build_version":"2019-01-23","purchased_purges":0,"victory":false,"max_hp_per_floor":[66,66,66,66,66,66,66,66,66,66,76,76,76,76,76,76],"card_choices":[{"not_picked":["PiercingWail","Dodge and Roll"],"picked":"Dagger Throw","floor":1},{"not_picked":["Calculated Gamble","Poisoned Stab"],"picked":"Adrenaline","floor":4},{"not_picked":["Backflip","Cloak And Dagger"],"picked":"Malaise","floor":7},{"not_picked":["All Out Attack","Dodge and Roll"],"picked":"Dagger Throw","floor":10},{"not_picked":["Prepared","Storm of Steel"],"picked":"Corpse Explosion","floor":11},{"not_picked":["Bane","Infinite Blades"],"picked":"Backflip","floor":12},{"not_picked":["Flying Knee","Acrobatics"],"picked":"Bouncing Flask","floor":13}],"player_experience":797459,"relics_obtained":[{"floor":7,"key":"Regal Pillow"},{"floor":9,"key":"PreservedInsect"},{"floor":11,"key":"Pear"},{"floor":12,"key":"Ninja Scroll"},{"floor":14,"key":"Dodecahedron"}],"event_choices":[{"damage_healed":0,"gold_gain":0,"player_choice":"Got Potions","damage_taken":0,"max_hp_gain":0,"max_hp_loss":0,"event_name":"Lab","floor":3,"gold_loss":0},{"damage_healed":0,"gold_gain":0,"player_choice":"Searched \u00271\u0027 times","damage_taken":0,"max_hp_gain":0,"max_hp_loss":0,"event_name":"Dead Adventurer","floor":12,"gold_loss":0}],"is_beta":false,"boss_relics":[],"items_purged_floors":[],"is_endless":false,"potions_floor_spawned":[4,7,11,13],"killed_by":"Slime Boss","ascension_level":19}