{"gold_per_floor":[112,128,128,128,146,171,141,66,66,96,96,61,61,61,61,162,162,180,180,227,127,138,138,138,13,43,43,55,55,65,76,76,181,181,191,211,231,245,256,106,116,128,128,128,128,143,143,154,154,154],"floor_reached":51,"playtime":1286,"items_purged":["Strike_R","Strike_R","Strike_R","Defend_R"],"score":734,"play_id":"c54e1b4c-8f85-456b-b0d3-a1a80797a4b8","local_time":"20190410180300","is_ascension_mode":false,"campfire_choices":[{"floor":15,"key":"REST"},{"data":"Bludgeon","floor":23,"key":"SMITH"},{"data":"Flame Barrier","floor":24,"key":"SMITH"},{"data":"Bludgeon","floor":29,"key":"SMITH"},{"data":"Defend_R","floor":32,"key":"SMITH"},{"data":"Defend_R","floor":47,"key":"SMITH"},{"floor":49,"key":"REST"}],"neow_cost":"NONE","seed_source_timestamp":59612204882663,"circlet_count":0,"master_deck":["Defend_R+1","Defend_R+1","Defend_R+1","Bash+1","Flame Barrier+1","Bludgeon+1","Bludgeon+1"],"relics":["Burning Blood","NeowsBlessing","WingedGreaves","Pocketwatch","Question Card","Vajra","Snecko Eye","Ancient Tea Set","Tiny Chest","Lizard Tail","Red Skull"],"potions_floor_usage":[6,16,33,33,46],"damage_taken":[{"damage":0,"enemies":"2 Louse","floor":1,"turns":1},{"damage":0,"enemies":"Cultist","floor":2,"turns":1},{"damage":0,"enemies":"Jaw Worm","floor":5,"turns":1},{"damage":41,"enemies":"3 Sentries","floor":6,"turns":15},{"damage":5,"enemies":"Looter","floor":7,"turns":4},{"damage":24,"enemies":"Gremlin Nob","floor":10,"turns":5},{"damage":28,"enemies":"Slime Boss","floor":16,"turns":12},{"damage":10,"enemies":"2 Thieves","floor":18,"turns":4},{"damage":0,"enemies":"Spheric Guardian","floor":22,"turns":2},{"damage":0,"enemies":"Cultist and Chosen","floor":28,"turns":2},{"damage":0,"enemies":"Snecko","floor":30,"turns":2},{"damage":0,"enemies":"Snake Plant","floor":31,"turns":1},{"damage":0,"enemies":"Collector","floor":33,"turns":2},{"damage":0,"enemies":"Orb Walker","floor":35,"turns":2},{"damage":5,"enemies":"3 Darklings","floor":36,"turns":3},{"damage":0,"enemies":"Maw","floor":37,"turns":4},{"damage":7,"enemies":"Sphere and 2 Shapes","floor":38,"turns":3},{"damage":0,"enemies":"Transient","floor":39,"turns":5},{"damage":0,"enemies":"4 Shapes","floor":41,"turns":3},{"damage":0,"enemies":"3 Darklings","floor":42,"turns":3},{"damage":27,"enemies":"Writhing Mass","floor":46,"turns":2},{"damage":0,"enemies":"4 Shapes","floor":48,"turns":3},{"damage":60,"enemies":"Time Eater","floor":50,"turns":8}],"seed_played":"-7308188297027614502","potions_obtained":[{"floor":1,"key":"Swift Potion"},{"floor":10,"key":"Poison Potion"},{"floor":16,"key":"Dexterity Potion"},{"floor":18,"key":"LiquidBronze"},{"floor":28,"key":"BloodPotion"},{"floor":31,"key":"Swift Potion"},{"floor":35,"key":"SneckoOil"},{"floor":42,"key":"Explosive Potion"},{"floor":46,"key":"SteroidPotion"}],"is_trial":false,"path_per_floor":["M","M","?","?","M","E","M","$","T","E","?","?","?","$","R","B",null,"M","?","T","$","M","R","R","$","T","$","M","R","M","M","R","B",null,"M","M","M","M","M","$","M","M","T","$","?","M","R","M","R","B",null],"character_chosen":"IRONCLAD","items_purchased":[],"campfire_rested":2,"item_purchase_floors":[],"current_hp_per_floor":[80,80,80,80,80,45,46,46,46,28,12,12,5,5,29,7,80,76,76,76,76,80,80,80,80,80,80,80,80,80,80,80,80,80,80,80,80,79,80,80,80,80,80,80,80,59,59,65,80,26],"gold":154,"neow_bonus":"THREE_ENEMY_KILL","is_prod":false,"is_daily":false,"chose_seed":false,"campfire_upgraded":5,"win_rate":0,"timestamp":1554933780,"path_taken":["M","M","?","?","?","E","M","$","T","E","?","?","?","?","R","BOSS","M","?","?","$","?","R","R","$","T","?","M","R","M","M","R","BOSS","M","?","?","M","M","$","M","M","T","?","?","M","R","M","R","BOSS"],"build_version":"2019-01-23","purchased_purges":4,"victory":true,"max_hp_per_floor":[80,80,80,80,80,80,80,80,80,80,80,80,80,80,80,80,80,80,80,80,80,80,80,80,80,80,80,80,80,80,80,80,80,80,80,80,80,80,80,80,80,80,80,80,80,80,80,80,80,80],"card_choices":[{"not_picked":["Rupture","Twin Strike","Thunderclap"],"picked":"SKIP","floor":1},{"not_picked":["Combust","Corruption","Havoc"],"picked":"SKIP","floor":2},{"not_picked":["Havoc","True Grit","Sword Boomerang"],"picked":"SKIP","floor":5},{"not_picked":["Feel No Pain","Feed"],"picked":"Flame Barrier","floor":6},{"not_picked":["Clash","Clothesline","Iron Wave"],"picked":"SKIP","floor":7},{"not_picked":["Disarm","Anger"],"picked":"Bludgeon","floor":10},{"not_picked":["Barricade","Reaper","Berserk"],"picked":"Bludgeon","floor":16},{"not_picked":["Iron Wave","Sentinel","Flex","Entrench+1"],"picked":"SKIP","floor":18},{"not_picked":["Reckless Charge+1","Thunderclap+1","Headbutt","Disarm"],"picked":"SKIP","floor":22},{"not_picked":["Reckless Charge","Cleave+1","Thunderclap+1","Power Through"],"picked":"SKIP","floor":28},{"not_picked":["Corruption","Cleave","Flex","Sword Boomerang"],"picked":"SKIP","floor":30},{"not_picked":["Metallicize","Fire Breathing","Immolate","Clash"],"picked":"SKIP","floor":31},{"not_picked":["Heavy Blade","Rampage","Dropkick+1","Hemokinesis"],"picked":"SKIP","floor":35},{"not_picked":["Fire Breathing","Cleave","Pommel Strike+1","Armaments"],"picked":"SKIP","floor":36},{"not_picked":["Inflame+1","Armaments+1","Headbutt","Seeing Red"],"picked":"SKIP","floor":37},{"not_picked":["Pommel Strike+1","Cleave+1","Thunderclap+1","Heavy Blade+1"],"picked":"SKIP","floor":38},{"not_picked":["Rupture+1","True Grit","Anger","Dual Wield"],"picked":"SKIP","floor":39},{"not_picked":["Havoc+1","Anger+1","Heavy Blade","Double Tap"],"picked":"SKIP","floor":41},{"not_picked":["Cleave","Dual Wield+1","Metallicize+1","Headbutt+1"],"picked":"SKIP","floor":42},{"not_picked":["Heavy Blade","True Grit","Thunderclap","Fire Breathing+1"],"picked":"SKIP","floor":46},{"not_picked":["Battle Trance","True Grit+1","Headbutt","Twin Strike+1"],"picked":"SKIP","floor":48}],"player_experience":555703,"relics_obtained":[{"floor":6,"key":"WingedGreaves"},{"floor":9,"key":"Pocketwatch"},{"floor":10,"key":"Question Card"},{"floor":20,"key":"Ancient Tea Set"},{"floor":26,"key":"Tiny Chest"},{"floor":43,"key":"Red Skull"}],"event_choices":[{"cards_removed":["Strike_R"],"damage_healed":0,"gold_gain":0,"player_choice":"Forget","damage_taken":0,"max_hp_gain":0,"max_hp_loss":0,"event_name":"Living Wall","floor":3,"gold_loss":0},{"cards_removed":["Strike_R"],"damage_healed":0,"gold_gain":0,"player_choice":"Offered Basic","damage_taken":0,"max_hp_gain":0,"max_hp_loss":0,"event_name":"Bonfire Elementals","floor":4,"gold_loss":0},{"damage_healed":0,"gold_gain":0,"player_choice":"Entered Light","damage_taken":16,"max_hp_gain":0,"max_hp_loss":0,"event_name":"Shining Light","floor":11,"gold_loss":0,"cards_upgraded":["Bash","Defend_R"]},{"damage_healed":0,"gold_gain":0,"player_choice":"Left Gold","damage_taken":0,"max_hp_gain":0,"max_hp_loss":0,"event_name":"World of Goop","floor":12,"gold_loss":35},{"damage_healed":0,"gold_gain":0,"player_choice":"Success","damage_taken":7,"relics_obtained":["Vajra"],"max_hp_gain":0,"max_hp_loss":0,"event_name":"Scrap Ooze","floor":13,"gold_loss":0},{"damage_healed":0,"gold_gain":0,"player_choice":"Ignored","damage_taken":0,"max_hp_gain":0,"max_hp_loss":0,"event_name":"Vampires","floor":19,"gold_loss":0},{"damage_healed":0,"gold_gain":0,"player_choice":"Ignored","damage_taken":0,"max_hp_gain":0,"max_hp_loss":0,"event_name":"Tomb of Lord Red Mask","floor":45,"gold_loss":0}],"is_beta":false,"boss_relics":[{"not_picked":["Coffee Dripper","Runic Cube"],"picked":"Snecko Eye"},{"not_picked":["Black Star","Pandora\u0027s Box"],"picked":"Lizard Tail"}],"items_purged_floors":[8,21,25,40],"is_endless":false,"potions_floor_spawned":[1,10,16,18,28,31,35,42,46,48],"ascension_level":0}