{"gold_per_floor":[112,124,134,146,146,146,177,177,250,282,282,305,55,85,85,85],"floor_reached":16,"playtime":554,"items_purged":["Regret"],"score":247,"play_id":"634af40e-021f-4a30-b006-35223c51d075","local_time":"20190316234626","is_ascension_mode":true,"campfire_choices":[{"data":"Armaments","floor":6,"key":"SMITH"},{"data":"Perfected Strike","floor":8,"key":"SMITH"},{"data":"Perfected Strike","floor":15,"key":"SMITH"}],"neow_cost":"NONE","seed_source_timestamp":2518354273944384,"circlet_count":0,"master_deck":["AscendersBane","Strike_R","Strike_R","Strike_R","Strike_R","Strike_R","Defend_R","Defend_R","Defend_R","Defend_R","Bash","Forethought","Armaments+1","Sword Boomerang","Offering","Perfected Strike+1","Twin Strike","Berserk+1","Metallicize+1","Perfected Strike+1"],"relics":["Burning Blood","Boot","Matryoshka","Bronze Scales","Frozen Egg 2","Magic Flower","MawBank","Vajra","Smiling Mask"],"potions_floor_usage":[7,12,14,16],"damage_taken":[{"damage":1,"enemies":"Cultist","floor":1,"turns":4},{"damage":14,"enemies":"Jaw Worm","floor":2,"turns":5},{"damage":9,"enemies":"2 Louse","floor":3,"turns":3},{"damage":9,"enemies":"Blue Slaver","floor":4,"turns":5},{"damage":6,"enemies":"Gremlin Nob","floor":7,"turns":2},{"damage":26,"enemies":"Lagavulin","floor":10,"turns":4},{"damage":6,"enemies":"Large Slime","floor":12,"turns":2},{"damage":20,"enemies":"Gremlin Nob","floor":14,"turns":3},{"damage":31,"enemies":"The Guardian","floor":16,"turns":8}],"seed_played":"-3302068033386986616","potions_obtained":[{"floor":1,"key":"Ancient Potion"},{"floor":3,"key":"Strength Potion"},{"floor":7,"key":"Explosive Potion"},{"floor":14,"key":"Energy Potion"}],"is_trial":false,"path_per_floor":["M","M","M","M","T","R","E","R","T","E","?","M","$","E","R","B"],"character_chosen":"IRONCLAD","items_purchased":["Vajra","Metallicize+1"],"campfire_rested":0,"item_purchase_floors":[13,13],"current_hp_per_floor":[73,65,62,59,59,59,59,59,59,39,39,42,42,31,31,0],"gold":85,"neow_bonus":"RANDOM_COLORLESS","is_prod":false,"is_daily":false,"chose_seed":false,"campfire_upgraded":3,"win_rate":0,"timestamp":1552794386,"path_taken":["M","?","M","M","?","R","E","R","T","E","?","?","$","E","R","BOSS"],"build_version":"2019-01-23","purchased_purges":1,"victory":false,"max_hp_per_floor":[75,75,75,75,75,75,75,75,75,75,75,75,75,75,75,75],"card_choices":[{"not_picked":["Flex","Clothesline","Anger"],"picked":"SKIP","floor":1},{"not_picked":["Body Slam","Headbutt"],"picked":"Armaments","floor":2},{"not_picked":["Twin Strike","Armaments"],"picked":"Sword Boomerang","floor":3},{"not_picked":["Twin Strike","Fire Breathing"],"picked":"Offering","floor":4},{"not_picked":["Warcry","Clash"],"picked":"Perfected Strike","floor":7},{"not_picked":["Thunderclap","Headbutt"],"picked":"Twin Strike","floor":10},{"not_picked":["Power Through","Armaments"],"picked":"Berserk+1","floor":12},{"not_picked":["Impervious","Hemokinesis"],"picked":"Perfected Strike","floor":14}],"player_experience":405171,"relics_obtained":[{"floor":5,"key":"Boot"},{"floor":7,"key":"Matryoshka"},{"floor":9,"key":"Bronze Scales"},{"floor":9,"key":"Frozen Egg 2"},{"floor":10,"key":"Magic Flower"},{"floor":14,"key":"Smiling Mask"}],"event_choices":[{"damage_healed":0,"gold_gain":0,"player_choice":"Box","damage_taken":0,"relics_obtained":["MawBank"],"max_hp_gain":0,"max_hp_loss":0,"event_name":"Big Fish","floor":11,"gold_loss":0,"cards_obtained":["Regret"]}],"is_beta":false,"boss_relics":[],"items_purged_floors":[13],"is_endless":false,"potions_floor_spawned":[1,3,7,14],"killed_by":"The Guardian","ascension_level":14}