{"gold_per_floor":[116,96,96,111,27,27,52,52,79,79,111,111,124,155,155,233,233,247,263,263,263,263,263,263,263,287,320,68,84,109,50,50,129,129,149,149,75,75,75,75,91,91,139,150,50,50,68,80,80,80],"floor_reached":51,"playtime":1638,"items_purged":["Normality","Parasite"],"score":1409,"play_id":"ddb30ff9-50b6-4174-9e77-c185a52e23a1","local_time":"20190407191615","is_ascension_mode":true,"campfire_choices":[{"data":"Armaments","floor":6,"key":"SMITH"},{"data":"Whirlwind","floor":8,"key":"SMITH"},{"data":"Bash","floor":10,"key":"SMITH"},{"data":"True Grit","floor":15,"key":"SMITH"},{"data":"Demon Form","floor":23,"key":"SMITH"},{"data":"Heavy Blade","floor":25,"key":"SMITH"},{"floor":32,"key":"REST"},{"data":"Limit Break","floor":40,"key":"SMITH"},{"data":"Double Tap","floor":42,"key":"SMITH"},{"floor":49,"key":"REST"}],"neow_cost":"NONE","seed_source_timestamp":176696077280252,"circlet_count":0,"master_deck":["AscendersBane","Strike_R+1","Strike_R+1","Strike_R+1","Strike_R+1","Strike_R+1","Defend_R+1","Defend_R+1","Defend_R+1","Defend_R+1","Bash+1","Armaments+1","Iron Wave","Whirlwind+1","Spot Weakness","True Grit+1","Twin Strike","Heavy Blade","Demon Form+1","Uppercut+1","RitualDagger","Heavy Blade+1","Clothesline","Limit Break+1","Double Tap+1","Shrug It Off","Barricade","Corruption","Ghostly Armor+1"],"relics":["Burning Blood","NeowsBlessing","Mercury Hourglass","Blood Vial","Turnip","FossilizedHelix","Dead Branch","Cursed Key","PreservedInsect","Self Forming Clay","Potion Belt","Busted Crown","Happy Flower"],"potions_floor_usage":[11,16,16,30,33,50,50],"damage_taken":[{"damage":0,"enemies":"2 Louse","floor":1,"turns":1},{"damage":0,"enemies":"Cultist","floor":4,"turns":1},{"damage":0,"enemies":"3 Sentries","floor":7,"turns":1},{"damage":3,"enemies":"Gremlin Nob","floor":11,"turns":3},{"damage":0,"enemies":"Small Slimes","floor":13,"turns":2},{"damage":15,"enemies":"Lagavulin","floor":14,"turns":4},{"damage":44,"enemies":"Hexaghost","floor":16,"turns":10},{"damage":2,"enemies":"Chosen","floor":18,"turns":5},{"damage":12,"enemies":"Spheric Guardian","floor":19,"turns":4},{"damage":9,"enemies":"Book of Stabbing","floor":27,"turns":3},{"damage":9,"enemies":"Cultist and Chosen","floor":29,"turns":4},{"damage":12,"enemies":"Gremlin Leader","floor":30,"turns":4},{"damage":15,"enemies":"Collector","floor":33,"turns":6},{"damage":28,"enemies":"3 Darklings","floor":35,"turns":5},{"damage":0,"enemies":"3 Shapes","floor":41,"turns":1},{"damage":22,"enemies":"3 Darklings","floor":44,"turns":3},{"damage":38,"enemies":"Spire Growth","floor":47,"turns":4},{"damage":0,"enemies":"4 Shapes","floor":48,"turns":6},{"damage":42,"enemies":"Time Eater","floor":50,"turns":8}],"seed_played":"3611096501411754064","potions_obtained":[{"floor":2,"key":"SteroidPotion"},{"floor":7,"key":"Block Potion"},{"floor":11,"key":"Regen Potion"},{"floor":27,"key":"Swift Potion"},{"floor":30,"key":"AttackPotion"},{"floor":47,"key":"EssenceOfSteel"},{"floor":48,"key":"GamblersBrew"}],"is_trial":false,"path_per_floor":["M","?","$","M","$","R","E","R","T","R","E","?","M","E","R","B",null,"M","M","?","?","?","R","?","R","T","E","$","M","E","$","R","B",null,"M","?","$","?","?","R","M","R","T","M","$","?","M","M","R","B",null],"character_chosen":"IRONCLAD","items_purchased":["Whirlwind","Limit Break","Shrug It Off","Corruption"],"campfire_rested":2,"item_purchase_floors":[5,28,31,37],"current_hp_per_floor":[74,74,74,75,75,75,75,75,75,75,75,57,65,58,58,27,63,69,65,65,59,59,59,59,59,59,58,58,57,53,53,75,66,73,53,53,53,53,53,53,61,61,61,47,47,47,17,25,45,11],"gold":80,"neow_bonus":"THREE_ENEMY_KILL","is_prod":false,"is_daily":false,"chose_seed":false,"campfire_upgraded":8,"win_rate":0,"timestamp":1554678975,"path_taken":["M","?","?","?","$","R","E","R","T","R","E","?","M","E","R","BOSS","M","M","?","?","?","R","?","R","T","E","$","M","E","$","R","BOSS","M","?","$","?","?","R","M","R","T","M","$","?","?","M","R","BOSS"],"build_version":"2019-01-23","purchased_purges":2,"victory":true,"max_hp_per_floor":[75,75,75,75,75,75,75,75,75,75,75,75,75,75,75,75,75,75,75,75,75,75,75,75,75,75,75,75,75,75,75,75,75,75,75,71,71,71,71,71,71,71,71,71,68,68,68,68,68,68],"card_choices":[{"not_picked":["Clash","Body Slam"],"picked":"Armaments","floor":1},{"not_picked":["Fire Breathing","Wild Strike"],"picked":"Iron Wave","floor":4},{"not_picked":["Blood for Blood","Body Slam"],"picked":"Spot Weakness","floor":7},{"not_picked":["Cleave","Berserk"],"picked":"True Grit","floor":11},{"not_picked":["Power Through","Intimidate"],"picked":"Twin Strike","floor":13},{"not_picked":["Wild Strike","Havoc"],"picked":"Heavy Blade","floor":14},{"not_picked":["Barricade","Feed"],"picked":"Demon Form","floor":16},{"not_picked":["Searing Blow+1","Iron Wave","Anger"],"picked":"SKIP","floor":18},{"not_picked":["Havoc","Flex"],"picked":"Uppercut+1","floor":19},{"not_picked":["Warcry","Cleave"],"picked":"Clothesline","floor":27},{"not_picked":["Clash","Iron Wave+1","Flex"],"picked":"SKIP","floor":29},{"not_picked":["Bloodletting","Shrug It Off"],"picked":"Double Tap","floor":30},{"not_picked":["Bludgeon","Brutality"],"picked":"Barricade","floor":33},{"not_picked":["Iron Wave"],"picked":"SKIP","floor":35},{"not_picked":["Corruption"],"picked":"SKIP","floor":41},{"not_picked":[],"picked":"Ghostly Armor+1","floor":44},{"not_picked":["Clash"],"picked":"SKIP","floor":47},{"not_picked":["Rupture"],"picked":"SKIP","floor":48}],"player_experience":538667,"relics_obtained":[{"floor":7,"key":"Mercury Hourglass"},{"floor":9,"key":"Blood Vial"},{"floor":11,"key":"Turnip"},{"floor":14,"key":"Dead Branch"},{"floor":26,"key":"PreservedInsect"},{"floor":27,"key":"Self Forming Clay"},{"floor":30,"key":"Potion Belt"},{"floor":43,"key":"Happy Flower"}],"event_choices":[{"damage_healed":0,"gold_gain":0,"player_choice":"Bought 1 Potion","damage_taken":0,"max_hp_gain":0,"max_hp_loss":0,"event_name":"The Woman in Blue","floor":2,"gold_loss":0},{"damage_healed":0,"gold_gain":0,"player_choice":"Success","damage_taken":18,"relics_obtained":["FossilizedHelix"],"max_hp_gain":0,"max_hp_loss":0,"event_name":"Scrap Ooze","floor":12,"gold_loss":0},{"damage_healed":0,"gold_gain":0,"player_choice":"Simplicity","damage_taken":0,"max_hp_gain":0,"max_hp_loss":0,"event_name":"Back to Basics","floor":20,"gold_loss":0,"cards_upgraded":["Strike_R","Strike_R","Strike_R","Strike_R","Strike_R","Defend_R","Defend_R","Defend_R","Defend_R"]},{"damage_healed":0,"gold_gain":0,"player_choice":"Joined the Cult","damage_taken":6,"max_hp_gain":0,"max_hp_loss":0,"event_name":"Nest","floor":21,"gold_loss":0,"cards_obtained":["RitualDagger"]},{"damage_healed":0,"gold_gain":0,"player_choice":"Ignored","damage_taken":0,"max_hp_gain":0,"max_hp_loss":0,"event_name":"Ghosts","floor":22,"gold_loss":0},{"damage_healed":0,"gold_gain":0,"player_choice":"Read","damage_taken":0,"max_hp_gain":0,"max_hp_loss":0,"event_name":"The Library","floor":24,"gold_loss":0,"cards_obtained":["Heavy Blade"]},{"damage_healed":0,"gold_gain":0,"player_choice":"Max HP","damage_taken":0,"max_hp_gain":0,"max_hp_loss":4,"event_name":"Winding Halls","floor":36,"gold_loss":0},{"damage_healed":0,"gold_gain":0,"player_choice":"Ignored","damage_taken":0,"max_hp_gain":0,"max_hp_loss":0,"event_name":"Mysterious Sphere","floor":38,"gold_loss":0},{"damage_healed":0,"gold_gain":0,"player_choice":"Ignored","damage_taken":0,"max_hp_gain":0,"max_hp_loss":0,"event_name":"Tomb of Lord Red Mask","floor":39,"gold_loss":0},{"damage_healed":0,"gold_gain":0,"player_choice":"Memory 1","damage_taken":0,"max_hp_gain":0,"max_hp_loss":0,"event_name":"SensoryStone","floor":46,"gold_loss":0}],"is_beta":false,"boss_relics":[{"not_picked":["Velvet Choker","Runic Dome"],"picked":"Cursed Key"},{"not_picked":["Fusion Hammer","Runic Cube"],"picked":"Busted Crown"}],"items_purged_floors":[28,45],"is_endless":false,"potions_floor_spawned":[7,11,27,30,47,48],"ascension_level":19}