{"gold_per_floor":[368,385,385,402,53,53,53,3,29,63,63,83,106,122,122,122],"floor_reached":16,"playtime":1197,"items_purged":["Pain"],"score":112,"play_id":"0ea3bceb-27f4-4bb6-ba11-7fc4b14fdba1","local_time":"20190610192058","is_ascension_mode":true,"campfire_choices":[{"data":"Jack Of All Trades","floor":6,"key":"SMITH"},{"floor":11,"key":"REST"},{"floor":15,"key":"REST"}],"neow_cost":"CURSE","seed_source_timestamp":4820313336867156,"circlet_count":0,"master_deck":["Defend_G","Defend_G","Defend_G","Defend_G","Strike_G","Strike_G","Strike_G","Strike_G","Survivor","Neutralize","Backstab","Accuracy","Bane","Deflect","Jack Of All Trades+1","Master of Strategy","Prepared","Calculated Gamble","Backflip","Escape Plan","Deflect","Tools of the Trade"],"relics":["Ring of the Snake","Golden Idol","Dream Catcher","Bag of Marbles"],"potions_floor_usage":[],"damage_taken":[{"damage":13,"enemies":"2 Louse","floor":1,"turns":4},{"damage":7,"enemies":"Cultist","floor":2,"turns":3},{"damage":5,"enemies":"Small Slimes","floor":4,"turns":3},{"damage":31,"enemies":"3 Sentries","floor":10,"turns":12},{"damage":8,"enemies":"Blue Slaver","floor":12,"turns":2},{"damage":11,"enemies":"Large Slime","floor":13,"turns":8},{"damage":0,"enemies":"Looter","floor":14,"turns":2},{"damage":34,"enemies":"Hexaghost","floor":16,"turns":14}],"seed_played":"6565619187676677550","potions_obtained":[{"floor":2,"key":"Energy Potion"},{"floor":4,"key":"LiquidBronze"},{"floor":12,"key":"Explosive Potion"}],"is_trial":false,"path_per_floor":["M","M","?","M","$","R","?","?","T","E","R","M","M","M","R","B"],"character_chosen":"THE_SILENT","items_purchased":["Jack Of All Trades","Master of Strategy"],"campfire_rested":2,"item_purchase_floors":[5,5],"current_hp_per_floor":[57,50,50,45,45,45,45,45,45,14,33,25,14,14,33,0],"gold":122,"neow_bonus":"TWO_FIFTY_GOLD","is_prod":false,"is_daily":false,"chose_seed":false,"campfire_upgraded":1,"win_rate":0,"timestamp":1560212458,"path_taken":["M","M","?","M","?","R","?","?","T","E","R","?","M","M","R","BOSS"],"build_version":"2019-01-23","purchased_purges":1,"victory":false,"max_hp_per_floor":[70,70,70,70,70,70,65,65,65,65,65,65,65,65,65,65],"card_choices":[{"not_picked":["Expertise","Distraction"],"picked":"Backstab","floor":1},{"not_picked":["Poisoned Stab","Dagger Throw"],"picked":"Accuracy","floor":2},{"not_picked":["Quick Slash","Sucker Punch"],"picked":"Deflect","floor":4},{"not_picked":["Accuracy","Flying Knee"],"picked":"Prepared","floor":10},{"not_picked":["Dash","Tactician"],"picked":"Calculated Gamble","floor":11},{"not_picked":["Leg Sweep","Dagger Throw"],"picked":"Backflip","floor":12},{"not_picked":["Deadly Poison","Dash"],"picked":"Escape Plan","floor":13},{"not_picked":["Dagger Throw","Flying Knee"],"picked":"Deflect","floor":14},{"not_picked":["Deadly Poison","Quick Slash"],"picked":"Tools of the Trade","floor":15}],"player_experience":72520,"relics_obtained":[{"floor":9,"key":"Dream Catcher"},{"floor":10,"key":"Bag of Marbles"}],"event_choices":[{"damage_healed":0,"gold_gain":0,"cards_transformed":["Defend_G"],"player_choice":"Transformed","damage_taken":0,"max_hp_gain":0,"max_hp_loss":0,"event_name":"Transmorgrifier","floor":3,"gold_loss":0,"cards_obtained":["Bane"]},{"damage_healed":0,"gold_gain":0,"player_choice":"Lose Max HP","damage_taken":0,"relics_obtained":["Golden Idol"],"max_hp_gain":0,"max_hp_loss":5,"event_name":"Golden Idol","floor":7,"gold_loss":0},{"cards_removed":["Strike_G"],"damage_healed":0,"gold_gain":0,"player_choice":"Card Removal","damage_taken":0,"max_hp_gain":0,"max_hp_loss":0,"event_name":"The Cleric","floor":8,"gold_loss":50}],"is_beta":false,"boss_relics":[],"items_purged_floors":[5],"is_endless":false,"potions_floor_spawned":[2,4,12,13],"killed_by":"Hexaghost","ascension_level":2}