{"gold_per_floor":[114,134,99,99,110,110,143,74,74,35,54,67,67,94,94,171,171,189,114,114,129,141,141,91,107,107,122,122,141,67,67,67,141,191,210,210,210,210,227,227,227,239,263,263,279,297,317,345,345,345],"floor_reached":51,"playtime":3087,"items_purged":[],"score":1263,"play_id":"5944dcde-fc77-4a1b-ae7e-222690204634","local_time":"20190503144132","is_ascension_mode":true,"campfire_choices":[{"data":"Acrobatics","floor":6,"key":"SMITH"},{"floor":15,"key":"REST"},{"floor":23,"key":"REST"},{"floor":28,"key":"REST"},{"floor":32,"key":"REST"},{"floor":40,"key":"REST"},{"data":"Noxious Fumes","floor":44,"key":"SMITH"},{"floor":49,"key":"REST"}],"neow_cost":"NONE","seed_source_timestamp":582619642832818,"circlet_count":0,"master_deck":["AscendersBane","Defend_G","Defend_G","Defend_G","Defend_G","Defend_G","Strike_G","Strike_G","Strike_G","Strike_G","Strike_G","Survivor","Neutralize","Storm of Steel+1","Acrobatics+1","PiercingWail","Escape Plan","Infinite Blades","Footwork","Noxious Fumes+1","Corpse Explosion+1","Backflip+1","Well Laid Plans","Injury","Outmaneuver+1","Blur","Ghostly","Ghostly","Ghostly","Envenom","Backflip","Dramatic Entrance","Footwork+1","Cloak And Dagger+1","Doubt","Footwork","Dash","Escape Plan+1","Deadly Poison"],"relics":["Ring of the Snake","Calipers","Dead Branch","Vajra","Cursed Key","Bottled Lightning","Tiny House","Ancient Tea Set","Bottled Tornado"],"potions_floor_usage":[7,12,16,27,29,29,40,46],"damage_taken":[{"damage":6,"enemies":"Jaw Worm","floor":1,"turns":5},{"damage":0,"enemies":"2 Louse","floor":2,"turns":5},{"damage":6,"enemies":"Cultist","floor":5,"turns":3},{"damage":17,"enemies":"3 Sentries","floor":7,"turns":6},{"damage":18,"enemies":"Exordium Thugs","floor":11,"turns":5},{"damage":13,"enemies":"Red Slaver","floor":12,"turns":5},{"damage":37,"enemies":"The Guardian","floor":16,"turns":12},{"damage":0,"enemies":"Chosen","floor":18,"turns":5},{"damage":11,"enemies":"Spheric Guardian","floor":21,"turns":3},{"damage":13,"enemies":"Shelled Parasite and Fungi","floor":22,"turns":7},{"damage":12,"enemies":"Chosen and Byrds","floor":25,"turns":8},{"damage":9,"enemies":"Snecko","floor":27,"turns":4},{"damage":11,"enemies":"Snake Plant","floor":29,"turns":5},{"damage":17,"enemies":"Collector","floor":33,"turns":10},{"damage":2,"enemies":"Orb Walker","floor":35,"turns":5},{"damage":4,"enemies":"3 Shapes","floor":39,"turns":5},{"damage":0,"enemies":"3 Darklings","floor":42,"turns":6},{"damage":0,"enemies":"Sphere and 2 Shapes","floor":45,"turns":4},{"damage":11,"enemies":"Writhing Mass","floor":46,"turns":9},{"damage":0,"enemies":"Jaw Worm Horde","floor":47,"turns":3},{"damage":27,"enemies":"Nemesis","floor":48,"turns":7},{"damage":10,"enemies":"Donu and Deca","floor":50,"turns":8}],"seed_played":"8430674433429431486","potions_obtained":[{"floor":1,"key":"AttackPotion"},{"floor":11,"key":"Regen Potion"},{"floor":12,"key":"GamblersBrew"},{"floor":16,"key":"SpeedPotion"},{"floor":18,"key":"Dexterity Potion"},{"floor":27,"key":"Dexterity Potion"},{"floor":34,"key":"SkillPotion"},{"floor":35,"key":"Weak Potion"},{"floor":39,"key":"Fruit Juice"},{"floor":45,"key":"FearPotion"}],"is_trial":false,"path_per_floor":["M","M","?","?","M","R","E","$","T","$","M","M","$","T","R","B",null,"M","?","?","M","M","R","?","M","T","M","R","M","$","?","R","B",null,"M","?","?","?","M","R","?","M","T","R","M","M","M","E","R","B",null],"character_chosen":"THE_SILENT","items_purchased":["Infinite Blades","Footwork","Blur"],"campfire_rested":6,"item_purchase_floors":[8,10,30],"current_hp_per_floor":[53,53,66,66,60,60,43,43,43,43,25,26,26,26,45,8,52,52,52,43,32,19,38,38,26,26,17,36,25,25,25,33,16,34,32,32,32,32,28,43,43,43,43,43,43,32,32,5,17,7],"gold":345,"neow_bonus":"ONE_RANDOM_RARE_CARD","is_prod":false,"is_daily":false,"chose_seed":false,"campfire_upgraded":2,"win_rate":0,"timestamp":1556919692,"path_taken":["M","M","?","?","?","R","E","$","T","?","?","M","?","?","R","BOSS","M","?","?","?","M","R","?","M","T","M","R","?","$","?","R","BOSS","M","?","?","?","M","R","?","M","T","R","M","M","?","E","R","BOSS"],"build_version":"2019-01-23","purchased_purges":0,"victory":true,"max_hp_per_floor":[66,66,66,66,66,66,66,66,66,66,66,66,66,66,66,66,66,66,66,66,66,66,66,66,66,66,66,66,66,66,33,33,33,38,38,38,38,38,38,43,43,43,43,43,43,43,43,43,43,43],"card_choices":[{"not_picked":["Riddle With Holes","Dagger Spray"],"picked":"Acrobatics","floor":1},{"not_picked":["Prepared","Caltrops"],"picked":"PiercingWail","floor":2},{"not_picked":["Reflex","Predator"],"picked":"Escape Plan","floor":5},{"not_picked":["Deadly Poison","Flechettes"],"picked":"All Out Attack","floor":7},{"not_picked":["Bane","Poisoned Stab"],"picked":"Setup","floor":11},{"not_picked":["Poisoned Stab","Flechettes"],"picked":"Noxious Fumes","floor":12},{"not_picked":["Glass Knife","Adrenaline"],"picked":"Corpse Explosion","floor":16},{"not_picked":["Dagger Throw","Bane+1","Blade Dance"],"picked":"SKIP","floor":18},{"not_picked":["Dodge and Roll","Acrobatics"],"picked":"Backflip+1","floor":21},{"not_picked":["Quick Slash","Terror","Outmaneuver"],"picked":"SKIP","floor":22},{"not_picked":["Endless Agony","Deflect"],"picked":"Well Laid Plans","floor":25},{"not_picked":["Prepared","Skewer"],"picked":"Outmaneuver+1","floor":27},{"not_picked":["Outmaneuver","Backstab","Deadly Poison"],"picked":"SKIP","floor":29},{"not_picked":["Storm of Steel","Glass Knife"],"picked":"Envenom","floor":33},{"not_picked":["Flying Knee","Expertise"],"picked":"Backflip","floor":34},{"not_picked":["Endless Agony","Backstab","Prepared"],"picked":"SKIP","floor":35},{"not_picked":["Mayhem","Metamorphosis"],"picked":"Dramatic Entrance","floor":37},{"not_picked":["Deflect","Tactician+1"],"picked":"Footwork+1","floor":39},{"not_picked":["Underhanded Strike","Quick Slash"],"picked":"Cloak And Dagger+1","floor":42},{"not_picked":["Escape Plan","Masterful Stab"],"picked":"Footwork","floor":45},{"not_picked":["Die Die Die","Masterful Stab"],"picked":"Dash","floor":46},{"not_picked":["Skewer","Dagger Throw"],"picked":"Escape Plan+1","floor":47},{"not_picked":["Calculated Gamble+1","Deflect+1"],"picked":"Deadly Poison","floor":48}],"player_experience":882986,"relics_obtained":[{"floor":7,"key":"Calipers"},{"floor":9,"key":"Dead Branch"},{"floor":14,"key":"Vajra"},{"floor":26,"key":"Bottled Lightning"},{"floor":43,"key":"Ancient Tea Set"},{"floor":48,"key":"Bottled Tornado"}],"event_choices":[{"damage_healed":16,"gold_gain":0,"player_choice":"Healed","damage_taken":0,"max_hp_gain":0,"max_hp_loss":0,"event_name":"The Cleric","floor":3,"gold_loss":35},{"damage_healed":0,"gold_gain":0,"player_choice":"Upgraded","damage_taken":0,"max_hp_gain":0,"max_hp_loss":0,"event_name":"Upgrade Shrine","floor":4,"gold_loss":0,"cards_upgraded":["Storm of Steel"]},{"cards_removed":["Setup"],"damage_healed":0,"gold_gain":0,"player_choice":"Gave Gold","damage_taken":0,"max_hp_gain":0,"max_hp_loss":0,"event_name":"Beggar","floor":19,"gold_loss":75},{"damage_healed":0,"gold_gain":0,"player_choice":"Damaged","damage_taken":9,"max_hp_gain":0,"max_hp_loss":0,"event_name":"Wheel of Change","floor":20,"gold_loss":0},{"damage_healed":0,"gold_gain":0,"player_choice":"Bet on Murderer","damage_taken":0,"max_hp_gain":0,"max_hp_loss":0,"event_name":"The Joust","floor":24,"gold_loss":50},{"damage_healed":0,"gold_gain":0,"player_choice":"Became a Ghost","damage_taken":0,"max_hp_gain":0,"max_hp_loss":33,"event_name":"Ghosts","floor":31,"gold_loss":0,"cards_obtained":["Ghostly","Ghostly","Ghostly"]},{"damage_healed":0,"gold_gain":0,"player_choice":"Ignored","damage_taken":0,"max_hp_gain":0,"max_hp_loss":0,"event_name":"Mysterious Sphere","floor":36,"gold_loss":0},{"damage_healed":0,"gold_gain":0,"player_choice":"Memory 1","damage_taken":0,"max_hp_gain":0,"max_hp_loss":0,"event_name":"SensoryStone","floor":37,"gold_loss":0},{"damage_healed":0,"gold_gain":0,"player_choice":"Ignored","damage_taken":0,"max_hp_gain":0,"max_hp_loss":0,"event_name":"Tomb of Lord Red Mask","floor":38,"gold_loss":0},{"cards_removed":["All Out Attack"],"damage_healed":0,"gold_gain":0,"player_choice":"Removed Attack","damage_taken":0,"max_hp_gain":0,"max_hp_loss":0,"event_name":"Falling","floor":41,"gold_loss":0}],"is_beta":false,"boss_relics":[{"not_picked":["Pandora\u0027s Box","Sozu"],"picked":"Cursed Key"},{"not_picked":["Velvet Choker","Ring of the Serpent"],"picked":"Tiny House"}],"items_purged_floors":[],"is_endless":false,"potions_floor_spawned":[1,11,12,16,18,22,27,35,39,45,48],"ascension_level":15}