{"gold_per_floor":[119,134,153,165,134,134,144,144,168,168,194,194,194,209,209,305,305,275,293,303,303,316,316,316,316,316,349,364,377,6,6,6,108,108,128,144,156,156,172,207,207,37,37,47,67,0,12,12,12,12],"floor_reached":50,"playtime":3104,"items_purged":["Strike_G","Defend_G"],"score":523,"play_id":"11e1279d-e757-4f22-8207-ed2c03e5ddfa","local_time":"20190621214547","is_ascension_mode":false,"campfire_choices":[{"data":"Masterful Stab","floor":6,"key":"SMITH"},{"data":"Footwork","floor":8,"key":"SMITH"},{"data":"Dagger Throw","floor":10,"key":"SMITH"},{"data":"Die Die Die","floor":12,"key":"SMITH"},{"data":"Blur","floor":15,"key":"SMITH"},{"data":"Bullet Time","floor":23,"key":"SMITH"},{"floor":25,"key":"REST"},{"floor":32,"key":"REST"},{"floor":41,"key":"REST"},{"floor":49,"key":"REST"}],"neow_cost":"NONE","seed_source_timestamp":184605715488388,"circlet_count":0,"master_deck":["Defend_G","Defend_G","Defend_G","Strike_G","Strike_G","Strike_G","Survivor","Neutralize+1","Dagger Spray","Masterful Stab+1","Dagger Throw+1","Footwork+1","Die Die Die+1","Blur+1","Bullet Time+1","Well Laid Plans","Backflip+1","Heel Hook","Calculated Gamble","Slice","Leg Sweep+1","Shame","Finisher","Flying Knee+1","Quick Slash","After Image","Blade Dance+1","Phantasmal Killer","Footwork+1","Caltrops+1","Choke"],"relics":["Ring of the Snake","Ancient Tea Set","Snake Skull","Cursed Key","Paper Crane","Happy Flower","Omamori","Vajra","Sozu","Frozen Egg 2","Singing Bowl","Red Mask"],"potions_floor_usage":[4,11,11,14,16,27,27,29],"damage_taken":[{"damage":1,"enemies":"Cultist","floor":1,"turns":5},{"damage":0,"enemies":"Small Slimes","floor":2,"turns":4},{"damage":0,"enemies":"2 Louse","floor":3,"turns":2},{"damage":0,"enemies":"2 Fungi Beasts","floor":4,"turns":2},{"damage":0,"enemies":"Blue Slaver","floor":7,"turns":3},{"damage":11,"enemies":"3 Sentries","floor":11,"turns":5},{"damage":2,"enemies":"Exordium Thugs","floor":14,"turns":3},{"damage":16,"enemies":"Hexaghost","floor":16,"turns":15},{"damage":16,"enemies":"2 Thieves","floor":18,"turns":5},{"damage":1,"enemies":"Shell Parasite","floor":19,"turns":6},{"damage":0,"enemies":"Shelled Parasite and Fungi","floor":20,"turns":6},{"damage":0,"enemies":"Snecko","floor":22,"turns":5},{"damage":0,"enemies":"Book of Stabbing","floor":27,"turns":8},{"damage":5,"enemies":"Chosen and Byrds","floor":28,"turns":8},{"damage":1,"enemies":"Snake Plant","floor":29,"turns":4},{"damage":44,"enemies":"Champ","floor":33,"turns":16},{"damage":9,"enemies":"3 Shapes","floor":35,"turns":5},{"damage":15,"enemies":"3 Darklings","floor":36,"turns":5},{"damage":5,"enemies":"Spire Growth","floor":37,"turns":5},{"damage":7,"enemies":"Maw","floor":39,"turns":12},{"damage":1,"enemies":"Reptomancer","floor":40,"turns":7},{"damage":13,"enemies":"Jaw Worm Horde","floor":44,"turns":4},{"damage":23,"enemies":"Sphere and 2 Shapes","floor":45,"turns":5},{"damage":7,"enemies":"Maw","floor":47,"turns":7},{"damage":57,"enemies":"Donu and Deca","floor":50,"turns":7}],"seed_played":"89995287986409737","potions_obtained":[{"floor":2,"key":"Strength Potion"},{"floor":3,"key":"Explosive Potion"},{"floor":4,"key":"GhostInAJar"},{"floor":11,"key":"Strength Potion"},{"floor":14,"key":"Block Potion"},{"floor":19,"key":"Dexterity Potion"},{"floor":22,"key":"SpeedPotion"},{"floor":28,"key":"Swift Potion"}],"is_trial":false,"path_per_floor":["M","M","M","M","?","R","M","R","T","R","E","R","?","M","R","B",null,"M","M","M","?","M","R","?","R","T","E","M","M","$","?","R","B",null,"M","M","M","?","M","E","R","$","T","M","M","?","M","$","R","B"],"character_chosen":"THE_SILENT","items_purchased":["Omamori","Vajra","Footwork+1"],"campfire_rested":4,"item_purchase_floors":[30,30,42],"current_hp_per_floor":[69,69,69,69,69,69,69,69,69,69,58,58,58,56,56,40,70,54,53,53,53,53,53,40,62,62,62,57,56,56,49,71,27,75,66,51,46,46,39,38,60,60,60,47,24,24,19,19,42,0],"gold":12,"neow_bonus":"UPGRADE_CARD","is_prod":false,"is_daily":false,"chose_seed":false,"campfire_upgraded":6,"win_rate":0,"timestamp":1561178747,"path_taken":["M","M","M","M","?","R","M","R","T","R","E","R","?","M","R","BOSS","M","M","M","?","M","R","?","R","T","E","M","M","$","?","R","BOSS","M","M","M","?","M","E","R","$","T","M","M","?","M","?","R","BOSS"],"build_version":"2019-01-23","purchased_purges":2,"victory":false,"max_hp_per_floor":[70,70,70,70,70,70,70,70,70,70,70,70,70,70,70,70,70,70,70,70,70,70,70,75,75,75,75,75,75,75,75,75,75,75,75,75,75,75,75,75,75,75,75,75,75,75,77,77,77,77],"card_choices":[{"not_picked":["Prepared","Underhanded Strike"],"picked":"Dagger Spray","floor":1},{"not_picked":["Dodge and Roll","Flechettes"],"picked":"Masterful Stab","floor":2},{"not_picked":["Predator","Outmaneuver"],"picked":"Dagger Throw","floor":3},{"not_picked":["Catalyst","Infinite Blades","Sucker Punch"],"picked":"SKIP","floor":4},{"not_picked":["Underhanded Strike","PiercingWail"],"picked":"Footwork","floor":7},{"not_picked":["Blade Dance","Backstab"],"picked":"Die Die Die","floor":11},{"not_picked":["Dagger Throw","Bouncing Flask"],"picked":"Blur","floor":14},{"not_picked":["Venomology","Glass Knife"],"picked":"Bullet Time","floor":16},{"not_picked":["Deflect+1","Blur"],"picked":"Well Laid Plans","floor":18},{"not_picked":["Predator","Prepared+1"],"picked":"Backflip+1","floor":19},{"not_picked":["Blade Dance","Backflip"],"picked":"Heel Hook","floor":20},{"not_picked":["Quick Slash+1","All Out Attack+1"],"picked":"Leg Sweep+1","floor":22},{"not_picked":["Caltrops","Setup"],"picked":"Finisher","floor":27},{"not_picked":["Deflect","Deadly Poison+1"],"picked":"Flying Knee+1","floor":28},{"not_picked":["Underhanded Strike","Bullet Time"],"picked":"Quick Slash","floor":29},{"not_picked":["Envenom","Malaise"],"picked":"After Image","floor":33},{"not_picked":["Slice","Bane","Backstab"],"picked":"SKIP","floor":35},{"not_picked":["Underhanded Strike+1","Dodge and Roll","PiercingWail"],"picked":"SKIP","floor":36},{"not_picked":["Poisoned Stab","Deadly Poison","Dodge and Roll"],"picked":"SKIP","floor":37},{"not_picked":["Slice","Bane+1"],"picked":"Blade Dance+1","floor":39},{"not_picked":["Noxious Fumes","Flying Knee+1"],"picked":"Phantasmal Killer","floor":40},{"not_picked":["Sucker Punch","Poisoned Stab+1"],"picked":"Caltrops+1","floor":44},{"not_picked":["Deadly Poison+1","Underhanded Strike+1"],"picked":"Choke","floor":45},{"not_picked":["Deflect","Flying Knee+1","Slice"],"picked":"Singing Bowl","floor":47}],"player_experience":464200,"relics_obtained":[{"floor":9,"key":"Ancient Tea Set"},{"floor":11,"key":"Snake Skull"},{"floor":26,"key":"Paper Crane"},{"floor":27,"key":"Happy Flower"},{"floor":40,"key":"Frozen Egg 2"},{"floor":43,"key":"Singing Bowl"}],"event_choices":[{"damage_healed":0,"gold_gain":0,"player_choice":"Left Gold","damage_taken":0,"max_hp_gain":0,"max_hp_loss":0,"event_name":"World of Goop","floor":5,"gold_loss":31},{"damage_healed":0,"gold_gain":0,"player_choice":"Ignored","damage_taken":0,"max_hp_gain":0,"max_hp_loss":0,"event_name":"Golden Idol","floor":13,"gold_loss":0},{"damage_healed":0,"gold_gain":0,"cards_transformed":["Defend_G","Strike_G"],"player_choice":"Became Test Subject","damage_taken":0,"max_hp_gain":0,"max_hp_loss":0,"event_name":"Drug Dealer","floor":21,"gold_loss":0,"cards_obtained":["Calculated Gamble","Slice"]},{"damage_healed":0,"gold_gain":0,"player_choice":"Shed Blood","damage_taken":18,"max_hp_gain":5,"max_hp_loss":0,"event_name":"Forgotten Altar","floor":24,"gold_loss":0},{"damage_healed":0,"gold_gain":0,"player_choice":"","damage_taken":7,"max_hp_gain":0,"max_hp_loss":0,"event_name":"Knowing Skull","floor":31,"potions_obtained":[],"gold_loss":0,"cards_obtained":[]},{"damage_healed":0,"gold_gain":0,"player_choice":"Ignored","damage_taken":0,"max_hp_gain":0,"max_hp_loss":0,"event_name":"Mysterious Sphere","floor":38,"gold_loss":0},{"damage_healed":0,"gold_gain":0,"player_choice":"Paid","damage_taken":0,"relics_obtained":["Red Mask"],"max_hp_gain":0,"max_hp_loss":0,"event_name":"Tomb of Lord Red Mask","floor":46,"gold_loss":67}],"is_beta":false,"boss_relics":[{"not_picked":["HoveringKite","Velvet Choker"],"picked":"Cursed Key"},{"not_picked":["Busted Crown","Ring of the Serpent"],"picked":"Sozu"}],"items_purged_floors":[30,42],"is_endless":false,"potions_floor_spawned":[2,3,4,11,14,19,22,28,35,39,45,47],"killed_by":"Donu and Deca","ascension_level":0}