{"gold_per_floor":[112,127,277,277,290,316,316,332,332,332,362,381,456,9,9,9],"floor_reached":16,"playtime":1037,"items_purged":[],"score":204,"play_id":"78fa9e69-b712-488d-85db-9e846300c11f","local_time":"20190403204702","is_ascension_mode":true,"campfire_choices":[{"floor":7,"key":"REST"},{"floor":10,"key":"REST"},{"floor":15,"key":"REST"}],"neow_cost":"PERCENT_DAMAGE","seed_source_timestamp":1220404862738037,"circlet_count":0,"master_deck":["AscendersBane","Strike_B","Strike_B","Strike_B","Defend_B","Defend_B","Defend_B","Defend_B","Zap","Dualcast","Sweeping Beam","Capacitor","Doubt","Coolheaded","Leap","Conserve Battery","Hologram+1"],"relics":["Cracked Core","Emotion Chip","Bag of Marbles","Oddly Smooth Stone","Toxic Egg 2","Prayer Wheel"],"potions_floor_usage":[6,12,14,16],"damage_taken":[{"damage":4,"enemies":"Jaw Worm","floor":1,"turns":4},{"damage":7,"enemies":"Small Slimes","floor":2,"turns":3},{"damage":0,"enemies":"Cultist","floor":5,"turns":4},{"damage":20,"enemies":"Lagavulin","floor":6,"turns":6},{"damage":9,"enemies":"Blue Slaver","floor":8,"turns":6},{"damage":20,"enemies":"3 Sentries","floor":11,"turns":12},{"damage":0,"enemies":"3 Louse","floor":12,"turns":4},{"damage":44,"enemies":"Hexaghost","floor":16,"turns":17}],"seed_played":"5513396080444052819","potions_obtained":[{"floor":1,"key":"SkillPotion"},{"floor":6,"key":"Swift Potion"},{"floor":11,"key":"Fire Potion"}],"is_trial":false,"path_per_floor":["M","M","?","?","M","E","R","M","T","R","E","M","?","$","R","B"],"character_chosen":"DEFECT","items_purchased":["Prayer Wheel","Fruit Juice"],"campfire_rested":3,"item_purchase_floors":[14,14],"current_hp_per_floor":[42,35,35,35,35,15,36,27,27,48,28,28,17,22,44,0],"gold":9,"neow_bonus":"ONE_RARE_RELIC","is_prod":false,"is_daily":false,"chose_seed":false,"campfire_upgraded":0,"win_rate":0,"timestamp":1554338822,"path_taken":["M","M","?","?","M","E","R","M","T","R","E","?","?","$","R","BOSS"],"build_version":"2019-01-23","purchased_purges":0,"victory":false,"max_hp_per_floor":[71,71,71,71,71,71,71,71,71,71,71,71,71,76,76,76],"card_choices":[{"not_picked":["Beam Cell","Reprogram"],"picked":"Sweeping Beam","floor":1},{"not_picked":["Barrage","Turbo"],"picked":"Capacitor","floor":2},{"not_picked":["Storm","Rebound"],"picked":"Leap","floor":5},{"not_picked":["Sweeping Beam","Beam Cell"],"picked":"Conserve Battery","floor":6},{"not_picked":["Recycle","Steam Power","Creative AI"],"picked":"SKIP","floor":8},{"not_picked":["Conserve Battery","White Noise"],"picked":"Hologram","floor":11},{"not_picked":["Sweeping Beam","Capacitor","Gash"],"picked":"SKIP","floor":12}],"player_experience":505088,"relics_obtained":[{"floor":6,"key":"Bag of Marbles"},{"floor":9,"key":"Oddly Smooth Stone"},{"floor":11,"key":"Toxic Egg 2"}],"event_choices":[{"damage_healed":0,"gold_gain":150,"player_choice":"AGREE","damage_taken":0,"max_hp_gain":0,"max_hp_loss":0,"event_name":"Liars Game","floor":3,"gold_loss":0,"cards_obtained":["Doubt"]},{"damage_healed":0,"gold_gain":0,"cards_transformed":["Strike_B"],"player_choice":"Transformed","damage_taken":0,"max_hp_gain":0,"max_hp_loss":0,"event_name":"Transmorgrifier","floor":4,"gold_loss":0,"cards_obtained":["Coolheaded"]},{"damage_healed":0,"gold_gain":75,"player_choice":"Gather Gold","damage_taken":11,"max_hp_gain":0,"max_hp_loss":0,"event_name":"World of Goop","floor":13,"gold_loss":0}],"is_beta":false,"boss_relics":[],"items_purged_floors":[],"is_endless":false,"potions_floor_spawned":[1,6,11],"killed_by":"Hexaghost","ascension_level":17}