{"gold_per_floor":[116,116,291,34,50,50,75,89,89,89,101,101,101,101,101,206,206,222,272,24,29,0,31,31,49,118,118,118,118,43,56,56,158,158,176,176,17,17,17,17,46,46,46,58,58,70,70,87,87,87],"floor_reached":51,"playtime":4292,"items_purged":["Doubt"],"score":1115,"play_id":"228036b4-2af1-42ed-b8b5-735aa3656b40","local_time":"20190702200959","is_ascension_mode":true,"campfire_choices":[{"data":"Neutralize","floor":6.0,"key":"SMITH"},{"data":"Blade Dance","floor":10.0,"key":"SMITH"},{"data":"After Image","floor":12.0,"key":"SMITH"},{"floor":15.0,"key":"REST"},{"floor":24.0,"key":"REST"},{"data":"Adrenaline","floor":29.0,"key":"SMITH"},{"data":"Dagger Spray","floor":32.0,"key":"SMITH"},{"data":"Burst","floor":40.0,"key":"SMITH"},{"floor":45.0,"key":"REST"},{"data":"Well Laid Plans","floor":47,"key":"SMITH"},{"data":"Discovery","floor":49,"key":"SMITH"}],"neow_cost":"NONE","seed_source_timestamp":6720744382632410,"circlet_count":0,"master_deck":["AscendersBane","Strike_G","Strike_G","Strike_G","Strike_G","Defend_G","Defend_G","Defend_G","Defend_G","Defend_G","Survivor","Neutralize+1","After Image+1","Blade Dance+1","Infinite Blades","Deflect","Well Laid Plans+1","Adrenaline+1","Backflip+1","Dagger Spray+1","Escape Plan","Burst+1","Backstab","Discovery+1","Bandage Up","Finisher","Writhe","Footwork+1","Terror+1","Parasite","Noxious Fumes+1"],"special_seed":0,"relics":["Ring of the Snake","Shuriken","Nunchaku","Gambling Chip","Ginger","Gremlin Horn","Philosopher\u0027s Stone","Ornamental Fan","Happy Flower","Darkstone Periapt","MutagenicStrength","Lizard Tail","Calipers","Bag of Preparation"],"potions_floor_usage":[50,50],"damage_taken":[{"damage":7.0,"enemies":"Small Slimes","floor":1.0,"turns":6.0},{"damage":0.0,"enemies":"2 Louse","floor":5.0,"turns":2.0},{"damage":6.0,"enemies":"Gremlin Nob","floor":7.0,"turns":5.0},{"damage":3.0,"enemies":"Cultist","floor":8.0,"turns":4.0},{"damage":6.0,"enemies":"3 Louse","floor":11.0,"turns":5.0},{"damage":19.0,"enemies":"The Guardian","floor":16.0,"turns":12.0},{"damage":0.0,"enemies":"Chosen","floor":18.0,"turns":5.0},{"damage":0.0,"enemies":"2 Thieves","floor":21.0,"turns":4.0},{"damage":26.0,"enemies":"Slavers","floor":23.0,"turns":9.0},{"damage":0.0,"enemies":"3 Cultists","floor":25.0,"turns":5.0},{"damage":2.0,"enemies":"Colosseum Slavers","floor":27.0,"turns":5.0},{"damage":6.0,"enemies":"Centurion and Healer","floor":31.0,"turns":6.0},{"damage":17.0,"enemies":"Collector","floor":33.0,"turns":8.0},{"damage":13.0,"enemies":"3 Shapes","floor":35.0,"turns":5.0},{"damage":40.0,"enemies":"Giant Head","floor":41.0,"turns":8.0},{"damage":4.0,"enemies":"Orb Walker","floor":44.0,"turns":3.0},{"damage":0,"enemies":"Writhing Mass","floor":46,"turns":7},{"damage":0,"enemies":"Transient","floor":48,"turns":5},{"damage":38,"enemies":"Awakened One","floor":50,"turns":11}],"seed_played":"-8307769922859023453","potions_obtained":[{"floor":5.0,"key":"GhostInAJar"},{"floor":7.0,"key":"GhostInAJar"},{"floor":8.0,"key":"Weak Potion"},{"floor":16.0,"key":"Dexterity Potion"},{"floor":23.0,"key":"Energy Potion"},{"floor":25.0,"key":"Strength Potion"},{"floor":44.0,"key":"Dexterity Potion"}],"is_trial":false,"path_per_floor":["M","?","?","$","M","R","E","M","T","R","M","R","?","T","R","B",null,"M","?","$","M","?","E","R","M","T","?","?","R","$","M","R","B",null,"M","?","$","?","?","R","E","$","T","M","R","M","R","M","R","B",null],"character_chosen":"THE_SILENT","items_purchased":["Shuriken","Ornamental Fan","Bandage Up","Finisher"],"campfire_rested":3,"item_purchase_floors":[4,20,37,37],"current_hp_per_floor":[56,56,56,56,56,56,50,47,47,47,41,41,41,41,62,43,63,63,63,63,63,63,37,58,58,58,56,56,56,56,50,50,33,61,48,48,48,72,72,72,36,36,36,36,58,72,72,80,80,44],"gold":87,"neow_bonus":"ONE_RANDOM_RARE_CARD","is_prod":false,"is_daily":false,"chose_seed":false,"campfire_upgraded":8,"win_rate":0,"timestamp":1562116199,"path_taken":["M","?","?","$","M","R","E","M","T","R","M","R","?","?","R","BOSS","M","?","$","?","?","E","R","M","T","?","?","R","?","?","R","BOSS","M","?","$","?","?","R","E","?","T","M","R","M","R","M","R","BOSS"],"build_version":"2019-07-01","purchased_purges":1,"victory":true,"max_hp_per_floor":[70,70,70,70,70,70,70,70,70,70,70,70,70,70,70,70,70,70,70,70,70,70,70,70,70,70,70,70,70,70,70,70,70,70,70,70,70,76,76,76,76,76,76,76,76,82,82,82,82,82],"card_choices":[{"not_picked":["Flying Knee","Quick Slash"],"picked":"Blade Dance","floor":1.0},{"not_picked":["Bouncing Flask","Deflect"],"picked":"Infinite Blades","floor":5.0},{"not_picked":["Bouncing Flask","A Thousand Cuts"],"picked":"Deflect","floor":7.0},{"not_picked":["Skewer","Dagger Spray"],"picked":"Well Laid Plans","floor":8.0},{"not_picked":["Caltrops","Heel Hook","Dagger Throw"],"picked":"SKIP","floor":11.0},{"not_picked":["Tools of the Trade","Wraith Form v2"],"picked":"Adrenaline","floor":16.0},{"not_picked":["Deadly Poison","Slice"],"picked":"Backflip+1","floor":18.0},{"not_picked":["PiercingWail","Bane","Sucker Punch"],"picked":"SKIP","floor":21.0},{"not_picked":["All Out Attack","Deadly Poison"],"picked":"Dagger Spray","floor":23.0},{"not_picked":["Backflip+1","Acrobatics+1"],"picked":"Escape Plan","floor":25.0},{"not_picked":["Acrobatics+1","Backflip+1","Dodge and Roll"],"picked":"SKIP","floor":31.0},{"not_picked":["Tools of the Trade","Envenom"],"picked":"Burst","floor":33.0},{"not_picked":["Backflip+1","Choke+1"],"picked":"Backstab","floor":35.0},{"not_picked":["Jack Of All Trades","Panacea"],"picked":"Discovery","floor":36.0},{"not_picked":["Cloak And Dagger","Dagger Spray+1"],"picked":"Footwork+1","floor":41.0},{"not_picked":["Dodge and Roll","Poisoned Stab"],"picked":"Terror+1","floor":44.0},{"not_picked":["Riddle With Holes","Acrobatics+1"],"picked":"Noxious Fumes+1","floor":46},{"not_picked":["Heel Hook+1","Sucker Punch+1","Deadly Poison"],"picked":"SKIP","floor":48}],"player_experience":234961,"relics_obtained":[{"floor":7.0,"key":"Nunchaku"},{"floor":9.0,"key":"Gambling Chip"},{"floor":14.0,"key":"Gremlin Horn"},{"floor":23.0,"key":"Happy Flower"},{"floor":26.0,"key":"Darkstone Periapt"},{"floor":41.0,"key":"Calipers"},{"floor":43.0,"key":"Bag of Preparation"}],"event_choices":[{"damage_healed":0.0,"max_hp_gain":0.0,"max_hp_loss":0.0,"gold_gain":0.0,"event_name":"Scrap Ooze","player_choice":"Fled","floor":2.0,"gold_loss":0.0,"damage_taken":0.0},{"damage_healed":0.0,"max_hp_gain":0.0,"max_hp_loss":0.0,"gold_gain":175.0,"event_name":"Liars Game","player_choice":"AGREE","floor":3.0,"gold_loss":0.0,"damage_taken":0.0,"cards_obtained":["Doubt"]},{"damage_healed":0.0,"max_hp_gain":0.0,"max_hp_loss":0.0,"gold_gain":0.0,"event_name":"Dead Adventurer","player_choice":"Searched \u00272\u0027 times","floor":13.0,"gold_loss":0.0,"damage_taken":0.0,"relics_obtained":["Ginger"]},{"damage_healed":0.0,"max_hp_gain":0.0,"max_hp_loss":0.0,"gold_gain":100.0,"event_name":"The Joust","player_choice":"Bet on Murderer","floor":19.0,"gold_loss":50.0,"damage_taken":0.0},{"damage_healed":0.0,"max_hp_gain":0.0,"max_hp_loss":0.0,"gold_gain":0.0,"event_name":"Masked Bandits","player_choice":"Paid Fearfully","floor":22.0,"gold_loss":29.0,"damage_taken":0.0},{"damage_healed":0.0,"max_hp_gain":0.0,"max_hp_loss":0.0,"gold_gain":0.0,"event_name":"Colosseum","player_choice":"Fight","floor":27.0,"gold_loss":0.0,"damage_taken":0.0},{"damage_healed":0.0,"max_hp_gain":0.0,"max_hp_loss":0.0,"gold_gain":0.0,"event_name":"Colosseum","player_choice":"Fled From Nobs","floor":27.0,"gold_loss":0.0,"damage_taken":0.0},{"damage_healed":0.0,"max_hp_gain":0.0,"max_hp_loss":0.0,"gold_gain":0.0,"event_name":"Drug Dealer","player_choice":"Inject Mutagens","floor":28.0,"gold_loss":0.0,"damage_taken":0.0,"relics_obtained":["MutagenicStrength"]},{"damage_healed":0.0,"max_hp_gain":0.0,"max_hp_loss":0.0,"gold_gain":0.0,"event_name":"SensoryStone","player_choice":"Memory 1","floor":36.0,"gold_loss":0.0,"damage_taken":0.0},{"damage_healed":18.0,"max_hp_gain":0.0,"max_hp_loss":0.0,"gold_gain":0.0,"event_name":"Winding Halls","player_choice":"Writhe","floor":38.0,"gold_loss":0.0,"damage_taken":0.0,"cards_obtained":["Writhe"]},{"cards_removed":["Strike_G"],"damage_healed":0.0,"max_hp_gain":0.0,"max_hp_loss":0.0,"gold_gain":0.0,"event_name":"Falling","player_choice":"Removed Attack","floor":39.0,"gold_loss":0.0,"damage_taken":0.0}],"is_beta":false,"boss_relics":[{"not_picked":["Black Star","HoveringKite"],"picked":"Philosopher\u0027s Stone"},{"not_picked":["Coffee Dripper","Velvet Choker"],"picked":"Lizard Tail"}],"items_purged_floors":[30],"is_endless":false,"potions_floor_spawned":[5,7,8,16,23,25,31,44],"ascension_level":11}