{"gold_per_floor":[113,38,38,1,16,48,67,67,94,111,111,139,152,77,77,156,156,172,188,202,202],"floor_reached":21,"playtime":826,"items_purged":["Strike_R"],"score":436,"play_id":"fe507699-10fc-41a7-a6b7-5bb5b0d9f050","local_time":"20190622085705","is_ascension_mode":true,"campfire_choices":[{"data":"Armaments","floor":8,"key":"SMITH"},{"floor":15,"key":"REST"}],"neow_cost":"NONE","seed_source_timestamp":48517350359793,"circlet_count":0,"master_deck":["AscendersBane","Strike_R","Strike_R","Strike_R","Defend_R","Defend_R","Defend_R","Defend_R","Bash","Disarm","Disarm","Uppercut","Limit Break","Armaments+1","Clothesline","Demon Form","Iron Wave","Offering","Heavy Blade"],"relics":["Burning Blood","NeowsBlessing","Pen Nib","Regal Pillow","Question Card","Cursed Key"],"potions_floor_usage":[11,13,19],"damage_taken":[{"damage":0,"enemies":"Cultist","floor":1,"turns":1},{"damage":0,"enemies":"Small Slimes","floor":5,"turns":1},{"damage":0,"enemies":"Lagavulin","floor":6,"turns":1},{"damage":1,"enemies":"2 Louse","floor":7,"turns":5},{"damage":9,"enemies":"Blue Slaver","floor":10,"turns":5},{"damage":0,"enemies":"Gremlin Gang","floor":11,"turns":1},{"damage":49,"enemies":"Gremlin Nob","floor":12,"turns":6},{"damage":42,"enemies":"Exordium Thugs","floor":13,"turns":7},{"damage":37,"enemies":"The Guardian","floor":16,"turns":20},{"damage":9,"enemies":"Chosen","floor":18,"turns":5},{"damage":25,"enemies":"Spheric Guardian","floor":19,"turns":6},{"damage":35,"enemies":"Centurion and Healer","floor":20,"turns":5},{"damage":17,"enemies":"Sentry and Sphere","floor":21,"turns":3}],"seed_played":"-8648398485226906195","potions_obtained":[{"floor":3,"key":"Regen Potion"},{"floor":3,"key":"SmokeBomb"},{"floor":18,"key":"SkillPotion"}],"is_trial":false,"path_per_floor":["M","?","?","$","M","E","M","R","T","M","M","E","M","$","R","B",null,"M","M","M","M"],"character_chosen":"IRONCLAD","items_purchased":["Disarm"],"campfire_rested":1,"item_purchase_floors":[4],"current_hp_per_floor":[74,74,74,74,75,75,75,75,75,72,75,32,11,11,48,17,61,58,39,10,0],"gold":202,"neow_bonus":"THREE_ENEMY_KILL","is_prod":false,"is_daily":false,"chose_seed":false,"campfire_upgraded":1,"win_rate":0,"timestamp":1561208225,"path_taken":["M","?","?","$","M","E","M","R","T","M","?","E","M","$","R","BOSS","M","?","M","M"],"build_version":"2019-01-23","purchased_purges":1,"victory":false,"max_hp_per_floor":[75,75,75,75,75,75,75,75,75,75,75,75,75,75,75,75,75,75,75,75,75],"card_choices":[{"not_picked":["Warcry","Seeing Red"],"picked":"Disarm","floor":1},{"not_picked":["Iron Wave","Armaments"],"picked":"Uppercut","floor":5},{"not_picked":["Pummel","Dropkick"],"picked":"Limit Break","floor":6},{"not_picked":["Fire Breathing","Dual Wield"],"picked":"Armaments","floor":7},{"not_picked":["Infernal Blade","Body Slam","Warcry"],"picked":"SKIP","floor":10},{"not_picked":["Body Slam","Flex"],"picked":"Clothesline","floor":12},{"not_picked":["Warcry","Heavy Blade","Intimidate","Rage"],"picked":"SKIP","floor":13},{"not_picked":["Juggernaut","Double Tap","Immolate"],"picked":"Demon Form","floor":16},{"not_picked":["Dual Wield","Clash","Sentinel"],"picked":"Iron Wave","floor":18},{"not_picked":["Anger","Sword Boomerang","Thunderclap"],"picked":"Offering","floor":19},{"not_picked":["Flame Barrier","Power Through+1","Searing Blow"],"picked":"Heavy Blade","floor":20}],"player_experience":955222,"relics_obtained":[{"floor":6,"key":"Pen Nib"},{"floor":9,"key":"Regal Pillow"},{"floor":12,"key":"Question Card"}],"event_choices":[{"cards_removed":["Strike_R"],"damage_healed":0,"gold_gain":0,"player_choice":"Card Removal","damage_taken":0,"max_hp_gain":0,"max_hp_loss":0,"event_name":"The Cleric","floor":2,"gold_loss":75},{"damage_healed":0,"gold_gain":0,"player_choice":"Got Potions","damage_taken":0,"max_hp_gain":0,"max_hp_loss":0,"event_name":"Lab","floor":3,"gold_loss":0}],"is_beta":false,"boss_relics":[{"not_picked":["Pandora\u0027s Box","Black Blood"],"picked":"Cursed Key"}],"items_purged_floors":[14],"is_endless":false,"potions_floor_spawned":[6,7,10,11,18],"killed_by":"Sentry and Sphere","ascension_level":20}