{"gold_per_floor":[10,24,99,24,24,24,35,97,97,108,108,108],"floor_reached":12,"playtime":286,"items_purged":[],"score":136,"play_id":"87668506-bd18-411d-aaf0-9bdd9093a938","local_time":"20190531192809","is_ascension_mode":true,"campfire_choices":[{"data":"Rampage","floor":6,"key":"SMITH"}],"neow_cost":"NO_GOLD","seed_source_timestamp":0,"circlet_count":0,"master_deck":["AscendersBane","Strike_R","Strike_R","Strike_R","Defend_R","Defend_R","Defend_R","Defend_R","Bash","Combust","Carnage","Pommel Strike","Rampage+1","Twin Strike","Armaments","Fiend Fire"],"special_seed":0,"relics":["Burning Blood","Oddly Smooth Stone","Frozen Egg 2","Orichalcum"],"potions_floor_usage":[2,8,12],"damage_taken":[{"damage":2,"enemies":"Cultist","floor":1,"turns":3},{"damage":7,"enemies":"Jaw Worm","floor":2,"turns":2},{"damage":9,"enemies":"2 Louse","floor":7,"turns":2},{"damage":54,"enemies":"Lagavulin Event","floor":8,"turns":6},{"damage":5,"enemies":"Looter","floor":10,"turns":3},{"damage":14,"enemies":"Lagavulin","floor":12,"turns":3}],"seed_played":"249749110083391479","potions_obtained":[{"floor":1,"key":"Poison Potion"},{"floor":7,"key":"SkillPotion"},{"floor":10,"key":"AttackPotion"}],"is_trial":false,"path_per_floor":["M","M","?","$","?","R","M","?","T","M","T","E"],"character_chosen":"IRONCLAD","items_purchased":["Rampage"],"campfire_rested":0,"item_purchase_floors":[4],"current_hp_per_floor":[72,71,60,60,60,60,57,9,9,10,10,0],"gold":108,"neow_bonus":"TRANSFORM_TWO_CARDS","is_prod":false,"is_daily":false,"chose_seed":false,"campfire_upgraded":1,"win_rate":0,"timestamp":1559345289,"path_taken":["M","?","?","$","?","R","M","?","T","M","?","E"],"build_version":"2019-01-23","purchased_purges":0,"victory":false,"max_hp_per_floor":[75,75,75,75,75,75,75,75,75,75,75,75],"card_choices":[{"not_picked":["Pummel","Rage"],"picked":"Pommel Strike","floor":1},{"not_picked":["Rupture","Anger","Burning Pact"],"picked":"SKIP","floor":2},{"not_picked":["Power Through","Perfected Strike"],"picked":"Twin Strike","floor":7},{"not_picked":["Warcry","Sword Boomerang"],"picked":"Armaments","floor":8},{"not_picked":["Pommel Strike","Clash"],"picked":"Fiend Fire","floor":10}],"player_experience":802644,"relics_obtained":[{"floor":8,"key":"Oddly Smooth Stone"},{"floor":9,"key":"Frozen Egg 2"},{"floor":11,"key":"Orichalcum"}],"event_choices":[{"damage_healed":0,"gold_gain":75,"player_choice":"Gather Gold","damage_taken":11,"max_hp_gain":0,"max_hp_loss":0,"event_name":"World of Goop","floor":3,"gold_loss":0},{"damage_healed":0,"gold_gain":0,"player_choice":"Ignored","damage_taken":0,"max_hp_gain":0,"max_hp_loss":0,"event_name":"Liars Game","floor":5,"gold_loss":0},{"damage_healed":0,"gold_gain":0,"player_choice":"Searched \u00272\u0027 times","damage_taken":0,"max_hp_gain":0,"max_hp_loss":0,"event_name":"Dead Adventurer","floor":8,"gold_loss":0}],"is_beta":false,"boss_relics":[],"items_purged_floors":[],"is_endless":false,"potions_floor_spawned":[1,7,10],"killed_by":"Lagavulin","ascension_level":20}