{"gold_per_floor":[109,109,124,136,136,136,174,174,221,239,253,289,289,389,389,482,482,507,528,542,542],"floor_reached":21,"playtime":1938,"items_purged":[],"score":344,"play_id":"548e6f32-8c7e-4bcf-921f-0bd672ae79f9","local_time":"20190412174846","is_ascension_mode":true,"campfire_choices":[{"floor":8.0,"key":"REST"},{"floor":13.0,"key":"REST"},{"data":"Choke","floor":15.0,"key":"SMITH"}],"neow_cost":"NONE","seed_source_timestamp":0,"circlet_count":0,"master_deck":["AscendersBane","Defend_G","Defend_G","Defend_G","Defend_G","Defend_G","Strike_G","Strike_G","Strike_G","Strike_G","Survivor","Neutralize","Cloak And Dagger","Well Laid Plans","Choke+1","Infinite Blades","Deflect","Dagger Spray","Dodge and Roll","Envenom","Footwork","Footwork","Caltrops"],"special_seed":0,"relics":["Ring of the Snake","Vajra","Golden Idol","Boot","Smiling Mask","Question Card","Philosopher\u0027s Stone"],"potions_floor_usage":[],"damage_taken":[{"damage":0.0,"enemies":"Cultist","floor":1.0,"turns":3.0},{"damage":0.0,"enemies":"Jaw Worm","floor":3.0,"turns":3.0},{"damage":12.0,"enemies":"Small Slimes","floor":4.0,"turns":5.0},{"damage":14.0,"enemies":"3 Sentries","floor":7.0,"turns":12.0},{"damage":15.0,"enemies":"Gremlin Gang","floor":10.0,"turns":4.0},{"damage":0.0,"enemies":"Looter","floor":11.0,"turns":3.0},{"damage":22.0,"enemies":"Lagavulin","floor":12.0,"turns":7.0},{"damage":21.0,"enemies":"Slime Boss","floor":16.0,"turns":11.0},{"damage":13.0,"enemies":"3 Byrds","floor":18.0,"turns":4.0},{"damage":17.0,"enemies":"Shell Parasite","floor":19.0,"turns":7.0},{"damage":5.0,"enemies":"Sentry and Sphere","floor":20.0,"turns":10.0},{"damage":0,"enemies":"Cultist and Chosen","floor":21,"turns":1}],"seed_played":"-3839164859331322234","potions_obtained":[{"floor":7.0,"key":"PowerPotion"},{"floor":10.0,"key":"LiquidBronze"},{"floor":12.0,"key":"Weak Potion"},{"floor":16.0,"key":"Ancient Potion"},{"floor":19.0,"key":"EssenceOfSteel"},{"floor":20.0,"key":"Energy Potion"}],"is_trial":false,"path_per_floor":["M","?","M","M","?","?","E","R","T","M","M","E","R","?","R","B",null,"M","M","M","M"],"character_chosen":"THE_SILENT","items_purchased":[],"campfire_rested":2,"item_purchase_floors":[],"current_hp_per_floor":[59,59,59,47,47,47,33,51,51,36,36,14,32,32,32,11,48,35,18,13,13],"gold":542,"neow_bonus":"RANDOM_COMMON_RELIC","is_prod":false,"is_daily":false,"chose_seed":false,"campfire_upgraded":1,"win_rate":0,"timestamp":1555105726,"path_taken":["M","?","?","M","?","?","E","R","T","M","?","E","R","?","R","BOSS","M","M","M","M"],"build_version":"2019-01-23","purchased_purges":0,"victory":false,"max_hp_per_floor":[66,66,66,66,60,60,60,60,60,60,60,60,60,60,60,60,60,60,60,60,60],"card_choices":[{"not_picked":["Slice","Backflip"],"picked":"Cloak And Dagger","floor":1.0},{"not_picked":["Dodge and Roll","Poisoned Stab"],"picked":"Well Laid Plans","floor":3.0},{"not_picked":["Bouncing Flask","Slice"],"picked":"Choke","floor":4.0},{"not_picked":["Sucker Punch","Dodge and Roll"],"picked":"Infinite Blades","floor":7.0},{"not_picked":["Endless Agony","Deadly Poison"],"picked":"Deflect","floor":10.0},{"not_picked":["Dagger Throw","Noxious Fumes"],"picked":"Dagger Spray","floor":11.0},{"not_picked":["Night Terror","Flechettes"],"picked":"Dodge and Roll","floor":12.0},{"not_picked":["Unload","Grand Finale","Wraith Form v2"],"picked":"Envenom","floor":16.0},{"not_picked":["Flechettes","Deflect","Sucker Punch"],"picked":"Footwork","floor":18.0},{"not_picked":["Accuracy","Calculated Gamble","Dagger Spray"],"picked":"Footwork","floor":19.0},{"not_picked":["Underhanded Strike","Backflip","Dagger Spray"],"picked":"Caltrops","floor":20.0}],"player_experience":564565,"relics_obtained":[{"floor":7.0,"key":"Boot"},{"floor":9.0,"key":"Smiling Mask"},{"floor":12.0,"key":"Question Card"}],"event_choices":[{"damage_healed":0.0,"max_hp_gain":0.0,"max_hp_loss":0.0,"gold_gain":0.0,"event_name":"Match and Keep!","player_choice":"0 cards matched","floor":2.0,"gold_loss":0.0,"damage_taken":0.0,"cards_obtained":[]},{"damage_healed":0.0,"max_hp_gain":0.0,"max_hp_loss":6.0,"gold_gain":0.0,"event_name":"Golden Idol","player_choice":"Lose Max HP","floor":5.0,"gold_loss":0.0,"damage_taken":0.0,"relics_obtained":["Golden Idol"]},{"cards_removed":["Strike_G"],"damage_healed":0.0,"max_hp_gain":0.0,"max_hp_loss":0.0,"gold_gain":0.0,"event_name":"Purifier","player_choice":"Purged","floor":6.0,"gold_loss":0.0,"damage_taken":0.0},{"damage_healed":0.0,"max_hp_gain":0.0,"max_hp_loss":0.0,"gold_gain":100.0,"event_name":"Wheel of Change","player_choice":"Gold","floor":14.0,"gold_loss":0.0,"damage_taken":0.0}],"is_beta":false,"boss_relics":[{"not_picked":["Empty Cage","Runic Dome"],"picked":"Philosopher\u0027s Stone"}],"items_purged_floors":[],"is_endless":false,"potions_floor_spawned":[7,10,12,16,19,20],"killed_by":"Cultist and Chosen","ascension_level":16}