{"gold_per_floor":[110,31,31,41,41,41,76,76,76,111,125,125,137,154,154,231,231,246,246,246,260,67,67,102,112,183,193,193,227,227,247,247,247],"floor_reached":33,"playtime":1292,"items_purged":["Strike_B"],"score":590,"play_id":"6f18c081-63c0-40b6-b847-52f143f319a0","local_time":"20190607203002","is_ascension_mode":true,"campfire_choices":[{"data":"Beam Cell","floor":6,"key":"SMITH"},{"data":"Sunder","floor":8,"key":"SMITH"},{"floor":12,"key":"REST"},{"floor":15,"key":"REST"},{"data":"Hologram","floor":23,"key":"SMITH"},{"floor":28,"key":"REST"},{"floor":32,"key":"REST"}],"neow_cost":"TEN_PERCENT_HP_LOSS","seed_source_timestamp":331907864655529,"circlet_count":0,"master_deck":["AscendersBane","Strike_B","Strike_B","Defend_B","Defend_B","Defend_B","Defend_B","Zap","Dualcast","Core Surge","Beam Cell+1","Glacier","Sunder+1","Core Surge","Ball Lightning","Go for the Eyes","Hologram+1","Reboot","FTL","RitualDagger","Cold Snap","Capacitor","Glacier","Coolheaded","Ball Lightning+1","Normality","Coolheaded","All For One","Doubt"],"relics":["Cracked Core","Shuriken","Blue Candle","Art of War","Cursed Key","Ginger","Bottled Flame","Ancient Tea Set","Molten Egg 2"],"potions_floor_usage":[16,16,16,18,24,24,29,31,33],"damage_taken":[{"damage":7,"enemies":"Jaw Worm","floor":1,"turns":2},{"damage":1,"enemies":"Cultist","floor":4,"turns":3},{"damage":24,"enemies":"Gremlin Nob","floor":7,"turns":4},{"damage":29,"enemies":"Lagavulin","floor":10,"turns":5},{"damage":1,"enemies":"2 Louse","floor":11,"turns":2},{"damage":7,"enemies":"Exordium Wildlife","floor":13,"turns":3},{"damage":0,"enemies":"Large Slime","floor":14,"turns":3},{"damage":4,"enemies":"The Guardian","floor":16,"turns":9},{"damage":2,"enemies":"2 Thieves","floor":18,"turns":3},{"damage":6,"enemies":"Spheric Guardian","floor":21,"turns":3},{"damage":12,"enemies":"Gremlin Leader","floor":24,"turns":10},{"damage":15,"enemies":"Centurion and Healer","floor":25,"turns":4},{"damage":5,"enemies":"Cultist and Chosen","floor":27,"turns":6},{"damage":22,"enemies":"Slavers","floor":29,"turns":4},{"damage":0,"enemies":"Snake Plant","floor":31,"turns":2},{"damage":32,"enemies":"Collector","floor":33,"turns":3}],"seed_played":"6187379176744533325","potions_obtained":[{"floor":7,"key":"LiquidBronze"},{"floor":11,"key":"EntropicBrew"},{"floor":16,"key":"FearPotion"},{"floor":18,"key":"FocusPotion"},{"floor":25,"key":"SneckoOil"},{"floor":27,"key":"SkillPotion"},{"floor":31,"key":"Dexterity Potion"}],"is_trial":false,"path_per_floor":["M","$","?","M","?","R","E","R","T","E","M","R","M","M","R","B",null,"M","?","?","M","$","R","E","M","T","M","R","E","T","M","R","B"],"character_chosen":"DEFECT","items_purchased":["Glacier","Capacitor","Glacier"],"campfire_rested":4,"item_purchase_floors":[2,22,22],"current_hp_per_floor":[57,57,57,56,56,56,32,32,32,3,2,21,14,14,33,29,55,53,47,47,41,41,41,29,14,14,9,28,6,6,6,25,0],"gold":247,"neow_bonus":"THREE_RARE_CARDS","is_prod":false,"is_daily":false,"chose_seed":false,"campfire_upgraded":3,"win_rate":0,"timestamp":1559953802,"path_taken":["M","$","?","?","?","R","E","R","T","E","M","R","M","M","R","BOSS","M","?","?","M","$","R","E","M","T","?","R","E","?","M","R","BOSS"],"build_version":"2019-01-23","purchased_purges":1,"victory":false,"max_hp_per_floor":[64,64,64,64,64,64,64,64,64,64,64,64,64,64,64,64,64,64,64,64,64,64,64,64,64,64,64,64,64,64,64,64,64],"card_choices":[{"not_picked":["Reboot","Echo Form"],"picked":"Core Surge","floor":0},{"not_picked":["Compile Driver","Aggregate"],"picked":"Beam Cell","floor":1},{"not_picked":["Hologram","Darkness"],"picked":"Sunder","floor":4},{"not_picked":["Capacitor","Sweeping Beam"],"picked":"Core Surge","floor":7},{"not_picked":["Sweeping Beam","Turbo"],"picked":"Ball Lightning","floor":10},{"not_picked":["Sweeping Beam","Force Field"],"picked":"Go for the Eyes","floor":11},{"not_picked":["Beam Cell","Go for the Eyes"],"picked":"Hologram","floor":13},{"not_picked":["Skim","Hello World","Gash"],"picked":"SKIP","floor":14},{"not_picked":["Amplify","Thunder Strike"],"picked":"Reboot","floor":16},{"not_picked":["Chaos","Recycle+1"],"picked":"FTL","floor":18},{"not_picked":["Redo","Fusion"],"picked":"Cold Snap","floor":21},{"not_picked":["Beam Cell","Force Field"],"picked":"Coolheaded","floor":24},{"not_picked":["Leap","Beam Cell"],"picked":"Ball Lightning+1","floor":25},{"not_picked":["Scrape","Static Discharge"],"picked":"Coolheaded","floor":27},{"not_picked":["Loop","Conserve Battery"],"picked":"All For One","floor":29},{"not_picked":["Leap","Sweeping Beam+1","Recycle"],"picked":"SKIP","floor":31}],"player_experience":859633,"relics_obtained":[{"floor":7,"key":"Shuriken"},{"floor":9,"key":"Blue Candle"},{"floor":10,"key":"Art of War"},{"floor":24,"key":"Ginger"},{"floor":26,"key":"Bottled Flame"},{"floor":29,"key":"Ancient Tea Set"},{"floor":30,"key":"Molten Egg 2"}],"event_choices":[{"damage_healed":0,"gold_gain":0,"player_choice":"Ignored","damage_taken":0,"max_hp_gain":0,"max_hp_loss":0,"event_name":"WeMeetAgain","floor":3,"gold_loss":0},{"damage_healed":0,"gold_gain":0,"player_choice":"Leave","damage_taken":0,"max_hp_gain":0,"max_hp_loss":0,"event_name":"The Cleric","floor":5,"gold_loss":0},{"damage_healed":0,"gold_gain":0,"player_choice":"Joined the Cult","damage_taken":6,"max_hp_gain":0,"max_hp_loss":0,"event_name":"Nest","floor":19,"gold_loss":0,"cards_obtained":["RitualDagger"]},{"cards_removed":["Strike_B"],"damage_healed":0,"gold_gain":0,"player_choice":"Purged","damage_taken":0,"max_hp_gain":0,"max_hp_loss":0,"event_name":"Purifier","floor":20,"gold_loss":0}],"is_beta":false,"boss_relics":[{"not_picked":["Runic Pyramid","Philosopher\u0027s Stone"],"picked":"Cursed Key"}],"items_purged_floors":[22],"is_endless":false,"potions_floor_spawned":[7,11,16,18,25,27,31],"killed_by":"Collector","ascension_level":20}