{"gold_per_floor":[211,39,53,67,78,106,106,106,106,122,122,155,155,172,172,172],"floor_reached":16,"playtime":444,"items_purged":[],"score":112,"play_id":"fd1a4cb9-748d-450a-a6ae-207186d9af3c","local_time":"20190513145553","is_ascension_mode":false,"campfire_choices":[{"data":"Panacea","floor":7,"key":"SMITH"},{"data":"Armaments","floor":15,"key":"SMITH"}],"neow_cost":"NONE","seed_source_timestamp":587973496078939,"circlet_count":0,"master_deck":["Strike_R","Strike_R","Strike_R","Strike_R","Defend_R","Defend_R","Defend_R","Defend_R","Bash","Rampage","Panacea+1","Immolate","Thunderclap","Shrug It Off","Regret","Armaments+1"],"relics":["Burning Blood","Singing Bowl","Kunai","Ornamental Fan","Smiling Mask","Unceasing Top"],"potions_floor_usage":[16,16,16],"damage_taken":[{"damage":3,"enemies":"Small Slimes","floor":1,"turns":3},{"damage":0,"enemies":"2 Louse","floor":3,"turns":1},{"damage":8,"enemies":"Jaw Worm","floor":4,"turns":3},{"damage":5,"enemies":"2 Fungi Beasts","floor":5,"turns":3},{"damage":25,"enemies":"Gremlin Nob","floor":6,"turns":4},{"damage":0,"enemies":"Gremlin Gang","floor":10,"turns":1},{"damage":9,"enemies":"3 Sentries","floor":12,"turns":4},{"damage":18,"enemies":"Exordium Thugs","floor":14,"turns":4},{"damage":48,"enemies":"Hexaghost","floor":16,"turns":11}],"seed_played":"4464794575692545434","potions_obtained":[{"floor":1,"key":"Explosive Potion"},{"floor":3,"key":"EssenceOfSteel"},{"floor":4,"key":"Swift Potion"}],"is_trial":false,"path_per_floor":["M","$","M","M","M","E","R","?","T","M","?","E","?","M","R","B"],"character_chosen":"IRONCLAD","items_purchased":["Panacea","Immolate"],"campfire_rested":0,"item_purchase_floors":[2,2],"current_hp_per_floor":[80,80,80,78,79,62,62,55,55,61,58,57,57,45,45,0],"gold":172,"neow_bonus":"HUNDRED_GOLD","is_prod":false,"is_daily":false,"chose_seed":false,"campfire_upgraded":2,"win_rate":0,"timestamp":1557773753,"path_taken":["M","$","M","M","M","E","R","?","T","M","?","E","?","M","R","BOSS"],"build_version":"2019-01-23","purchased_purges":0,"victory":false,"max_hp_per_floor":[80,80,80,80,80,82,82,82,82,82,82,84,84,84,84,84],"card_choices":[{"not_picked":["Blood for Blood","Anger"],"picked":"Rampage","floor":1},{"not_picked":["Dropkick","Wild Strike","Clash"],"picked":"SKIP","floor":3},{"not_picked":["Shockwave","Perfected Strike","Clash"],"picked":"SKIP","floor":4},{"not_picked":["Iron Wave","Sever Soul"],"picked":"Thunderclap","floor":5},{"not_picked":["Anger","Iron Wave","Havoc"],"picked":"Singing Bowl","floor":6},{"not_picked":["Thunderclap","Shockwave"],"picked":"Shrug It Off","floor":10},{"not_picked":["Searing Blow","Sentinel","Pummel"],"picked":"Singing Bowl","floor":12},{"not_picked":["Brutality","Sword Boomerang"],"picked":"Armaments","floor":14}],"player_experience":701205,"relics_obtained":[{"floor":6,"key":"Singing Bowl"},{"floor":9,"key":"Kunai"},{"floor":12,"key":"Smiling Mask"}],"event_choices":[{"cards_removed":["Strike_R"],"damage_healed":0,"gold_gain":0,"player_choice":"Card Removal","damage_taken":7,"max_hp_gain":0,"max_hp_loss":0,"event_name":"Golden Wing","floor":8,"gold_loss":0},{"damage_healed":0,"gold_gain":0,"player_choice":"Success","damage_taken":3,"relics_obtained":["Ornamental Fan"],"max_hp_gain":0,"max_hp_loss":0,"event_name":"Scrap Ooze","floor":11,"gold_loss":0},{"damage_healed":0,"gold_gain":0,"player_choice":"Box","damage_taken":0,"relics_obtained":["Unceasing Top"],"max_hp_gain":0,"max_hp_loss":0,"event_name":"Big Fish","floor":13,"gold_loss":0,"cards_obtained":["Regret"]}],"is_beta":false,"boss_relics":[],"items_purged_floors":[],"is_endless":false,"potions_floor_spawned":[1,3,4,12],"killed_by":"Hexaghost","ascension_level":0}