{"gold_per_floor":[119,43,43,43,59,59,87,87,87,97,124,124,124,144,144,218,218,237,237,118,128,89,89,114,114,114,133,151,165,165,165,165,165],"floor_reached":33,"playtime":1358,"items_purged":[],"score":481,"play_id":"f571c6df-3346-4825-9498-5adf3a021f6b","local_time":"20190405155330","is_ascension_mode":true,"campfire_choices":[{"data":"Defragment","floor":6,"key":"SMITH"},{"floor":8,"key":"REST"},{"data":"Echo Form","floor":15,"key":"SMITH"},{"data":"Self Repair","floor":23,"key":"SMITH"},{"floor":25,"key":"REST"},{"data":"Machine Learning","floor":30,"key":"SMITH"},{"data":"Defragment","floor":32,"key":"SMITH"}],"neow_cost":"NONE","seed_source_timestamp":1375271948742017,"circlet_count":0,"master_deck":["AscendersBane","Strike_B","Strike_B","Strike_B","Defend_B","Defend_B","Defend_B","Defend_B","Zap","Dualcast","Ball Lightning","Defragment+1","Sunder","Conserve Battery","Glacier","Echo Form+1","Parasite","Go for the Eyes","Ball Lightning","Machine Learning+1","Doom and Gloom","Self Repair+1","Fusion","FTL","Defragment+1","Leap+1","Defragment","Double Energy+1"],"relics":["Cracked Core","Oddly Smooth Stone","Du-Vu Doll","Prayer Wheel","Dead Branch","Nuclear Battery","Red Mask","Thread and Needle","Kunai"],"potions_floor_usage":[7,7,11,33],"damage_taken":[{"damage":0,"enemies":"Jaw Worm","floor":1,"turns":3},{"damage":8,"enemies":"Small Slimes","floor":5,"turns":3},{"damage":14,"enemies":"Lagavulin","floor":7,"turns":5},{"damage":1,"enemies":"2 Louse","floor":10,"turns":2},{"damage":15,"enemies":"Gremlin Nob","floor":11,"turns":4},{"damage":18,"enemies":"Exordium Wildlife","floor":14,"turns":5},{"damage":10,"enemies":"The Guardian","floor":16,"turns":10},{"damage":9,"enemies":"Shell Parasite","floor":18,"turns":5},{"damage":9,"enemies":"Chosen","floor":21,"turns":5},{"damage":40,"enemies":"Masked Bandits","floor":24,"turns":5},{"damage":1,"enemies":"Snecko","floor":27,"turns":4},{"damage":5,"enemies":"3 Cultists","floor":28,"turns":5},{"damage":0,"enemies":"Centurion and Healer","floor":29,"turns":6},{"damage":68,"enemies":"Collector","floor":33,"turns":11}],"seed_played":"-6779355011631223713","potions_obtained":[{"floor":1,"key":"Poison Potion"},{"floor":5,"key":"SkillPotion"},{"floor":10,"key":"Fire Potion"},{"floor":11,"key":"SteroidPotion"},{"floor":27,"key":"Weak Potion"}],"is_trial":false,"path_per_floor":["M","$","?","?","M","R","E","R","T","M","E","$","?","M","R","B",null,"M","$","$","M","$","R","?","R","T","M","M","M","R","T","R","B"],"character_chosen":"DEFECT","items_purchased":["Defragment","Self Repair","Fusion","Defragment"],"campfire_rested":2,"item_purchase_floors":[2,20,20,22],"current_hp_per_floor":[64,64,64,57,49,49,35,56,56,55,40,40,57,39,39,29,61,52,52,52,50,50,50,30,51,51,50,55,65,65,65,65,0],"gold":165,"neow_bonus":"RANDOM_COMMON_RELIC","is_prod":false,"is_daily":false,"chose_seed":false,"campfire_upgraded":5,"win_rate":0,"timestamp":1554494010,"path_taken":["M","$","?","?","M","R","E","R","T","M","E","$","?","?","R","BOSS","M","?","$","M","$","R","?","R","T","M","M","M","R","?","R","BOSS"],"build_version":"2019-01-23","purchased_purges":0,"victory":false,"max_hp_per_floor":[71,71,71,71,71,71,71,71,71,71,71,71,71,71,71,71,71,71,71,71,71,71,71,71,71,71,71,71,71,71,71,71,71],"card_choices":[{"not_picked":["Blizzard","Hologram"],"picked":"Ball Lightning","floor":1},{"not_picked":["Reinforced Body","Barrage"],"picked":"Sunder","floor":5},{"not_picked":["Beam Cell","Loop"],"picked":"Conserve Battery","floor":7},{"not_picked":["Chaos","Blizzard"],"picked":"Glacier","floor":10},{"not_picked":["Barrage","Hello World","Turbo"],"picked":"SKIP","floor":10},{"not_picked":["Glacier","Go for the Eyes"],"picked":"Echo Form","floor":11},{"not_picked":["Leap","Sweeping Beam"],"picked":"Go for the Eyes","floor":14},{"not_picked":["Genetic Algorithm","Barrage"],"picked":"Ball Lightning","floor":14},{"not_picked":["Rainbow","Biased Cognition"],"picked":"Machine Learning","floor":16},{"not_picked":["Auto Shields","Genetic Algorithm"],"picked":"Doom and Gloom","floor":18},{"not_picked":["Steam","Chill","Go for the Eyes"],"picked":"SKIP","floor":18},{"not_picked":["Turbo","Sweeping Beam"],"picked":"FTL","floor":21},{"not_picked":["Genetic Algorithm","Steam","Barrage"],"picked":"SKIP","floor":21},{"not_picked":["Ball Lightning","Compile Driver"],"picked":"Leap+1","floor":24},{"not_picked":["Lockon","Recycle"],"picked":"Defragment","floor":27},{"not_picked":["Gash","Hologram","Sweeping Beam"],"picked":"SKIP","floor":27},{"not_picked":["Turbo","Fission","Hologram"],"picked":"SKIP","floor":28},{"not_picked":["Barrage","Melter","Ball Lightning"],"picked":"SKIP","floor":28},{"not_picked":["Stack","Compile Driver"],"picked":"Double Energy+1","floor":29},{"not_picked":["Lockon","Storm","Steam Power"],"picked":"SKIP","floor":29}],"player_experience":515132,"relics_obtained":[{"floor":7,"key":"Du-Vu Doll"},{"floor":9,"key":"Prayer Wheel"},{"floor":11,"key":"Dead Branch"},{"floor":24,"key":"Red Mask"},{"floor":26,"key":"Thread and Needle"},{"floor":31,"key":"Kunai"}],"event_choices":[{"damage_healed":0,"gold_gain":0,"player_choice":"Ignored","damage_taken":0,"max_hp_gain":0,"max_hp_loss":0,"event_name":"Liars Game","floor":3,"gold_loss":0},{"cards_removed":["Strike_B"],"damage_healed":0,"gold_gain":0,"player_choice":"Card Removal","damage_taken":7,"max_hp_gain":0,"max_hp_loss":0,"event_name":"Golden Wing","floor":4,"gold_loss":0},{"damage_healed":17,"gold_gain":0,"player_choice":"Healed and dodged fight","damage_taken":0,"max_hp_gain":0,"max_hp_loss":0,"event_name":"Mushrooms","floor":13,"gold_loss":0,"cards_obtained":["Parasite"]},{"damage_healed":0,"gold_gain":0,"player_choice":"Fought Bandits","damage_taken":0,"max_hp_gain":0,"max_hp_loss":0,"event_name":"Masked Bandits","floor":24,"gold_loss":0}],"is_beta":false,"boss_relics":[{"not_picked":["White Beast Statue","Empty Cage"],"picked":"Nuclear Battery"}],"items_purged_floors":[],"is_endless":false,"potions_floor_spawned":[1,5,10,11,27,28],"killed_by":"Collector","ascension_level":18}