{"gold_per_floor":[116,126,126,126,136,136,154,183,183,212,222,222,240,266,266,366,366,386,401,401,401],"floor_reached":21,"playtime":1250,"items_purged":[],"score":260,"play_id":"e7efbe7e-517d-428b-ad8a-100dddac729d","local_time":"20190605232803","is_ascension_mode":true,"campfire_choices":[{"data":"Skewer","floor":6,"key":"SMITH"},{"floor":12,"key":"REST"},{"data":"Corpse Explosion","floor":15,"key":"SMITH"}],"neow_cost":"NONE","seed_source_timestamp":90289753542677,"circlet_count":0,"master_deck":["Defend_G","Defend_G","Defend_G+1","Defend_G","Defend_G+1","Strike_G","Strike_G","Strike_G","Strike_G","Strike_G","Survivor","Neutralize","Skewer+1","Backflip","Decay","Well Laid Plans","Flying Knee","Masterful Stab","Dash","Corpse Explosion+1","Footwork","Burst","Masterful Stab+1"],"relics":["Ring of the Snake","NeowsBlessing","Letter Opener","Singing Bowl","The Specimen","Ninja Scroll","Eternal Feather"],"potions_floor_usage":[10,10,14,16,21],"damage_taken":[{"damage":0,"enemies":"Jaw Worm","floor":1,"turns":1},{"damage":0,"enemies":"2 Louse","floor":2,"turns":1},{"damage":0,"enemies":"Cultist","floor":5,"turns":1},{"damage":0,"enemies":"Blue Slaver","floor":7,"turns":5},{"damage":26,"enemies":"3 Sentries","floor":8,"turns":7},{"damage":0,"enemies":"Gremlin Nob","floor":10,"turns":2},{"damage":1,"enemies":"Looter","floor":11,"turns":3},{"damage":0,"enemies":"Exordium Wildlife","floor":13,"turns":4},{"damage":2,"enemies":"3 Sentries","floor":14,"turns":4},{"damage":48,"enemies":"Slime Boss","floor":16,"turns":15},{"damage":22,"enemies":"Spheric Guardian","floor":18,"turns":4},{"damage":1,"enemies":"3 Byrds","floor":19,"turns":2},{"damage":91,"enemies":"Cultist and Chosen","floor":21,"turns":10}],"seed_played":"6107587505538752715","potions_obtained":[{"floor":1,"key":"Poison Potion"},{"floor":8,"key":"Energy Potion"},{"floor":10,"key":"Fire Potion"},{"floor":14,"key":"FearPotion"},{"floor":19,"key":"GhostInAJar"}],"is_trial":false,"path_per_floor":["M","M","?","?","M","R","M","E","T","E","M","R","M","E","R","B",null,"M","M","?","M"],"character_chosen":"THE_SILENT","items_purchased":[],"campfire_rested":1,"item_purchase_floors":[],"current_hp_per_floor":[70,70,56,56,56,56,56,30,30,30,29,50,52,50,50,2,72,50,51,74,0],"gold":401,"neow_bonus":"THREE_ENEMY_KILL","is_prod":false,"is_daily":false,"chose_seed":false,"campfire_upgraded":2,"win_rate":0,"timestamp":1559802483,"path_taken":["M","M","?","?","?","R","M","E","T","E","M","R","M","E","R","BOSS","M","M","?","M"],"build_version":"2019-01-23","purchased_purges":0,"victory":false,"max_hp_per_floor":[70,70,70,70,70,70,70,70,70,70,70,70,72,72,72,72,72,72,74,74,74],"card_choices":[{"not_picked":["Backflip","Deadly Poison"],"picked":"Skewer","floor":1},{"not_picked":["Calculated Gamble","Prepared"],"picked":"Backflip","floor":2},{"not_picked":["Bane","Dodge and Roll"],"picked":"Well Laid Plans","floor":5},{"not_picked":["Sucker Punch","Deflect"],"picked":"Flying Knee","floor":7},{"not_picked":["Underhanded Strike","Accuracy"],"picked":"Masterful Stab","floor":8},{"not_picked":["Flying Knee","Outmaneuver"],"picked":"Dash","floor":10},{"not_picked":["Backstab","Quick Slash"],"picked":"Corpse Explosion","floor":11},{"not_picked":["Reflex","Accuracy","Dagger Spray"],"picked":"Singing Bowl","floor":13},{"not_picked":["Flying Knee","Riddle With Holes"],"picked":"Footwork","floor":14},{"not_picked":["Tools of the Trade","A Thousand Cuts"],"picked":"Burst","floor":16},{"not_picked":["Noxious Fumes","Footwork+1"],"picked":"Masterful Stab+1","floor":18},{"not_picked":["Flying Knee","Skewer","Infinite Blades"],"picked":"Singing Bowl","floor":19}],"player_experience":321688,"relics_obtained":[{"floor":8,"key":"Letter Opener"},{"floor":9,"key":"Singing Bowl"},{"floor":10,"key":"The Specimen"},{"floor":14,"key":"Ninja Scroll"}],"event_choices":[{"damage_healed":0,"gold_gain":0,"player_choice":"Entered Light","damage_taken":14,"max_hp_gain":0,"max_hp_loss":0,"event_name":"Shining Light","floor":3,"gold_loss":0,"cards_upgraded":["Defend_G","Defend_G"]},{"damage_healed":0,"gold_gain":0,"player_choice":"Cursed","damage_taken":0,"max_hp_gain":0,"max_hp_loss":0,"event_name":"Wheel of Change","floor":4,"gold_loss":0,"cards_obtained":["Decay"]},{"damage_healed":24,"gold_gain":0,"player_choice":"Heal","damage_taken":0,"max_hp_gain":0,"max_hp_loss":0,"event_name":"The Library","floor":20,"gold_loss":0}],"is_beta":false,"boss_relics":[{"not_picked":["Philosopher\u0027s Stone","Tiny House"],"picked":"Eternal Feather"}],"items_purged_floors":[],"is_endless":false,"potions_floor_spawned":[1,8,10,14,19],"killed_by":"Cultist and Chosen","ascension_level":3}