{"gold_per_floor":[112,127,77,77,92,92,119,131,193,205,232,272,295,370,382,498,510,540,44,44,44,56,56,69,169,217,250,266,266,298,312,312,414,414,425,525,525,545,564,564,564,591,640,640,658,0,14,25,25,25],"floor_reached":51,"playtime":2344,"items_purged":[],"score":777,"play_id":"16e4a7fe-5329-40f8-8d6d-9b03644a51ed","local_time":"20190511013142","is_ascension_mode":false,"campfire_choices":[{"data":"Defend_R","floor":6,"key":"SMITH"},{"data":"Defend_R","floor":8,"key":"SMITH"},{"data":"Offering","floor":10,"key":"SMITH"},{"data":"Defend_R","floor":15,"key":"SMITH"},{"data":"Double Tap","floor":23,"key":"SMITH"},{"data":"Hemokinesis","floor":29,"key":"SMITH"},{"floor":32,"key":"REST"},{"data":"Perfected Strike","floor":40,"key":"SMITH"},{"data":"Combust","floor":44,"key":"SMITH"},{"floor":49,"key":"REST"}],"neow_cost":"NONE","seed_source_timestamp":1093318390621222,"circlet_count":0,"master_deck":["Strike_R","Strike_R","Strike_R","Strike_R","Strike_R","Defend_R+1","Defend_R+1","Defend_R+1","Bash","Perfected Strike","Twin Strike","Perfected Strike+1","Offering+1","Thunderclap","Flex+1","Double Tap+1","Hemokinesis+1","Combust+1","Dropkick","Thunderclap+1","Twin Strike","Cleave+1","Perfected Strike+1","Pommel Strike","Ghostly Armor","Parasite","Headbutt","Warcry+1"],"relics":["Burning Blood","MawBank","Strawberry","Sundial","Thread and Needle","Runic Cube","Paper Frog","Anchor","Ginger","Dodecahedron","Bronze Scales","Mango","Shuriken","Busted Crown","Incense Burner","Blue Candle","Nunchaku","Orichalcum","Red Mask"],"potions_floor_usage":[11,12,12,12,24,33,33,36,39,50,50],"damage_taken":[{"damage":9,"enemies":"2 Louse","floor":1,"turns":3},{"damage":1,"enemies":"Cultist","floor":2,"turns":3},{"damage":0,"enemies":"Small Slimes","floor":5,"turns":2},{"damage":14,"enemies":"Gremlin Nob","floor":7,"turns":3},{"damage":5,"enemies":"Exordium Wildlife","floor":11,"turns":3},{"damage":11,"enemies":"3 Sentries","floor":12,"turns":5},{"damage":0,"enemies":"Large Slime","floor":13,"turns":2},{"damage":24,"enemies":"Lagavulin Event","floor":14,"turns":4},{"damage":65,"enemies":"The Guardian","floor":16,"turns":7},{"damage":0,"enemies":"Chosen","floor":18,"turns":4},{"damage":11,"enemies":"Shell Parasite","floor":22,"turns":5},{"damage":11,"enemies":"Snecko","floor":24,"turns":5},{"damage":12,"enemies":"Colosseum Slavers","floor":25,"turns":3},{"damage":6,"enemies":"Colosseum Nobs","floor":25,"turns":4},{"damage":15,"enemies":"Slavers","floor":27,"turns":4},{"damage":3,"enemies":"3 Cultists","floor":28,"turns":4},{"damage":36,"enemies":"Book of Stabbing","floor":30,"turns":4},{"damage":9,"enemies":"Snake Plant","floor":31,"turns":3},{"damage":32,"enemies":"Collector","floor":33,"turns":6},{"damage":4,"enemies":"3 Shapes","floor":35,"turns":2},{"damage":0,"enemies":"Mind Bloom Boss Battle","floor":36,"turns":3},{"damage":0,"enemies":"Orb Walker","floor":38,"turns":2},{"damage":2,"enemies":"Sphere and 2 Shapes","floor":39,"turns":3},{"damage":2,"enemies":"Giant Head","floor":42,"turns":5},{"damage":8,"enemies":"Writhing Mass","floor":45,"turns":2},{"damage":24,"enemies":"Maw","floor":47,"turns":3},{"damage":0,"enemies":"4 Shapes","floor":48,"turns":3},{"damage":69,"enemies":"Awakened One","floor":50,"turns":7}],"seed_played":"5932101522481848280","potions_obtained":[{"floor":2,"key":"BloodPotion"},{"floor":5,"key":"LiquidBronze"},{"floor":7,"key":"SteroidPotion"},{"floor":11,"key":"Strength Potion"},{"floor":22,"key":"Weak Potion"},{"floor":27,"key":"SpeedPotion"},{"floor":28,"key":"Dexterity Potion"},{"floor":30,"key":"Energy Potion"},{"floor":31,"key":"FairyPotion"},{"floor":35,"key":"PowerPotion"},{"floor":36,"key":"Explosive Potion"},{"floor":38,"key":"Swift Potion"},{"floor":45,"key":"GamblersBrew"}],"is_trial":false,"path_per_floor":["M","M","?","?","M","R","E","R","T","R","M","E","M","?","R","B",null,"M","$","?","?","M","R","M","?","T","E","M","R","E","M","R","B",null,"M","?","T","M","M","R","?","E","T","R","M","?","M","M","R","B",null],"character_chosen":"IRONCLAD","items_purchased":["Hemokinesis","Paper Frog","Anchor","Combust"],"campfire_rested":2,"item_purchase_floors":[19,19,19,19],"current_hp_per_floor":[77,80,80,80,80,80,72,72,79,79,80,83,87,69,69,10,87,87,87,87,87,82,82,77,71,71,76,79,79,49,46,76,50,101,101,101,101,101,101,101,101,101,101,101,99,99,81,87,101,38],"gold":25,"neow_bonus":"THREE_CARDS","is_prod":false,"is_daily":false,"chose_seed":false,"campfire_upgraded":8,"win_rate":0,"timestamp":1557563502,"path_taken":["M","M","?","?","M","R","E","R","T","R","M","E","?","?","R","BOSS","M","$","?","?","M","R","M","?","T","E","M","R","E","M","R","BOSS","M","?","?","M","M","R","?","E","T","R","?","?","M","M","R","BOSS"],"build_version":"2019-01-23","purchased_purges":0,"victory":true,"max_hp_per_floor":[80,80,80,80,80,80,80,80,87,87,87,87,87,87,87,87,87,87,87,87,87,87,87,87,87,87,101,101,101,101,101,101,101,101,101,101,101,101,101,101,101,101,101,101,101,101,101,101,101,101],"card_choices":[{"not_picked":["Twin Strike","Clothesline"],"picked":"Perfected Strike","floor":0},{"not_picked":["True Grit","Clothesline"],"picked":"Twin Strike","floor":1},{"not_picked":["Searing Blow","Heavy Blade"],"picked":"Perfected Strike","floor":2},{"not_picked":["Carnage","Body Slam","Anger"],"picked":"SKIP","floor":5},{"not_picked":["Corruption","Second Wind"],"picked":"Offering","floor":7},{"not_picked":["Anger","Disarm","Sword Boomerang"],"picked":"SKIP","floor":11},{"not_picked":["Armaments","Corruption"],"picked":"Thunderclap","floor":12},{"not_picked":["Anger","Limit Break","True Grit"],"picked":"SKIP","floor":13},{"not_picked":["Wild Strike","Sword Boomerang"],"picked":"Flex","floor":14},{"not_picked":["Impervious","Fiend Fire"],"picked":"Double Tap","floor":16},{"not_picked":["Metallicize+1","Clash","Reckless Charge+1"],"picked":"SKIP","floor":18},{"not_picked":["Havoc","True Grit"],"picked":"Thunderclap+1","floor":22},{"not_picked":["Searing Blow","Warcry"],"picked":"Twin Strike","floor":24},{"not_picked":["Sentinel","Fire Breathing"],"picked":"Cleave+1","floor":25},{"not_picked":["Blood for Blood","Warcry"],"picked":"Perfected Strike","floor":27},{"not_picked":["Corruption","Sentinel","Havoc"],"picked":"SKIP","floor":28},{"not_picked":["Exhume","Headbutt"],"picked":"Pommel Strike","floor":30},{"not_picked":["True Grit","Anger"],"picked":"Ghostly Armor","floor":31},{"not_picked":["True Grit"],"picked":"SKIP","floor":35},{"not_picked":["Carnage"],"picked":"SKIP","floor":38},{"not_picked":["Havoc"],"picked":"SKIP","floor":39},{"not_picked":["Clothesline+1"],"picked":"SKIP","floor":42},{"not_picked":[],"picked":"Headbutt","floor":45},{"not_picked":["Cleave"],"picked":"SKIP","floor":47},{"not_picked":[],"picked":"Warcry+1","floor":48}],"player_experience":166936,"relics_obtained":[{"floor":7,"key":"MawBank"},{"floor":9,"key":"Strawberry"},{"floor":12,"key":"Sundial"},{"floor":14,"key":"Thread and Needle"},{"floor":25,"key":"Ginger"},{"floor":25,"key":"Dodecahedron"},{"floor":26,"key":"Bronze Scales"},{"floor":27,"key":"Mango"},{"floor":30,"key":"Shuriken"},{"floor":36,"key":"Incense Burner"},{"floor":37,"key":"Blue Candle"},{"floor":42,"key":"Nunchaku"},{"floor":43,"key":"Orichalcum"}],"event_choices":[{"cards_removed":["Defend_R"],"damage_healed":0,"gold_gain":0,"player_choice":"Card Removal","damage_taken":0,"max_hp_gain":0,"max_hp_loss":0,"event_name":"The Cleric","floor":3,"gold_loss":50},{"damage_healed":0,"gold_gain":0,"player_choice":"Upgraded","damage_taken":0,"max_hp_gain":0,"max_hp_loss":0,"event_name":"Upgrade Shrine","floor":4,"gold_loss":0,"cards_upgraded":["Perfected Strike"]},{"damage_healed":0,"gold_gain":0,"player_choice":"Searched \u00272\u0027 times","damage_taken":0,"max_hp_gain":0,"max_hp_loss":0,"event_name":"Dead Adventurer","floor":14,"gold_loss":0},{"damage_healed":0,"gold_gain":0,"player_choice":"Ignored","damage_taken":0,"max_hp_gain":0,"max_hp_loss":0,"event_name":"Ghosts","floor":20,"gold_loss":0},{"damage_healed":0,"gold_gain":0,"player_choice":"Read","damage_taken":0,"max_hp_gain":0,"max_hp_loss":0,"event_name":"The Library","floor":21,"gold_loss":0,"cards_obtained":["Dropkick"]},{"damage_healed":0,"gold_gain":0,"player_choice":"Fight","damage_taken":0,"max_hp_gain":0,"max_hp_loss":0,"event_name":"Colosseum","floor":25,"gold_loss":0},{"damage_healed":0,"gold_gain":0,"player_choice":"Fought Nobs","damage_taken":0,"max_hp_gain":0,"max_hp_loss":0,"event_name":"Colosseum","floor":25,"gold_loss":0},{"damage_healed":0,"gold_gain":0,"player_choice":"Fight","damage_taken":0,"max_hp_gain":0,"max_hp_loss":0,"event_name":"MindBloom","floor":36,"gold_loss":0},{"damage_healed":0,"gold_gain":0,"player_choice":"Upgraded","damage_taken":0,"max_hp_gain":0,"max_hp_loss":0,"event_name":"Upgrade Shrine","floor":41,"gold_loss":0,"cards_upgraded":["Flex"]},{"damage_healed":0,"gold_gain":0,"player_choice":"Paid","damage_taken":0,"relics_obtained":["Red Mask"],"max_hp_gain":0,"max_hp_loss":0,"event_name":"Tomb of Lord Red Mask","floor":46,"gold_loss":658}],"is_beta":false,"boss_relics":[{"not_picked":["Cursed Key","Philosopher\u0027s Stone"],"picked":"Runic Cube"},{"not_picked":["Sozu","Coffee Dripper"],"picked":"Busted Crown"}],"items_purged_floors":[],"is_endless":false,"potions_floor_spawned":[2,5,7,11,22,27,28,30,31,35,36,38,45],"ascension_level":0}