{"gold_per_floor":[112,131,131,147,147,147,187,207,276,9,9,9,50,74,74,205,205,228,16,29,47,47,47,62,62],"floor_reached":25,"playtime":1303,"items_purged":["Injury"],"score":309,"play_id":"3b338f84-4cec-420e-98d6-758007581082","local_time":"20190223163715","is_ascension_mode":true,"campfire_choices":[{"data":"Infinite Blades","floor":6,"key":"SMITH"},{"floor":15,"key":"REST"},{"data":"Apotheosis","floor":23,"key":"SMITH"}],"neow_cost":"TEN_PERCENT_HP_LOSS","seed_source_timestamp":681019424986048,"circlet_count":0,"master_deck":["Defend_G","Defend_G","Defend_G","Defend_G","Defend_G","Strike_G","Strike_G","Strike_G","Strike_G","Strike_G","Survivor+1","Neutralize","Dagger Spray","Burst+1","Infinite Blades+1","Well Laid Plans","Accuracy","Footwork","Blade Dance","Bandage Up+1","Outmaneuver","After Image","Blade Dance+1","Apotheosis+1","Terror","Cloak And Dagger","Forethought","Backstab"],"relics":["Ring of the Snake","Calipers","Golden Idol","Tough Bandages","Matryoshka","Happy Flower","Philosopher\u0027s Stone"],"potions_floor_usage":[7,16,16],"damage_taken":[{"damage":7,"enemies":"Jaw Worm","floor":1,"turns":5},{"damage":0,"enemies":"Small Slimes","floor":2,"turns":4},{"damage":2,"enemies":"Cultist","floor":4,"turns":5},{"damage":14,"enemies":"3 Sentries","floor":7,"turns":8},{"damage":5,"enemies":"Large Slime","floor":8,"turns":7},{"damage":39,"enemies":"Gremlin Nob","floor":13,"turns":5},{"damage":1,"enemies":"Looter","floor":14,"turns":4},{"damage":12,"enemies":"The Guardian","floor":16,"turns":14},{"damage":9,"enemies":"Shell Parasite","floor":18,"turns":7},{"damage":0,"enemies":"Chosen","floor":20,"turns":3},{"damage":5,"enemies":"Centurion and Healer","floor":21,"turns":7},{"damage":17,"enemies":"Snecko","floor":24,"turns":6},{"damage":42,"enemies":"Snake Plant","floor":25,"turns":5}],"seed_played":"1213120193051211398","potions_obtained":[{"floor":2,"key":"PowerPotion"},{"floor":8,"key":"Dexterity Potion"},{"floor":14,"key":"GhostInAJar"},{"floor":16,"key":"Dexterity Potion"}],"is_trial":false,"path_per_floor":["M","M","?","M","?","R","E","M","T","$","?","?","E","M","R","B",null,"M","$","M","M","?","R","M","M"],"character_chosen":"THE_SILENT","items_purchased":["Footwork","Blade Dance","Bandage Up","Apotheosis","Terror"],"campfire_rested":1,"item_purchase_floors":[10,10,10,19,19],"current_hp_per_floor":[56,56,56,54,41,41,27,22,22,22,22,43,16,21,39,39,57,54,54,63,58,46,46,35,0],"gold":62,"neow_bonus":"ONE_RARE_RELIC","is_prod":false,"is_daily":false,"chose_seed":false,"campfire_upgraded":2,"win_rate":0,"timestamp":1550957835,"path_taken":["M","M","?","M","?","R","E","?","T","?","?","?","E","M","R","BOSS","M","$","M","M","?","R","M","?"],"build_version":"2019-01-23","purchased_purges":1,"victory":false,"max_hp_per_floor":[63,63,63,63,63,63,63,63,63,63,63,63,63,63,63,63,63,63,63,63,63,63,63,63,63],"card_choices":[{"not_picked":["PiercingWail","Outmaneuver"],"picked":"Dagger Spray","floor":1},{"not_picked":["Bane","Reflex"],"picked":"Burst","floor":2},{"not_picked":["Deadly Poison","Skewer"],"picked":"Infinite Blades","floor":4},{"not_picked":["PiercingWail","Poisoned Stab"],"picked":"Well Laid Plans","floor":7},{"not_picked":["Dash","Sucker Punch"],"picked":"Accuracy","floor":8},{"not_picked":["Flechettes","Riddle With Holes","Deadly Poison"],"picked":"SKIP","floor":13},{"not_picked":["Dagger Spray","Skewer"],"picked":"Outmaneuver","floor":14},{"not_picked":["Malaise","Night Terror"],"picked":"After Image","floor":16},{"not_picked":["Noxious Fumes","Endless Agony+1"],"picked":"Blade Dance+1","floor":18},{"not_picked":["Poisoned Stab","All Out Attack","Concentrate"],"picked":"SKIP","floor":20},{"not_picked":["Sucker Punch+1","Flying Knee"],"picked":"Cloak And Dagger","floor":21},{"not_picked":["Slice","Prepared"],"picked":"Backstab","floor":24}],"player_experience":312842,"relics_obtained":[{"floor":7,"key":"Tough Bandages"},{"floor":9,"key":"Matryoshka"},{"floor":13,"key":"Happy Flower"}],"event_choices":[{"damage_healed":0,"gold_gain":0,"player_choice":"Take Wound","damage_taken":0,"relics_obtained":["Golden Idol"],"max_hp_gain":0,"max_hp_loss":0,"event_name":"Golden Idol","floor":3,"gold_loss":0,"cards_obtained":["Injury"]},{"damage_healed":0,"gold_gain":0,"player_choice":"Entered Light","damage_taken":13,"max_hp_gain":0,"max_hp_loss":0,"event_name":"Shining Light","floor":5,"gold_loss":0,"cards_upgraded":["Survivor","Burst"]},{"damage_healed":0,"gold_gain":0,"player_choice":"Grow","damage_taken":0,"max_hp_gain":0,"max_hp_loss":0,"event_name":"Living Wall","floor":11,"gold_loss":0,"cards_upgraded":["Bandage Up"]},{"damage_healed":21,"gold_gain":0,"player_choice":"Banana","damage_taken":0,"max_hp_gain":0,"max_hp_loss":0,"event_name":"Big Fish","floor":12,"gold_loss":0},{"damage_healed":0,"gold_gain":0,"player_choice":"CARD ","damage_taken":12,"max_hp_gain":0,"max_hp_loss":0,"event_name":"Knowing Skull","floor":22,"potions_obtained":[],"gold_loss":0,"cards_obtained":["Forethought"]}],"is_beta":false,"boss_relics":[{"not_picked":["Pandora\u0027s Box","Runic Dome"],"picked":"Philosopher\u0027s Stone"}],"items_purged_floors":[10],"is_endless":false,"potions_floor_spawned":[2,8,14,16],"killed_by":"Snake Plant","ascension_level":9}