{"gold_per_floor":[139,139,153,153,166,199,212,212,239,265,230,260,337,348,348,425,425,445,458,458,458,383,383,395,407,487,487],"floor_reached":27,"playtime":1302,"items_purged":[],"score":454,"play_id":"ea4e90c2-a643-452a-b57b-bddd665710df","local_time":"20190409133128","is_ascension_mode":true,"campfire_choices":[{"data":"Go for the Eyes","floor":8,"key":"SMITH"},{"data":"Beam Cell","floor":15,"key":"SMITH"}],"neow_cost":"NONE","seed_source_timestamp":329152162965280,"circlet_count":0,"master_deck":["AscendersBane","Strike_B","Strike_B","Strike_B","Defend_B","Defend_B","Defend_B","Defend_B","Zap","Dualcast","Go for the Eyes+1","Sweeping Beam","BootSequence","Echo Form","Conserve Battery","Undo","Reinforced Body","Beam Cell+1","Core Surge","Ball Lightning+1","Coolheaded","RitualDagger","Undo+1"],"relics":["FrozenCore","Tiny Chest","Oddly Smooth Stone","Regal Pillow","Smiling Mask","Bag of Preparation","Bottled Tornado","Pantograph","Shuriken","Nloth\u0027s Gift","Bottled Lightning"],"potions_floor_usage":[6,12,25,25],"damage_taken":[{"damage":0,"enemies":"Small Slimes","floor":1,"turns":4},{"damage":1,"enemies":"Cultist","floor":3,"turns":4},{"damage":5,"enemies":"2 Louse","floor":5,"turns":3},{"damage":24,"enemies":"3 Sentries","floor":6,"turns":5},{"damage":2,"enemies":"Blue Slaver","floor":7,"turns":3},{"damage":9,"enemies":"Lagavulin","floor":10,"turns":7},{"damage":27,"enemies":"Gremlin Nob","floor":12,"turns":4},{"damage":0,"enemies":"Lots of Slimes","floor":14,"turns":4},{"damage":24,"enemies":"The Guardian","floor":16,"turns":12},{"damage":8,"enemies":"Spheric Guardian","floor":18,"turns":7},{"damage":0,"enemies":"Chosen","floor":19,"turns":5},{"damage":4,"enemies":"Centurion and Healer","floor":24,"turns":7},{"damage":26,"enemies":"Cultist and Chosen","floor":25,"turns":12},{"damage":14,"enemies":"3 Cultists","floor":27,"turns":4}],"seed_played":"-8016564931365743957","potions_obtained":[{"floor":3,"key":"Strength Potion"},{"floor":6,"key":"SpeedPotion"},{"floor":7,"key":"SneckoOil"},{"floor":19,"key":"SkillPotion"},{"floor":25,"key":"GamblersBrew"}],"is_trial":false,"path_per_floor":["M","?","M","?","M","E","M","R","T","E","?","E","T","M","R","B",null,"M","M","T","?","?","?","M","M","T","M"],"character_chosen":"DEFECT","items_purchased":[],"campfire_rested":0,"item_purchase_floors":[],"current_hp_per_floor":[64,64,63,63,58,34,32,32,32,23,40,13,13,13,13,14,57,49,49,49,43,43,43,39,13,13,0],"gold":487,"neow_bonus":"RANDOM_COMMON_RELIC","is_prod":false,"is_daily":false,"chose_seed":false,"campfire_upgraded":2,"win_rate":0,"timestamp":1554831088,"path_taken":["M","?","M","?","M","E","?","R","T","E","?","E","?","?","R","BOSS","M","M","?","?","?","?","M","M","T","M"],"build_version":"2019-01-23","purchased_purges":0,"victory":false,"max_hp_per_floor":[71,71,71,71,71,71,71,71,71,71,71,71,71,71,71,71,71,71,71,71,71,71,71,71,71,71,71],"card_choices":[{"not_picked":["Chill","Cold Snap"],"picked":"Go for the Eyes","floor":1},{"not_picked":["Steam Power","Chill"],"picked":"Sweeping Beam","floor":3},{"not_picked":["Stack","Coolheaded"],"picked":"BootSequence","floor":5},{"not_picked":["Melter","Gash"],"picked":"Echo Form","floor":6},{"not_picked":["Barrage","Compile Driver"],"picked":"Conserve Battery","floor":7},{"not_picked":["Steam","Sweeping Beam"],"picked":"Undo","floor":10},{"not_picked":["Thunder Strike","Scrape"],"picked":"Reinforced Body","floor":12},{"not_picked":["Turbo","Go for the Eyes"],"picked":"Beam Cell","floor":14},{"not_picked":["Rainbow","Buffer"],"picked":"Core Surge","floor":16},{"not_picked":["Auto Shields","Aggregate"],"picked":"Ball Lightning+1","floor":18},{"not_picked":["Compile Driver+1","Conserve Battery"],"picked":"Coolheaded","floor":19},{"not_picked":["Go for the Eyes","Loop","All For One"],"picked":"SKIP","floor":24},{"not_picked":["Coolheaded","Fusion+1"],"picked":"Undo+1","floor":25}],"player_experience":544742,"relics_obtained":[{"floor":6,"key":"Regal Pillow"},{"floor":9,"key":"Smiling Mask"},{"floor":10,"key":"Bag of Preparation"},{"floor":12,"key":"Bottled Tornado"},{"floor":13,"key":"Pantograph"},{"floor":20,"key":"Shuriken"},{"floor":26,"key":"Bottled Lightning"}],"event_choices":[{"damage_healed":0,"gold_gain":0,"player_choice":"Box","damage_taken":0,"relics_obtained":["Oddly Smooth Stone"],"max_hp_gain":0,"max_hp_loss":0,"event_name":"Big Fish","floor":2,"gold_loss":0,"cards_obtained":["Regret"]},{"cards_removed":["Regret"],"damage_healed":0,"gold_gain":0,"player_choice":"Offered Curse","damage_taken":0,"relics_obtained":["Spirit Poop"],"max_hp_gain":0,"max_hp_loss":0,"event_name":"Bonfire Elementals","floor":4,"gold_loss":0},{"damage_healed":17,"gold_gain":0,"player_choice":"Healed","damage_taken":0,"max_hp_gain":0,"max_hp_loss":0,"event_name":"The Cleric","floor":11,"gold_loss":35},{"damage_healed":0,"gold_gain":0,"player_choice":"Joined the Cult","damage_taken":6,"max_hp_gain":0,"max_hp_loss":0,"event_name":"Nest","floor":21,"gold_loss":0,"cards_obtained":["RitualDagger"]},{"cards_removed":["Strike_B"],"damage_healed":0,"gold_gain":0,"player_choice":"Gave Gold","damage_taken":0,"max_hp_gain":0,"max_hp_loss":0,"event_name":"Beggar","floor":22,"gold_loss":75},{"damage_healed":0,"gold_gain":0,"player_choice":"Traded Relic","damage_taken":0,"relics_obtained":["Nloth\u0027s Gift"],"max_hp_gain":0,"max_hp_loss":0,"event_name":"N\u0027loth","floor":23,"relics_lost":["Spirit Poop"],"gold_loss":0}],"is_beta":false,"boss_relics":[{"not_picked":["Snecko Eye","Lizard Tail"],"picked":"FrozenCore"}],"items_purged_floors":[],"is_endless":false,"potions_floor_spawned":[3,6,7,19,24,25],"killed_by":"3 Cultists","ascension_level":19}