{"gold_per_floor":[109,89,100,100,16,16,33,58,84,98,98,123,123,141,141,141],"floor_reached":16,"playtime":431,"items_purged":[],"score":215,"play_id":"67cc8520-8cc2-44f0-903a-249b36dd1d18","local_time":"20190627213555","is_ascension_mode":true,"campfire_choices":[{"data":"Limit Break","floor":6,"key":"SMITH"},{"floor":13,"key":"REST"},{"floor":15,"key":"REST"}],"neow_cost":"PERCENT_DAMAGE","seed_source_timestamp":1291452506600291,"circlet_count":0,"master_deck":["AscendersBane","Strike_R","Strike_R","Strike_R","Strike_R","Defend_R","Defend_R","Defend_R","Bash","Limit Break+1","Immolate+1","Shrug It Off","Wild Strike","Inflame","Burning Pact","Shrug It Off","Pummel","Disarm"],"relics":["Burning Blood","Blood Vial","Bag of Preparation","Letter Opener"],"potions_floor_usage":[3,8,8,8,10,12],"damage_taken":[{"damage":6,"enemies":"2 Louse","floor":1,"turns":2},{"damage":0,"enemies":"Cultist","floor":3,"turns":3},{"damage":7,"enemies":"Jaw Worm","floor":7,"turns":3},{"damage":32,"enemies":"Lagavulin","floor":8,"turns":6},{"damage":12,"enemies":"Large Slime","floor":10,"turns":3},{"damage":8,"enemies":"Gremlin Nob","floor":12,"turns":3},{"damage":14,"enemies":"Looter","floor":14,"turns":3},{"damage":68,"enemies":"Hexaghost","floor":16,"turns":10}],"seed_played":"-6257007186568308703","potions_obtained":[{"floor":1,"key":"Swift Potion"},{"floor":2,"key":"EntropicBrew"},{"floor":3,"key":"Swift Potion"},{"floor":8,"key":"PowerPotion"},{"floor":12,"key":"Ancient Potion"}],"is_trial":false,"path_per_floor":["M","?","M","?","$","R","M","E","T","M","?","E","R","M","R","B"],"character_chosen":"IRONCLAD","items_purchased":["Inflame"],"campfire_rested":2,"item_purchase_floors":[5],"current_hp_per_floor":[50,50,56,56,56,56,55,29,29,25,25,25,47,41,63,0],"gold":141,"neow_bonus":"TRANSFORM_TWO_CARDS","is_prod":false,"is_daily":false,"chose_seed":false,"campfire_upgraded":1,"win_rate":0,"timestamp":1561696555,"path_taken":["M","?","?","?","$","R","M","E","T","M","?","E","R","M","R","BOSS"],"build_version":"2019-01-23","purchased_purges":0,"victory":false,"max_hp_per_floor":[75,75,75,75,75,75,75,75,75,75,75,75,75,75,75,75],"card_choices":[{"not_picked":["Shockwave","Sentinel"],"picked":"Shrug It Off","floor":1},{"not_picked":["Warcry","Clash"],"picked":"Wild Strike","floor":3},{"not_picked":["Warcry","Wild Strike","Exhume"],"picked":"SKIP","floor":7},{"not_picked":["Warcry","Second Wind"],"picked":"Burning Pact","floor":8},{"not_picked":["Evolve","Perfected Strike"],"picked":"Shrug It Off","floor":10},{"not_picked":["Armaments","Wild Strike"],"picked":"Pummel","floor":12},{"not_picked":["Cleave","Evolve"],"picked":"Disarm","floor":14}],"player_experience":1090088,"relics_obtained":[{"floor":8,"key":"Blood Vial"},{"floor":9,"key":"Bag of Preparation"},{"floor":12,"key":"Letter Opener"}],"event_choices":[{"damage_healed":0,"gold_gain":0,"player_choice":"Bought 1 Potion","damage_taken":0,"max_hp_gain":0,"max_hp_loss":0,"event_name":"The Woman in Blue","floor":2,"gold_loss":0},{"damage_healed":0,"gold_gain":0,"player_choice":"Grow","damage_taken":0,"max_hp_gain":0,"max_hp_loss":0,"event_name":"Living Wall","floor":4,"gold_loss":0,"cards_upgraded":["Immolate"]},{"damage_healed":0,"gold_gain":0,"player_choice":"Fled","damage_taken":0,"max_hp_gain":0,"max_hp_loss":0,"event_name":"Scrap Ooze","floor":11,"gold_loss":0}],"is_beta":false,"boss_relics":[],"items_purged_floors":[],"is_endless":false,"potions_floor_spawned":[1,3,8,12],"killed_by":"Hexaghost","ascension_level":19}