{"gold_per_floor":[116,128,139,139,152,152,180,180,206,220,233,233,233,251,251,356,356,366,465,481,481,481,481,499,511,511,511,525,545,556,108,108,108],"floor_reached":33,"playtime":1736,"items_purged":["Defend_B"],"score":253,"play_id":"316ab91a-8ced-4506-bf42-9424ae6e3266","local_time":"20190701193000","is_ascension_mode":false,"campfire_choices":[{"data":"Loop","floor":6,"key":"SMITH"},{"floor":8,"key":"REST"},{"data":"Zap","floor":15,"key":"SMITH"},{"data":"Hologram","floor":23,"key":"SMITH"},{"data":"Leap","floor":27,"key":"SMITH"},{"data":"Conserve Battery","floor":32,"key":"SMITH"}],"neow_cost":"NONE","seed_source_timestamp":756633432431138,"circlet_count":0,"master_deck":["Strike_B","Strike_B","Strike_B","Strike_B","Defend_B","Defend_B+1","Defend_B+1","Zap+1","Dualcast","Barrage","Go for the Eyes","Loop+1","Sweeping Beam","Leap+1","Hyperbeam","Buffer+1","Conserve Battery+1","Hologram+1","Ball Lightning","Cold Snap","Auto Shields+1","FTL+1","Bandage Up","Cold Snap","Turbo"],"relics":["Cracked Core","NeowsBlessing","Lantern","Smiling Mask","Darkstone Periapt","Coffee Dripper","Bottled Lightning","Blood Vial"],"potions_floor_usage":[5,16,18,18,24,25,33,33],"damage_taken":[{"damage":0,"enemies":"Jaw Worm","floor":1,"turns":1},{"damage":0,"enemies":"2 Louse","floor":2,"turns":1},{"damage":0,"enemies":"Cultist","floor":3,"turns":1},{"damage":3,"enemies":"3 Louse","floor":5,"turns":3},{"damage":15,"enemies":"Lagavulin","floor":7,"turns":6},{"damage":2,"enemies":"Looter","floor":10,"turns":3},{"damage":1,"enemies":"Large Slime","floor":11,"turns":5},{"damage":0,"enemies":"2 Fungi Beasts","floor":14,"turns":3},{"damage":15,"enemies":"The Guardian","floor":16,"turns":12},{"damage":6,"enemies":"Shell Parasite","floor":18,"turns":4},{"damage":16,"enemies":"2 Thieves","floor":20,"turns":5},{"damage":8,"enemies":"Cultist and Chosen","floor":24,"turns":7},{"damage":15,"enemies":"Snake Plant","floor":25,"turns":7},{"damage":9,"enemies":"Snecko","floor":28,"turns":5},{"damage":0,"enemies":"Shelled Parasite and Fungi","floor":29,"turns":8},{"damage":13,"enemies":"Centurion and Healer","floor":30,"turns":7},{"damage":18,"enemies":"Automaton","floor":33,"turns":8}],"seed_played":"3091275197894332575","potions_obtained":[{"floor":2,"key":"SteroidPotion"},{"floor":10,"key":"GamblersBrew"},{"floor":14,"key":"SteroidPotion"},{"floor":16,"key":"Weak Potion"},{"floor":18,"key":"Ancient Potion"},{"floor":20,"key":"Block Potion"},{"floor":29,"key":"Ancient Potion"},{"floor":30,"key":"FocusPotion"}],"is_trial":false,"path_per_floor":["M","M","M","?","M","R","E","R","T","M","M","?","T","M","R","B",null,"M","?","M","?","?","R","M","M","T","R","M","M","M","$","R","B"],"character_chosen":"DEFECT","items_purchased":["Blood Vial","Bandage Up","Cold Snap","Turbo","Block Potion"],"campfire_rested":1,"item_purchase_floors":[31,31,31,31,31],"current_hp_per_floor":[75,75,75,60,57,57,42,64,64,62,61,61,61,61,61,46,75,69,69,53,53,53,53,45,30,30,30,21,21,8,8,8,0],"gold":108,"neow_bonus":"THREE_ENEMY_KILL","is_prod":false,"is_daily":false,"chose_seed":false,"campfire_upgraded":5,"win_rate":0,"timestamp":1562034600,"path_taken":["M","M","M","?","M","R","E","R","T","M","M","?","?","M","R","BOSS","M","?","M","?","?","R","M","?","T","R","M","M","M","$","R","BOSS"],"build_version":"2019-07-01","purchased_purges":1,"victory":false,"max_hp_per_floor":[75,75,75,75,75,75,75,75,75,75,75,75,75,75,75,75,75,75,75,75,75,75,75,75,75,75,75,75,75,75,75,75,75],"card_choices":[{"not_picked":["Steam","Consume","Aggregate"],"picked":"SKIP","floor":1},{"not_picked":["Conserve Battery","Redo"],"picked":"Barrage","floor":2},{"not_picked":["Hologram","BootSequence"],"picked":"Go for the Eyes","floor":3},{"not_picked":["Conserve Battery","Glacier"],"picked":"Loop","floor":5},{"not_picked":["Hologram","Rebound"],"picked":"Sweeping Beam","floor":7},{"not_picked":["Beam Cell","Steam"],"picked":"Leap","floor":10},{"not_picked":["Go for the Eyes","Scrape"],"picked":"Hyperbeam","floor":11},{"not_picked":["Steam","Streamline","Barrage"],"picked":"SKIP","floor":14},{"not_picked":["Multi-Cast","Fission"],"picked":"Buffer","floor":16},{"not_picked":["Go for the Eyes","Coolheaded+1"],"picked":"Conserve Battery","floor":18},{"not_picked":["Static Discharge","Compile Driver"],"picked":"Hologram","floor":20},{"not_picked":["Conserve Battery+1","Rebound"],"picked":"Ball Lightning","floor":24},{"not_picked":["Consume+1","Barrage"],"picked":"Cold Snap","floor":25},{"not_picked":["Chaos","Consume"],"picked":"Auto Shields+1","floor":28},{"not_picked":["Gash","Fission"],"picked":"FTL+1","floor":29},{"not_picked":["Go for the Eyes","Consume","Compile Driver"],"picked":"SKIP","floor":30}],"player_experience":583965,"relics_obtained":[{"floor":7,"key":"Lantern"},{"floor":9,"key":"Smiling Mask"},{"floor":13,"key":"Darkstone Periapt"},{"floor":26,"key":"Bottled Lightning"}],"event_choices":[{"damage_healed":0,"gold_gain":0,"player_choice":"Entered Light","damage_taken":15,"max_hp_gain":0,"max_hp_loss":0,"event_name":"Shining Light","floor":4,"gold_loss":0,"cards_upgraded":["Defend_B","Defend_B"]},{"damage_healed":0,"gold_gain":0,"player_choice":"Ignored","damage_taken":0,"max_hp_gain":0,"max_hp_loss":0,"event_name":"Liars Game","floor":12,"gold_loss":0},{"damage_healed":0,"gold_gain":99,"player_choice":"Stole From Cult","damage_taken":0,"max_hp_gain":0,"max_hp_loss":0,"event_name":"Nest","floor":19,"gold_loss":0},{"damage_healed":0,"gold_gain":0,"player_choice":"Ignored","damage_taken":0,"max_hp_gain":0,"max_hp_loss":0,"event_name":"The Mausoleum","floor":21,"gold_loss":0},{"damage_healed":0,"gold_gain":0,"player_choice":"Upgraded","damage_taken":0,"max_hp_gain":0,"max_hp_loss":0,"event_name":"Upgrade Shrine","floor":22,"gold_loss":0,"cards_upgraded":["Buffer"]}],"is_beta":false,"boss_relics":[{"not_picked":["Pandora\u0027s Box","Black Star"],"picked":"Coffee Dripper"}],"items_purged_floors":[31],"is_endless":false,"potions_floor_spawned":[2,10,14,16,18,20,29,30],"killed_by":"Automaton","ascension_level":0}