{"gold_per_floor":[116,116,133,146,146,146,209,209,278,235,262,282,301,316,316,421,421,436,307,324,270,288,313,326,326,351,351,351,362,382,163,163,266,266,284,284,284,295,312,312,312],"floor_reached":41,"playtime":2847,"items_purged":["Strike_B","Strike_B"],"score":475,"play_id":"4998a713-0bd8-4c08-8d91-f5330f12d1ee","local_time":"20190617192219","is_ascension_mode":false,"campfire_choices":[{"data":"Dualcast","floor":6,"key":"SMITH"},{"floor":8,"key":"REST"},{"floor":15,"key":"REST"},{"floor":25,"key":"REST"},{"floor":27,"key":"REST"},{"floor":32,"key":"REST"},{"floor":40,"key":"REST"}],"neow_cost":"NONE","seed_source_timestamp":846409752175807,"circlet_count":0,"master_deck":["Strike_B","Strike_B","Defend_B","Defend_B","Defend_B","Defend_B","Zap+1","Dualcast+1","Gash","Gash","Gash","Sweeping Beam","Leap","Stack","White Noise","Melter","Seek","Coolheaded","Fission","Sweeping Beam","Rebound+1","Gash","FTL","Defragment","Machine Learning","Conserve Battery+1","Bandage Up"],"relics":["Cracked Core","Tiny Chest","Darkstone Periapt","Anchor","Nuclear Battery","Pear","Question Card","Art of War","Kunai","Sozu"],"potions_floor_usage":[14,16,18,20,24,24,35],"damage_taken":[{"damage":2,"enemies":"Jaw Worm","floor":1,"turns":4},{"damage":3,"enemies":"Small Slimes","floor":3,"turns":3},{"damage":1,"enemies":"Cultist","floor":4,"turns":3},{"damage":33,"enemies":"Gremlin Nob","floor":7,"turns":4},{"damage":36,"enemies":"3 Sentries","floor":11,"turns":6},{"damage":9,"enemies":"Exordium Wildlife","floor":12,"turns":3},{"damage":0,"enemies":"Lots of Slimes","floor":13,"turns":3},{"damage":5,"enemies":"Blue Slaver","floor":14,"turns":3},{"damage":37,"enemies":"The Guardian","floor":16,"turns":13},{"damage":2,"enemies":"3 Byrds","floor":18,"turns":3},{"damage":8,"enemies":"Chosen","floor":20,"turns":5},{"damage":0,"enemies":"Sentry and Sphere","floor":22,"turns":3},{"damage":81,"enemies":"Slavers","floor":23,"turns":7},{"damage":0,"enemies":"Chosen and Byrds","floor":24,"turns":6},{"damage":26,"enemies":"Shelled Parasite and Fungi","floor":29,"turns":6},{"damage":6,"enemies":"Cultist and Chosen","floor":30,"turns":7},{"damage":35,"enemies":"Automaton","floor":33,"turns":12},{"damage":30,"enemies":"3 Darklings","floor":35,"turns":4},{"damage":2,"enemies":"3 Shapes","floor":38,"turns":3},{"damage":30,"enemies":"Transient","floor":39,"turns":5},{"damage":84,"enemies":"Reptomancer","floor":41,"turns":5}],"seed_played":"-3143565318783892630","potions_obtained":[{"floor":12,"key":"Dexterity Potion"},{"floor":14,"key":"Strength Potion"},{"floor":16,"key":"LiquidBronze"},{"floor":18,"key":"Weak Potion"},{"floor":22,"key":"LiquidBronze"},{"floor":23,"key":"Block Potion"},{"floor":30,"key":"FairyPotion"},{"floor":33,"key":"LiquidBronze"}],"is_trial":false,"path_per_floor":["M","?","M","M","?","R","E","R","T","?","E","M","M","M","R","B",null,"M","$","M","?","M","E","M","R","T","R","T","M","M","$","R","B",null,"M","?","?","M","M","R","E"],"character_chosen":"DEFECT","items_purchased":["Coolheaded","FTL","Defragment"],"campfire_rested":6,"item_purchase_floors":[19,31,31],"current_hp_per_floor":[80,80,77,76,73,73,40,64,64,64,28,19,19,14,38,1,82,80,80,72,82,82,1,1,28,28,55,55,29,23,23,50,15,92,62,62,62,64,38,65,0],"gold":312,"neow_bonus":"TEN_PERCENT_HP_BONUS","is_prod":false,"is_daily":false,"chose_seed":false,"campfire_upgraded":1,"win_rate":0,"timestamp":1560824539,"path_taken":["M","?","M","M","?","R","E","R","T","?","E","M","M","M","R","BOSS","M","$","M","?","M","E","?","R","T","R","?","M","?","$","R","BOSS","M","?","?","M","M","R","E"],"build_version":"2019-01-23","purchased_purges":2,"victory":false,"max_hp_per_floor":[82,82,82,82,82,82,82,82,82,82,82,82,82,82,82,82,82,82,82,82,92,92,92,92,92,92,92,92,92,92,92,92,92,92,92,92,92,92,92,92,92],"card_choices":[{"not_picked":["Stack","Cold Snap"],"picked":"Gash","floor":1},{"not_picked":["Compile Driver","Hologram"],"picked":"Gash","floor":3},{"not_picked":["Rebound","Auto Shields"],"picked":"Gash","floor":4},{"not_picked":["Heatsinks","Ball Lightning"],"picked":"Sweeping Beam","floor":7},{"not_picked":["Sweeping Beam","Redo"],"picked":"Leap","floor":11},{"not_picked":["Heatsinks","Ball Lightning"],"picked":"Stack","floor":12},{"not_picked":["Thunder Strike","Ball Lightning"],"picked":"White Noise","floor":13},{"not_picked":["Capacitor","Leap"],"picked":"Melter","floor":14},{"not_picked":["Meteor Strike","Amplify"],"picked":"Seek","floor":16},{"not_picked":["Force Field","Beam Cell","Cold Snap"],"picked":"SKIP","floor":18},{"not_picked":["Stack","Beam Cell","Go for the Eyes+1"],"picked":"SKIP","floor":20},{"not_picked":["Barrage+1","Ball Lightning","Static Discharge"],"picked":"SKIP","floor":22},{"not_picked":["Loop","Go for the Eyes+1"],"picked":"Fission","floor":23},{"not_picked":["Go for the Eyes","Reprogram","Ball Lightning"],"picked":"Sweeping Beam","floor":24},{"not_picked":["Gash","Cold Snap","Hello World"],"picked":"Rebound+1","floor":29},{"not_picked":["Storm+1","Rip and Tear","Ball Lightning"],"picked":"Gash","floor":30},{"not_picked":["Multi-Cast","Amplify","Seek"],"picked":"Machine Learning","floor":33},{"not_picked":["Beam Cell+1","Stack+1","Leap"],"picked":"Conserve Battery+1","floor":35},{"not_picked":["Secret Weapon","Discovery","Sadistic Nature"],"picked":"Bandage Up","floor":36},{"not_picked":["Fusion","Go for the Eyes","Glacier+1","Rebound+1"],"picked":"SKIP","floor":38},{"not_picked":["Compile Driver+1","Cold Snap+1","Steam Power","Steam"],"picked":"SKIP","floor":39}],"player_experience":424683,"relics_obtained":[{"floor":7,"key":"Tiny Chest"},{"floor":9,"key":"Darkstone Periapt"},{"floor":11,"key":"Anchor"},{"floor":23,"key":"Question Card"},{"floor":26,"key":"Art of War"},{"floor":28,"key":"Kunai"}],"event_choices":[{"damage_healed":0,"gold_gain":0,"player_choice":"Grow","damage_taken":0,"max_hp_gain":0,"max_hp_loss":0,"event_name":"Living Wall","floor":2,"gold_loss":0,"cards_upgraded":["Zap"]},{"damage_healed":0,"gold_gain":0,"player_choice":"Fled","damage_taken":3,"max_hp_gain":0,"max_hp_loss":0,"event_name":"Scrap Ooze","floor":5,"gold_loss":0},{"damage_healed":0,"gold_gain":0,"player_choice":"Left Gold","damage_taken":0,"max_hp_gain":0,"max_hp_loss":0,"event_name":"World of Goop","floor":10,"gold_loss":43},{"damage_healed":0,"gold_gain":0,"player_choice":"Paid Gold","damage_taken":0,"relics_obtained":["Pear"],"max_hp_gain":0,"max_hp_loss":0,"event_name":"WeMeetAgain","floor":21,"gold_loss":54},{"damage_healed":0,"gold_gain":0,"player_choice":"Memory 1","damage_taken":0,"max_hp_gain":0,"max_hp_loss":0,"event_name":"SensoryStone","floor":36,"gold_loss":0},{"damage_healed":0,"gold_gain":0,"player_choice":"Ignored","damage_taken":0,"max_hp_gain":0,"max_hp_loss":0,"event_name":"Tomb of Lord Red Mask","floor":37,"gold_loss":0}],"is_beta":false,"boss_relics":[{"not_picked":["Lizard Tail","Tiny House"],"picked":"Nuclear Battery"},{"not_picked":["FrozenCore","Coffee Dripper"],"picked":"Sozu"}],"items_purged_floors":[19,31],"is_endless":false,"potions_floor_spawned":[12,14,16,18,22,23,30,33,35,38],"killed_by":"Reptomancer","ascension_level":0}