{"gold_per_floor":[112,128,142,20,39,39,100,100,123,123,152,165,181,212,212,283,283,293,193,203,0,0],"floor_reached":22,"playtime":803,"items_purged":["Normality","Dual Wield"],"score":343,"play_id":"c50cb168-ddc5-4746-84ff-6d07db2e4bca","local_time":"20190503013754","is_ascension_mode":true,"campfire_choices":[{"floor":6,"key":"DIG"},{"floor":8,"key":"DIG"},{"floor":10,"key":"DIG"},{"floor":15,"key":"REST"}],"neow_cost":"CURSE","seed_source_timestamp":537899889167232,"circlet_count":0,"master_deck":["AscendersBane","Bash","Ghostly Armor","Hemokinesis","Carnage","Shrug It Off","Corruption","Wild Strike","Inflame","Disarm","Impervious","Burning Pact","Berserk","Body Slam","Anger","Intimidate","Cleave","Berserk","Barricade","Body Slam"],"relics":["Burning Blood","Shovel","Bronze Scales","Calipers","Ancient Tea Set","War Paint","Bottled Tornado","Gremlin Horn","Pandora\u0027s Box"],"potions_floor_usage":[11,12,14,16,22],"damage_taken":[{"damage":8,"enemies":"2 Louse","floor":1,"turns":4},{"damage":20,"enemies":"Jaw Worm","floor":2,"turns":6},{"damage":8,"enemies":"Cultist","floor":3,"turns":4},{"damage":0,"enemies":"Large Slime","floor":5,"turns":4},{"damage":22,"enemies":"Lagavulin","floor":11,"turns":6},{"damage":15,"enemies":"Gremlin Gang","floor":12,"turns":2},{"damage":7,"enemies":"2 Fungi Beasts","floor":13,"turns":3},{"damage":26,"enemies":"Gremlin Nob","floor":14,"turns":4},{"damage":30,"enemies":"Hexaghost","floor":16,"turns":10},{"damage":15,"enemies":"Chosen","floor":18,"turns":5},{"damage":39,"enemies":"Shell Parasite","floor":20,"turns":8},{"damage":29,"enemies":"Cultist and Chosen","floor":22,"turns":4}],"seed_played":"7638890030911187914","potions_obtained":[{"floor":3,"key":"Block Potion"},{"floor":11,"key":"Explosive Potion"},{"floor":13,"key":"Strength Potion"},{"floor":14,"key":"LiquidBronze"},{"floor":20,"key":"BloodPotion"}],"is_trial":false,"path_per_floor":["M","M","M","$","M","R","?","R","T","R","E","M","M","E","R","B",null,"M","$","M","?","M"],"character_chosen":"IRONCLAD","items_purchased":["Shrug It Off"],"campfire_rested":1,"item_purchase_floors":[4],"current_hp_per_floor":[66,52,50,50,56,56,56,56,56,56,40,31,30,10,32,8,58,49,49,16,16,0],"gold":0,"neow_bonus":"ONE_RARE_RELIC","is_prod":false,"is_daily":false,"chose_seed":false,"campfire_upgraded":0,"win_rate":0,"timestamp":1556872674,"path_taken":["M","M","M","$","M","R","?","R","T","R","E","M","M","E","R","BOSS","M","$","M","?","M"],"build_version":"2019-01-23","purchased_purges":2,"victory":false,"max_hp_per_floor":[75,75,75,75,75,75,75,75,75,75,75,75,75,75,75,75,75,75,75,75,75,75],"card_choices":[{"not_picked":["Havoc","Combust"],"picked":"Ghostly Armor","floor":1},{"not_picked":["Warcry","Intimidate"],"picked":"Hemokinesis","floor":2},{"not_picked":["Burning Pact","Havoc"],"picked":"Carnage","floor":3},{"not_picked":["Rupture","Sword Boomerang"],"picked":"Corruption","floor":5},{"not_picked":["Flex","Whirlwind"],"picked":"Wild Strike","floor":11},{"not_picked":["Headbutt","Berserk"],"picked":"Inflame","floor":12},{"not_picked":["Thunderclap","Warcry"],"picked":"Disarm","floor":13},{"not_picked":["Body Slam","Flex","Sword Boomerang"],"picked":"SKIP","floor":14},{"not_picked":["Fiend Fire","Double Tap"],"picked":"Impervious","floor":16},{"not_picked":["Searing Blow","Thunderclap","Iron Wave"],"picked":"SKIP","floor":18},{"not_picked":["Wild Strike+1","Sword Boomerang"],"picked":"Body Slam","floor":20}],"player_experience":871502,"relics_obtained":[{"floor":6,"key":"Bronze Scales"},{"floor":8,"key":"Calipers"},{"floor":9,"key":"Ancient Tea Set"},{"floor":10,"key":"War Paint"},{"floor":11,"key":"Bottled Tornado"},{"floor":14,"key":"Gremlin Horn"}],"event_choices":[{"damage_healed":0,"gold_gain":61,"player_choice":"Gained Gold","damage_taken":0,"max_hp_gain":0,"max_hp_loss":0,"event_name":"Golden Wing","floor":7,"gold_loss":0},{"damage_healed":0,"gold_gain":0,"player_choice":"Paid Fearfully","damage_taken":0,"max_hp_gain":0,"max_hp_loss":0,"event_name":"Masked Bandits","floor":21,"gold_loss":203}],"is_beta":false,"boss_relics":[{"not_picked":["White Beast Statue","Runic Dome"],"picked":"Pandora\u0027s Box"}],"items_purged_floors":[4,19],"is_endless":false,"potions_floor_spawned":[3,11,13,14,20],"killed_by":"Cultist and Chosen","ascension_level":15}