{"gold_per_floor":[19,31,46,64,64,64,64,64,64,79,114,114,129,143,143,143],"floor_reached":16,"playtime":666,"items_purged":[],"score":194,"play_id":"c53ab867-b730-452a-843d-7c5b0e3e6c44","local_time":"20190106144350","is_ascension_mode":true,"campfire_choices":[{"data":"Whirlwind","floor":6,"key":"SMITH"},{"data":"Reaper","floor":8,"key":"SMITH"},{"data":"Impervious","floor":12,"key":"SMITH"},{"floor":15,"key":"REST"}],"neow_cost":"NO_GOLD","seed_source_timestamp":1474351552395,"circlet_count":0,"master_deck":["AscendersBane","Strike_R","Strike_R","Strike_R","Strike_R","Strike_R","Defend_R","Defend_R","Defend_R","Defend_R","Bash","Violence","Secret Technique","Shrug It Off","Whirlwind+1","Shrug It Off","Reaper+1","Clothesline","Impervious+1","Spot Weakness","Metallicize"],"relics":["Burning Blood","Sundial","Blue Candle"],"potions_floor_usage":[3,3,7,13,16],"damage_taken":[{"damage":1,"enemies":"Cultist","floor":1,"turns":3},{"damage":8,"enemies":"2 Louse","floor":2,"turns":3},{"damage":7,"enemies":"Small Slimes","floor":3,"turns":3},{"damage":6,"enemies":"Blue Slaver","floor":4,"turns":6},{"damage":29,"enemies":"Gremlin Nob","floor":7,"turns":4},{"damage":4,"enemies":"2 Fungi Beasts","floor":10,"turns":2},{"damage":48,"enemies":"Lagavulin","floor":11,"turns":8},{"damage":14,"enemies":"Large Slime","floor":13,"turns":6},{"damage":21,"enemies":"Exordium Wildlife","floor":14,"turns":4},{"damage":61,"enemies":"Hexaghost","floor":16,"turns":14}],"seed_played":"4900020635658230111","potions_obtained":[{"floor":1,"key":"Fire Potion"},{"floor":2,"key":"EntropicBrew"},{"floor":5,"key":"SmokeBomb"},{"floor":5,"key":"LiquidBronze"},{"floor":11,"key":"SteroidPotion"}],"is_trial":false,"path_per_floor":["M","M","M","M","?","R","E","R","T","M","E","R","M","M","R","B"],"character_chosen":"IRONCLAD","items_purchased":[],"campfire_rested":1,"item_purchase_floors":[],"current_hp_per_floor":[73,71,70,70,70,70,47,47,47,59,17,17,29,28,50,0],"gold":143,"neow_bonus":"RANDOM_COLORLESS_2","is_prod":false,"is_daily":false,"chose_seed":false,"campfire_upgraded":3,"win_rate":0,"timestamp":1546814630,"path_taken":["M","?","M","M","?","R","E","R","T","M","E","R","M","?","R","BOSS"],"build_version":"2019-01-03v4","purchased_purges":0,"victory":false,"max_hp_per_floor":[75,75,75,75,75,75,75,75,75,75,75,75,75,75,75,75],"card_choices":[{"not_picked":["Armaments","Flex"],"picked":"Shrug It Off","floor":1},{"not_picked":["Flex","Bloodletting"],"picked":"Whirlwind","floor":2},{"not_picked":["Anger","Rampage"],"picked":"Shrug It Off","floor":3},{"not_picked":["Havoc","Ghostly Armor"],"picked":"Reaper","floor":4},{"not_picked":["Sword Boomerang","Wild Strike"],"picked":"Clothesline","floor":10},{"not_picked":["Warcry","Rampage"],"picked":"Impervious","floor":11},{"not_picked":["Iron Wave","Wild Strike"],"picked":"Spot Weakness","floor":13},{"not_picked":["Twin Strike","Clothesline"],"picked":"Metallicize","floor":14}],"player_experience":825377,"relics_obtained":[{"floor":9,"key":"Sundial"},{"floor":11,"key":"Blue Candle"}],"event_choices":[{"damage_healed":0,"gold_gain":0,"player_choice":"Got Potions","damage_taken":0,"max_hp_gain":0,"max_hp_loss":0,"event_name":"Lab","floor":5,"gold_loss":0}],"is_beta":false,"boss_relics":[],"items_purged_floors":[],"is_endless":false,"potions_floor_spawned":[1,2,4,11],"killed_by":"Hexaghost","ascension_level":14}