{"gold_per_floor":[109,127,127,52,63,63,97,47,72,92,92,154,154,54,54,54],"floor_reached":16,"playtime":455,"items_purged":["Strike_R","Regret"],"score":98,"play_id":"b4b7c92e-4438-4aea-804a-ab05a346e6f3","local_time":"20190507132639","is_ascension_mode":false,"campfire_choices":[{"data":"Armaments","floor":6,"key":"SMITH"},{"data":"Rampage","floor":13,"key":"SMITH"},{"data":"Bash","floor":15,"key":"SMITH"}],"neow_cost":"NONE","seed_source_timestamp":64180761438490,"circlet_count":0,"master_deck":["Strike_R","Strike_R+1","Strike_R+1","Defend_R","Defend_R","Defend_R","Defend_R","Bash+1","Armaments+1","Rampage+1","Ghostly Armor"],"relics":["Burning Blood","Juzu Bracelet","Dream Catcher","Red Skull","WingedGreaves"],"potions_floor_usage":[7,12],"damage_taken":[{"damage":6,"enemies":"Jaw Worm","floor":1,"turns":3},{"damage":3,"enemies":"Small Slimes","floor":2,"turns":3},{"damage":5,"enemies":"2 Louse","floor":5,"turns":3},{"damage":26,"enemies":"Lagavulin","floor":7,"turns":7},{"damage":9,"enemies":"2 Fungi Beasts","floor":10,"turns":3},{"damage":19,"enemies":"Lagavulin Event","floor":12,"turns":6},{"damage":31,"enemies":"Hexaghost","floor":16,"turns":12}],"seed_played":"4917529178564983663","potions_obtained":[{"floor":1,"key":"Weak Potion"},{"floor":5,"key":"EssenceOfSteel"}],"is_trial":false,"path_per_floor":["M","M","?","$","M","R","E","?","T","M","?","?","R","$","R","B"],"character_chosen":"IRONCLAD","items_purchased":[],"campfire_rested":0,"item_purchase_floors":[],"current_hp_per_floor":[80,80,64,64,65,65,45,45,45,42,42,29,29,29,29,0],"gold":54,"neow_bonus":"THREE_CARDS","is_prod":false,"is_daily":false,"chose_seed":false,"campfire_upgraded":3,"win_rate":0,"timestamp":1557249999,"path_taken":["M","M","?","$","M","R","E","?","T","M","?","?","R","$","R","BOSS"],"build_version":"2019-01-23","purchased_purges":2,"victory":false,"max_hp_per_floor":[80,80,80,80,80,80,80,80,80,80,80,80,80,80,80,80],"card_choices":[{"not_picked":["Thunderclap","Twin Strike","Fire Breathing"],"picked":"SKIP","floor":1},{"not_picked":["Dual Wield","Havoc"],"picked":"Armaments","floor":2},{"not_picked":["Blood for Blood","Twin Strike"],"picked":"Rampage","floor":5},{"not_picked":["Wild Strike","Twin Strike","Perfected Strike"],"picked":"SKIP","floor":7},{"not_picked":["Armaments","Berserk"],"picked":"Ghostly Armor","floor":10}],"player_experience":664256,"relics_obtained":[{"floor":7,"key":"Juzu Bracelet"},{"floor":9,"key":"Dream Catcher"},{"floor":12,"key":"WingedGreaves"}],"event_choices":[{"damage_healed":0,"gold_gain":0,"player_choice":"Entered Light","damage_taken":16,"max_hp_gain":0,"max_hp_loss":0,"event_name":"Shining Light","floor":3,"gold_loss":0,"cards_upgraded":["Strike_R","Strike_R"]},{"cards_removed":["Strike_R"],"damage_healed":0,"gold_gain":0,"player_choice":"Card Removal","damage_taken":0,"max_hp_gain":0,"max_hp_loss":0,"event_name":"The Cleric","floor":8,"gold_loss":50},{"damage_healed":0,"gold_gain":0,"player_choice":"Box","damage_taken":0,"relics_obtained":["Red Skull"],"max_hp_gain":0,"max_hp_loss":0,"event_name":"Big Fish","floor":11,"gold_loss":0,"cards_obtained":["Regret"]},{"damage_healed":0,"gold_gain":30,"player_choice":"Searched \u00272\u0027 times","damage_taken":0,"max_hp_gain":0,"max_hp_loss":0,"event_name":"Dead Adventurer","floor":12,"gold_loss":0}],"is_beta":false,"boss_relics":[],"items_purged_floors":[4,14],"is_endless":false,"potions_floor_spawned":[1,5],"killed_by":"Hexaghost","ascension_level":0}