{"gold_per_floor":[109,59,74,22,22,51,51,62,143,163,175,189,222,239,239,344,344,364,379,396,396,409,409,434,434,434,451,463,463,91,117,117,117],"floor_reached":33,"playtime":1726,"items_purged":["Corruption"],"score":301,"play_id":"49a66b56-c496-43db-9f47-0236c552e4c1","local_time":"20190511005210","is_ascension_mode":false,"campfire_choices":[{"data":"Rampage","floor":7,"key":"SMITH"},{"floor":15,"key":"REST"},{"floor":23,"key":"REST"},{"floor":25,"key":"REST"},{"data":"Armaments","floor":29,"key":"SMITH"},{"floor":32,"key":"REST"}],"neow_cost":"NONE","seed_source_timestamp":1091572684656227,"circlet_count":0,"master_deck":["Bash","Armaments+1","Headbutt","Thunderclap+1","Rampage+1","Carnage","Flex+1","Anger","Seeing Red+1","Headbutt","Shrug It Off+1","Limit Break+1","Spot Weakness+1","Inflame","Power Through+1","Dropkick+1","Ghostly Armor+1","Searing Blow","Uppercut","Dual Wield+1","Thunderclap","Armaments+1","Headbutt","Seeing Red+1","Forethought+1","Bludgeon","Battle Trance+1"],"relics":["Burning Blood","Bag of Marbles","Toxic Egg 2","Omamori","Pandora\u0027s Box","Vajra","Ancient Tea Set","Boot"],"potions_floor_usage":[13,13,16,18,24,27,33,33],"damage_taken":[{"damage":2,"enemies":"2 Louse","floor":1,"turns":3},{"damage":6,"enemies":"Jaw Worm","floor":3,"turns":4},{"damage":28,"enemies":"Gremlin Nob","floor":6,"turns":4},{"damage":0,"enemies":"Cultist","floor":8,"turns":2},{"damage":0,"enemies":"Gremlin Gang","floor":10,"turns":2},{"damage":4,"enemies":"2 Fungi Beasts","floor":11,"turns":3},{"damage":8,"enemies":"Lots of Slimes","floor":12,"turns":3},{"damage":18,"enemies":"Lagavulin","floor":13,"turns":3},{"damage":22,"enemies":"Exordium Thugs","floor":14,"turns":4},{"damage":44,"enemies":"The Guardian","floor":16,"turns":10},{"damage":19,"enemies":"Shell Parasite","floor":18,"turns":3},{"damage":19,"enemies":"3 Byrds","floor":19,"turns":6},{"damage":25,"enemies":"Shelled Parasite and Fungi","floor":20,"turns":5},{"damage":17,"enemies":"Snake Plant","floor":22,"turns":3},{"damage":15,"enemies":"Slavers","floor":24,"turns":4},{"damage":14,"enemies":"Snecko","floor":27,"turns":5},{"damage":0,"enemies":"3 Cultists","floor":28,"turns":4},{"damage":34,"enemies":"Book of Stabbing","floor":31,"turns":5},{"damage":83,"enemies":"Champ","floor":33,"turns":8}],"seed_played":"-4795110636892951492","potions_obtained":[{"floor":11,"key":"Regen Potion"},{"floor":12,"key":"SkillPotion"},{"floor":14,"key":"GamblersBrew"},{"floor":16,"key":"Explosive Potion"},{"floor":22,"key":"Energy Potion"},{"floor":24,"key":"Dexterity Potion"},{"floor":27,"key":"Dexterity Potion"},{"floor":31,"key":"Swift Potion"}],"is_trial":false,"path_per_floor":["M","?","M","$","?","E","R","M","T","M","M","M","E","M","R","B",null,"M","M","M","?","M","R","E","R","T","M","M","R","$","E","R","B"],"character_chosen":"IRONCLAD","items_purchased":["Thunderclap","Forethought+1","Ancient Tea Set","Bludgeon"],"campfire_rested":4,"item_purchase_floors":[4,30,30,30],"current_hp_per_floor":[80,80,80,80,80,58,58,64,64,70,72,70,63,47,71,33,80,67,54,35,35,24,48,39,63,63,55,61,61,61,33,57,0],"gold":117,"neow_bonus":"UPGRADE_CARD","is_prod":false,"is_daily":false,"chose_seed":false,"campfire_upgraded":2,"win_rate":0,"timestamp":1557561130,"path_taken":["M","?","M","$","?","E","R","M","T","M","M","?","E","M","R","BOSS","M","M","M","?","M","R","E","R","T","M","?","R","$","E","R","BOSS"],"build_version":"2019-01-23","purchased_purges":1,"victory":false,"max_hp_per_floor":[80,80,80,80,80,80,80,80,80,80,80,80,80,80,80,80,80,80,80,80,80,80,80,80,80,80,80,80,80,80,80,80,80],"card_choices":[{"not_picked":["Body Slam","Clash"],"picked":"Armaments","floor":1},{"not_picked":["Havoc","True Grit"],"picked":"Headbutt","floor":3},{"not_picked":["Searing Blow","Entrench"],"picked":"Rampage","floor":6},{"not_picked":["Thunderclap","Uppercut"],"picked":"Carnage","floor":8},{"not_picked":["Bloodletting+1","Twin Strike"],"picked":"Flex+1","floor":10},{"not_picked":["Dropkick","Thunderclap"],"picked":"Anger","floor":11},{"not_picked":["Sword Boomerang","Exhume+1"],"picked":"Seeing Red+1","floor":12},{"not_picked":["Rage+1","Pummel"],"picked":"Headbutt","floor":13},{"not_picked":["Thunderclap","Carnage"],"picked":"Shrug It Off+1","floor":14},{"not_picked":["Exhume+1","Demon Form"],"picked":"Limit Break+1","floor":16},{"not_picked":["Burning Pact+1","Hemokinesis"],"picked":"Dual Wield+1","floor":18},{"not_picked":["Warcry+1","Shrug It Off+1"],"picked":"Thunderclap","floor":19},{"not_picked":["Iron Wave","Heavy Blade"],"picked":"Armaments+1","floor":20},{"not_picked":["Dark Embrace","Havoc+1","Pommel Strike"],"picked":"SKIP","floor":22},{"not_picked":["Twin Strike","Demon Form"],"picked":"Headbutt","floor":24},{"not_picked":["Body Slam+1","Blood for Blood"],"picked":"Seeing Red+1","floor":27},{"not_picked":["Clothesline","Feel No Pain","Searing Blow"],"picked":"SKIP","floor":28},{"not_picked":["Bloodletting+1","Iron Wave"],"picked":"Battle Trance+1","floor":31}],"player_experience":165210,"relics_obtained":[{"floor":6,"key":"Bag of Marbles"},{"floor":9,"key":"Toxic Egg 2"},{"floor":13,"key":"Omamori"},{"floor":24,"key":"Vajra"},{"floor":31,"key":"Boot"}],"event_choices":[{"cards_removed":["Defend_R"],"damage_healed":0,"gold_gain":0,"player_choice":"Card Removal","damage_taken":0,"max_hp_gain":0,"max_hp_loss":0,"event_name":"The Cleric","floor":2,"gold_loss":50},{"damage_healed":0,"gold_gain":0,"player_choice":"Grow","damage_taken":0,"max_hp_gain":0,"max_hp_loss":0,"event_name":"Living Wall","floor":5,"gold_loss":0,"cards_upgraded":["Thunderclap"]},{"damage_healed":0,"gold_gain":0,"player_choice":"Upgraded","damage_taken":0,"max_hp_gain":0,"max_hp_loss":0,"event_name":"Upgrade Shrine","floor":21,"gold_loss":0,"cards_upgraded":["Dropkick"]}],"is_beta":false,"boss_relics":[{"not_picked":["Runic Pyramid","White Beast Statue"],"picked":"Pandora\u0027s Box"}],"items_purged_floors":[30],"is_endless":false,"potions_floor_spawned":[11,12,14,16,22,24,27,31],"killed_by":"Champ","ascension_level":0}