{"gold_per_floor":[119,194,194,211,211,245,257,285,311,311,343,362,252,271,271,375,375,386,132,132,150,150,150,167,167,191,201,201,235,252,177,177,274,274,294,294,294,9,19,19,52,52,128,148,167,179,179,29,29,29],"floor_reached":51,"playtime":3255,"items_purged":["Strike_G","Strike_G"],"score":991,"play_id":"7cdc706f-1ba8-431f-817e-dea74538f408","local_time":"20190221164942","is_ascension_mode":true,"campfire_choices":[{"floor":10,"key":"REST"},{"data":"Venomology","floor":15,"key":"SMITH"},{"data":"Footwork","floor":23,"key":"SMITH"},{"floor":25,"key":"REST"},{"data":"Well Laid Plans","floor":28,"key":"SMITH"},{"floor":32,"key":"REST"},{"data":"Terror","floor":40,"key":"SMITH"},{"floor":42,"key":"REST"},{"floor":47,"key":"REST"},{"floor":49,"key":"REST"}],"neow_cost":"NONE","seed_source_timestamp":506999628453083,"circlet_count":0,"master_deck":["Defend_G","Defend_G","Defend_G","Defend_G+1","Strike_G+1","Strike_G+1","Survivor","Neutralize","Footwork+1","Dagger Throw+1","Skewer+1","Venomology+1","Terror+1","Dash","Dagger Spray","PiercingWail+1","Dash","Backstab","Well Laid Plans+1","Escape Plan","Backflip","Flechettes","Flying Knee","Footwork+1"],"relics":["Ring of the Serpent","NeowsBlessing","Orichalcum","Whetstone","Bronze Scales","Ancient Tea Set","Bag of Marbles","Pen Nib","Dream Catcher","Busted Crown","Ginger","Happy Flower","Mummified Hand","War Paint"],"potions_floor_usage":[7,8,14,16,21,21,27,29,30,33,33,33,41,41,41,45,46,50,50,50,50],"damage_taken":[{"damage":0,"enemies":"Jaw Worm","floor":1,"turns":1},{"damage":0,"enemies":"2 Louse","floor":4,"turns":1},{"damage":0,"enemies":"Gremlin Nob","floor":6,"turns":1},{"damage":0,"enemies":"Cultist","floor":7,"turns":4},{"damage":9,"enemies":"Lagavulin","floor":8,"turns":5},{"damage":2,"enemies":"Gremlin Nob","floor":11,"turns":3},{"damage":0,"enemies":"3 Louse","floor":12,"turns":3},{"damage":5,"enemies":"Lots of Slimes","floor":14,"turns":4},{"damage":8,"enemies":"The Guardian","floor":16,"turns":9},{"damage":14,"enemies":"Spheric Guardian","floor":18,"turns":5},{"damage":0,"enemies":"Shell Parasite","floor":21,"turns":4},{"damage":0,"enemies":"Cultist and Chosen","floor":24,"turns":5},{"damage":6,"enemies":"Centurion and Healer","floor":27,"turns":6},{"damage":15,"enemies":"Slavers","floor":29,"turns":5},{"damage":6,"enemies":"Shelled Parasite and Fungi","floor":30,"turns":6},{"damage":68,"enemies":"Collector","floor":33,"turns":9},{"damage":23,"enemies":"3 Shapes","floor":35,"turns":4},{"damage":0,"enemies":"Orb Walker","floor":39,"turns":3},{"damage":37,"enemies":"Giant Head","floor":41,"turns":10},{"damage":16,"enemies":"3 Darklings","floor":44,"turns":4},{"damage":7,"enemies":"Jaw Worm Horde","floor":45,"turns":5},{"damage":15,"enemies":"4 Shapes","floor":46,"turns":4},{"damage":27,"enemies":"Time Eater","floor":50,"turns":11}],"seed_played":"-4239034709141651605","potions_obtained":[{"floor":1,"key":"GamblersBrew"},{"floor":4,"key":"Strength Potion"},{"floor":11,"key":"Energy Potion"},{"floor":14,"key":"Poison Potion"},{"floor":18,"key":"Regen Potion"},{"floor":33,"key":"Weak Potion"},{"floor":44,"key":"Dexterity Potion"}],"is_trial":false,"path_per_floor":["M","?","?","M","?","E","M","E","T","R","E","M","$","M","R","B",null,"M","$","?","M","?","R","M","R","T","M","R","E","M","?","R","B",null,"M","?","?","$","M","R","E","R","T","M","M","M","R","$","R","B",null],"character_chosen":"THE_SILENT","items_purchased":["Dash","Bag of Marbles","Ginger","War Paint"],"campfire_rested":6,"item_purchase_floors":[13,19,38,48],"current_hp_per_floor":[63,52,38,38,38,38,38,29,29,50,48,48,48,43,43,35,61,47,47,40,40,40,40,40,61,61,55,55,40,34,34,55,2,53,30,61,61,61,61,61,24,42,42,26,19,4,22,22,40,13],"gold":29,"neow_bonus":"THREE_ENEMY_KILL","is_prod":false,"is_daily":false,"chose_seed":false,"campfire_upgraded":4,"win_rate":0,"timestamp":1550785782,"path_taken":["M","?","?","?","?","E","M","E","T","R","E","M","?","M","R","BOSS","M","$","?","?","?","R","M","R","T","M","R","E","?","?","R","BOSS","M","?","?","$","?","R","E","R","T","M","?","M","R","$","R","BOSS"],"build_version":"2019-01-23","purchased_purges":2,"victory":true,"max_hp_per_floor":[70,70,70,70,70,70,70,70,70,70,70,70,70,70,70,70,70,70,70,70,70,70,70,70,70,70,70,70,70,70,70,70,70,70,70,61,61,61,61,61,61,61,61,61,61,61,61,61,61,61],"card_choices":[{"not_picked":["Blur","Catalyst"],"picked":"Footwork","floor":1},{"not_picked":["Reflex","Prepared"],"picked":"Dagger Throw","floor":4},{"not_picked":["Outmaneuver","Bane"],"picked":"Venomology","floor":6},{"not_picked":["Bane","Tactician"],"picked":"Terror","floor":7},{"not_picked":["Crippling Poison","Deflect"],"picked":"Dash","floor":8},{"not_picked":["Envenom","Predator"],"picked":"Dagger Spray","floor":11},{"not_picked":["Quick Slash","Dodge and Roll"],"picked":"PiercingWail","floor":12},{"not_picked":["Deflect","Sucker Punch"],"picked":"Backstab","floor":14},{"not_picked":["Prepared","Bouncing Flask"],"picked":"Well Laid Plans","floor":18},{"not_picked":["Infinite Blades","Prepared"],"picked":"Escape Plan","floor":21},{"not_picked":["Dagger Spray","All Out Attack","Sucker Punch"],"picked":"SKIP","floor":24},{"not_picked":["Calculated Gamble","Underhanded Strike"],"picked":"Backflip","floor":27},{"not_picked":["Eviscerate","Dash","Envenom"],"picked":"SKIP","floor":29},{"not_picked":["Quick Slash","Dagger Throw"],"picked":"Flechettes","floor":30},{"not_picked":["Slice","Underhanded Strike"],"picked":"Flying Knee","floor":32},{"not_picked":["Prepared+1"],"picked":"SKIP","floor":35},{"not_picked":["Backflip"],"picked":"SKIP","floor":39},{"not_picked":["Unload"],"picked":"SKIP","floor":41},{"not_picked":["Crippling Poison"],"picked":"SKIP","floor":44},{"not_picked":["Dodge and Roll"],"picked":"SKIP","floor":45},{"not_picked":["Accuracy+1"],"picked":"SKIP","floor":46}],"player_experience":300088,"relics_obtained":[{"floor":6,"key":"Orichalcum"},{"floor":8,"key":"Whetstone"},{"floor":9,"key":"Bronze Scales"},{"floor":11,"key":"Ancient Tea Set"},{"floor":26,"key":"Pen Nib"},{"floor":29,"key":"Dream Catcher"},{"floor":41,"key":"Happy Flower"},{"floor":43,"key":"Mummified Hand"}],"event_choices":[{"damage_healed":0,"gold_gain":75,"player_choice":"Gather Gold","damage_taken":11,"max_hp_gain":0,"max_hp_loss":0,"event_name":"World of Goop","floor":2,"gold_loss":0},{"damage_healed":0,"gold_gain":0,"player_choice":"Entered Light","damage_taken":14,"max_hp_gain":0,"max_hp_loss":0,"event_name":"Shining Light","floor":3,"gold_loss":0,"cards_upgraded":["Strike_G","Strike_G"]},{"damage_healed":0,"gold_gain":0,"cards_transformed":["Strike_G"],"player_choice":"Transformed","damage_taken":0,"max_hp_gain":0,"max_hp_loss":0,"event_name":"Transmorgrifier","floor":5,"gold_loss":0,"cards_obtained":["Skewer"]},{"damage_healed":0,"gold_gain":0,"player_choice":"","damage_taken":7,"max_hp_gain":0,"max_hp_loss":0,"event_name":"Knowing Skull","floor":20,"potions_obtained":[],"gold_loss":0,"cards_obtained":[]},{"damage_healed":0,"gold_gain":0,"player_choice":"Bought 0 Potions","damage_taken":0,"max_hp_gain":0,"max_hp_loss":0,"event_name":"The Woman in Blue","floor":22,"gold_loss":0},{"cards_removed":["Defend_G"],"damage_healed":0,"gold_gain":0,"player_choice":"Gave Gold","damage_taken":0,"max_hp_gain":0,"max_hp_loss":0,"event_name":"Beggar","floor":31,"gold_loss":75},{"damage_healed":61,"gold_gain":0,"player_choice":"Heal","damage_taken":0,"max_hp_gain":0,"max_hp_loss":9,"event_name":"The Moai Head","floor":36,"gold_loss":0},{"damage_healed":0,"gold_gain":0,"player_choice":"Copied","damage_taken":0,"max_hp_gain":0,"max_hp_loss":0,"event_name":"Duplicator","floor":37,"gold_loss":0,"cards_obtained":["Footwork"]}],"is_beta":false,"boss_relics":[{"not_picked":["Calling Bell","Pandora\u0027s Box"],"picked":"Ring of the Serpent"},{"not_picked":["Fusion Hammer","Black Star"],"picked":"Busted Crown"}],"items_purged_floors":[13,19],"is_endless":false,"potions_floor_spawned":[1,4,11,14,18,29,33,44],"ascension_level":8}