{"gold_per_floor":[119,136,136,136,146,146,165,165,190,18,18,47,47,47,47,121,121,134,134,147,147],"floor_reached":21,"playtime":599,"items_purged":[],"score":336,"play_id":"e89eec60-9cc4-4513-93b4-09474407aa05","local_time":"20190615175817","is_ascension_mode":true,"campfire_choices":[{"data":"Uppercut","floor":6,"key":"SMITH"},{"data":"Spot Weakness","floor":8,"key":"SMITH"},{"data":"Juggernaut","floor":11,"key":"SMITH"},{"floor":13,"key":"REST"},{"data":"Bash","floor":15,"key":"SMITH"}],"neow_cost":"NONE","seed_source_timestamp":241429825791347,"circlet_count":0,"master_deck":["AscendersBane","Strike_R","Strike_R+1","Strike_R+1","Strike_R+1","Defend_R+1","Defend_R","Bash+1","Battle Trance+1","Hemokinesis+1","Uppercut+1","Spot Weakness+1","Juggernaut+1","Blood for Blood+1","Juggernaut+1","Disarm+1","Warcry","Body Slam"],"relics":["Burning Blood","NeowsBlessing","Regal Pillow","Whetstone","Astrolabe","Enchiridion"],"potions_floor_usage":[16,21],"damage_taken":[{"damage":0,"enemies":"Cultist","floor":1,"turns":1},{"damage":0,"enemies":"Jaw Worm","floor":2,"turns":1},{"damage":0,"enemies":"2 Louse","floor":5,"turns":1},{"damage":10,"enemies":"Exordium Wildlife","floor":7,"turns":3},{"damage":29,"enemies":"3 Sentries","floor":12,"turns":6},{"damage":47,"enemies":"Hexaghost","floor":16,"turns":8},{"damage":6,"enemies":"Chosen","floor":18,"turns":4},{"damage":35,"enemies":"3 Byrds","floor":20,"turns":5},{"damage":37,"enemies":"Cultist and Chosen","floor":21,"turns":3}],"seed_played":"-8938749017145401100","potions_obtained":[{"floor":5,"key":"Poison Potion"},{"floor":7,"key":"Ancient Potion"},{"floor":16,"key":"FearPotion"},{"floor":20,"key":"Block Potion"}],"is_trial":false,"path_per_floor":["M","M","?","?","M","R","M","R","T","$","R","E","R","?","R","B",null,"M","?","M","M"],"character_chosen":"IRONCLAD","items_purchased":["Juggernaut"],"campfire_rested":1,"item_purchase_floors":[10],"current_hp_per_floor":[74,75,52,52,58,58,54,54,54,54,54,31,68,68,68,27,63,63,42,13,0],"gold":147,"neow_bonus":"THREE_ENEMY_KILL","is_prod":false,"is_daily":false,"chose_seed":false,"campfire_upgraded":4,"win_rate":0,"timestamp":1560646697,"path_taken":["M","M","?","?","?","R","M","R","T","?","R","E","R","?","R","BOSS","M","?","M","M"],"build_version":"2019-01-23","purchased_purges":0,"victory":false,"max_hp_per_floor":[75,75,75,75,75,75,75,75,75,75,75,75,75,75,75,75,75,75,75,75,75],"card_choices":[{"not_picked":["Clash","Infernal Blade"],"picked":"Battle Trance","floor":1},{"not_picked":["Reckless Charge","Body Slam"],"picked":"Hemokinesis","floor":2},{"not_picked":["Sword Boomerang","Iron Wave"],"picked":"Uppercut","floor":5},{"not_picked":["Perfected Strike","True Grit"],"picked":"Spot Weakness","floor":7},{"not_picked":["Reckless Charge","Uppercut","Dual Wield"],"picked":"SKIP","floor":12},{"not_picked":["Bloodletting","Wild Strike+1"],"picked":"Warcry","floor":18},{"not_picked":["True Grit","Pummel+1"],"picked":"Body Slam","floor":20}],"player_experience":1014626,"relics_obtained":[{"floor":9,"key":"Regal Pillow"},{"floor":12,"key":"Whetstone"},{"floor":19,"key":"Enchiridion"}],"event_choices":[{"damage_healed":0,"gold_gain":0,"player_choice":"Entered Light","damage_taken":23,"max_hp_gain":0,"max_hp_loss":0,"event_name":"Shining Light","floor":3,"gold_loss":0,"cards_upgraded":["Strike_R","Defend_R"]},{"damage_healed":0,"gold_gain":0,"player_choice":"Upgraded","damage_taken":0,"max_hp_gain":0,"max_hp_loss":0,"event_name":"Upgrade Shrine","floor":4,"gold_loss":0,"cards_upgraded":["Hemokinesis"]},{"damage_healed":0,"gold_gain":0,"player_choice":"Grow","damage_taken":0,"max_hp_gain":0,"max_hp_loss":0,"event_name":"Living Wall","floor":14,"gold_loss":0,"cards_upgraded":["Battle Trance"]},{"damage_healed":0,"gold_gain":0,"player_choice":"Obtained Book","damage_taken":21,"max_hp_gain":0,"max_hp_loss":0,"event_name":"Cursed Tome","floor":19,"gold_loss":0}],"is_beta":false,"boss_relics":[{"not_picked":["Runic Pyramid","Snecko Eye"],"picked":"Astrolabe"}],"items_purged_floors":[],"is_endless":false,"potions_floor_spawned":[5,7,16,18,20],"killed_by":"Cultist and Chosen","ascension_level":18}