{"gold_per_floor":[118,134,134,145,145,173,173,204,282,335,14,14,27,38,38,133,183,196,121,121,149,165,165,165,165,188,188,199,217,217],"floor_reached":30,"playtime":1142,"items_purged":[],"score":394,"play_id":"c71b5ff6-976a-444c-9059-6a8fbf2629d2","local_time":"20190312200621","is_ascension_mode":true,"campfire_choices":[{"data":"1","floor":7,"key":"LIFT"},{"data":"Limit Break","floor":12,"key":"SMITH"},{"data":"2","floor":15,"key":"LIFT"},{"data":"Armaments","floor":23,"key":"SMITH"},{"data":"3","floor":25,"key":"LIFT"},{"floor":27,"key":"REST"}],"neow_cost":"NONE","seed_source_timestamp":2158949534830496,"circlet_count":0,"master_deck":["AscendersBane","Strike_R+1","Strike_R+1","Strike_R+1","Strike_R+1","Defend_R+1","Defend_R+1","Defend_R+1","Bash","Shrug It Off+1","Armaments+1","Dropkick","Armaments","Cleave","Limit Break+1","Heavy Blade","Rage+1","Feed","Pommel Strike+1","Flex+1","Feed","Flame Barrier"],"relics":["Burning Blood","NeowsBlessing","Girya","Vajra","Pear","Boot","Matryoshka","Tiny House","Red Mask","War Paint","Juzu Bracelet"],"potions_floor_usage":[6,16,18,21],"damage_taken":[{"damage":0,"enemies":"Cultist","floor":1,"turns":1},{"damage":0,"enemies":"Jaw Worm","floor":2,"turns":1},{"damage":0,"enemies":"2 Louse","floor":4,"turns":1},{"damage":33,"enemies":"Gremlin Nob","floor":6,"turns":5},{"damage":36,"enemies":"3 Sentries","floor":8,"turns":15},{"damage":3,"enemies":"Blue Slaver","floor":13,"turns":6},{"damage":5,"enemies":"Large Slime","floor":14,"turns":3},{"damage":12,"enemies":"Hexaghost","floor":16,"turns":8},{"damage":20,"enemies":"2 Thieves","floor":18,"turns":4},{"damage":33,"enemies":"Masked Bandits","floor":21,"turns":4},{"damage":0,"enemies":"Chosen","floor":22,"turns":4},{"damage":27,"enemies":"Colosseum Slavers","floor":24,"turns":4},{"damage":27,"enemies":"Snecko","floor":28,"turns":5},{"damage":36,"enemies":"Cultist and Chosen","floor":29,"turns":6},{"damage":12,"enemies":"3 Cultists","floor":30,"turns":3}],"seed_played":"1909340897046502448","potions_obtained":[{"floor":1,"key":"GamblersBrew"},{"floor":8,"key":"Explosive Potion"},{"floor":14,"key":"Poison Potion"},{"floor":16,"key":"PowerPotion"}],"is_trial":false,"path_per_floor":["M","M","?","M","$","E","R","E","T","T","$","R","M","M","R","B",null,"M","?","?","?","M","R","?","R","T","R","M","M","M"],"character_chosen":"IRONCLAD","items_purchased":["Limit Break","Matryoshka"],"campfire_rested":1,"item_purchase_floors":[11,11],"current_hp_per_floor":[78,80,80,80,80,53,53,23,33,33,33,33,36,37,37,31,80,66,66,66,42,48,48,30,30,30,60,39,9,0],"gold":217,"neow_bonus":"THREE_ENEMY_KILL","is_prod":false,"is_daily":false,"chose_seed":false,"campfire_upgraded":2,"win_rate":0,"timestamp":1552435581,"path_taken":["M","M","?","?","$","E","R","E","T","?","?","R","?","M","R","BOSS","M","?","?","?","?","R","?","R","T","R","M","M","M"],"build_version":"2019-01-23","purchased_purges":0,"victory":false,"max_hp_per_floor":[80,80,80,80,80,80,80,80,90,90,90,90,90,90,90,90,95,95,95,95,98,98,98,101,101,101,101,101,101,104],"card_choices":[{"not_picked":["Blood for Blood","Flex"],"picked":"Shrug It Off","floor":1},{"not_picked":["Battle Trance","Rupture"],"picked":"Armaments","floor":2},{"not_picked":["Rage","Armaments"],"picked":"Dropkick","floor":4},{"not_picked":["Disarm","Warcry"],"picked":"Armaments","floor":6},{"not_picked":["Blood for Blood","Seeing Red"],"picked":"Cleave","floor":8},{"not_picked":["Seeing Red","Combust"],"picked":"Heavy Blade","floor":13},{"not_picked":["True Grit","Rampage"],"picked":"Rage","floor":14},{"not_picked":["Brutality","Immolate"],"picked":"Feed","floor":16},{"not_picked":["Rupture+1","Evolve","Clash"],"picked":"SKIP","floor":18},{"not_picked":["Wild Strike+1","Clash"],"picked":"Pommel Strike+1","floor":21},{"not_picked":["Havoc","Dropkick"],"picked":"Flex+1","floor":22},{"not_picked":["Disarm+1","Entrench"],"picked":"Feed","floor":28},{"not_picked":["Feel No Pain","Infernal Blade"],"picked":"Flame Barrier","floor":29}],"player_experience":362258,"relics_obtained":[{"floor":6,"key":"Girya"},{"floor":8,"key":"Vajra"},{"floor":9,"key":"Pear"},{"floor":10,"key":"Boot"},{"floor":21,"key":"Red Mask"},{"floor":26,"key":"War Paint"},{"floor":26,"key":"Juzu Bracelet"}],"event_choices":[{"cards_removed":["Strike_R"],"damage_healed":0,"gold_gain":0,"player_choice":"Purged","damage_taken":0,"max_hp_gain":0,"max_hp_loss":0,"event_name":"Purifier","floor":3,"gold_loss":0},{"cards_removed":["Defend_R"],"damage_healed":0,"gold_gain":0,"player_choice":"Gave Gold","damage_taken":0,"max_hp_gain":0,"max_hp_loss":0,"event_name":"Beggar","floor":19,"gold_loss":75},{"damage_healed":0,"gold_gain":0,"player_choice":"Simplicity","damage_taken":0,"max_hp_gain":0,"max_hp_loss":0,"event_name":"Back to Basics","floor":20,"gold_loss":0,"cards_upgraded":["Strike_R","Strike_R","Strike_R","Defend_R","Defend_R","Defend_R"]},{"damage_healed":0,"gold_gain":0,"player_choice":"Fought Bandits","damage_taken":0,"max_hp_gain":0,"max_hp_loss":0,"event_name":"Masked Bandits","floor":21,"gold_loss":0},{"damage_healed":0,"gold_gain":0,"player_choice":"Fight","damage_taken":0,"max_hp_gain":0,"max_hp_loss":0,"event_name":"Colosseum","floor":24,"gold_loss":0},{"damage_healed":0,"gold_gain":0,"player_choice":"Fled From Nobs","damage_taken":0,"max_hp_gain":0,"max_hp_loss":0,"event_name":"Colosseum","floor":24,"gold_loss":0}],"is_beta":false,"boss_relics":[{"not_picked":["Eternal Feather","Runic Dome"],"picked":"Tiny House"}],"items_purged_floors":[],"is_endless":false,"potions_floor_spawned":[1,8,14,16,24],"killed_by":"3 Cultists","ascension_level":11}