{"gold_per_floor":[116,116,116,133,133,133,149,149,149,149,179,179,179,242,242,317,317,317,343,206,224,10,10,22,22,22,32,32,232,232],"floor_reached":30,"playtime":750,"items_purged":["Strike_R+1"],"score":468,"play_id":"8e889176-9367-4089-bc4d-9a473dc8c725","local_time":"20190601092227","is_ascension_mode":true,"campfire_choices":[{"data":"Bash","floor":6,"key":"SMITH"},{"data":"Twin Strike","floor":8,"key":"SMITH"},{"data":"Strike_R","floor":10,"key":"SMITH"},{"data":"Disarm","floor":13,"key":"SMITH"},{"floor":15,"key":"REST"},{"data":"Armaments","floor":23,"key":"SMITH"},{"data":"Limit Break","floor":25,"key":"SMITH"}],"neow_cost":"NONE","seed_source_timestamp":1267618985000111,"circlet_count":0,"master_deck":["AscendersBane","Strike_R+1","Strike_R+1","Defend_R","Defend_R","Defend_R","Bash+1","Twin Strike+1","Disarm+1","Clothesline","Limit Break+1","Infernal Blade+1","Thunderclap+1","Cleave+1","Flame Barrier","Iron Wave","Armaments+1"],"relics":["Burning Blood","NeowsBlessing","Centennial Puzzle","Paper Frog","Turnip","Tiny Chest","Astrolabe","Smiling Mask","Red Skull","Vajra","Nilry\u0027s Codex"],"potions_floor_usage":[7,14,16,18,21,27],"damage_taken":[{"damage":0,"enemies":"2 Louse","floor":1,"turns":1},{"damage":0,"enemies":"Jaw Worm","floor":4,"turns":1},{"damage":0,"enemies":"Small Slimes","floor":7,"turns":1},{"damage":6,"enemies":"Gremlin Nob","floor":11,"turns":3},{"damage":43,"enemies":"3 Sentries","floor":14,"turns":11},{"damage":8,"enemies":"The Guardian","floor":16,"turns":12},{"damage":0,"enemies":"2 Thieves","floor":18,"turns":1},{"damage":20,"enemies":"3 Byrds","floor":21,"turns":4},{"damage":13,"enemies":"Snake Plant","floor":24,"turns":5},{"damage":40,"enemies":"Sentry and Sphere","floor":27,"turns":8},{"damage":23,"enemies":"Shelled Parasite and Fungi","floor":30,"turns":1}],"seed_played":"-7156679743307445901","potions_obtained":[{"floor":1,"key":"Block Potion"},{"floor":7,"key":"Fruit Juice"},{"floor":11,"key":"Strength Potion"},{"floor":14,"key":"SmokeBomb"},{"floor":21,"key":"Fruit Juice"},{"floor":24,"key":"Energy Potion"}],"is_trial":false,"path_per_floor":["M","?","?","M","?","R","M","R","T","R","E","?","R","E","R","B",null,"M","T","$","M","$","R","M","R","T","M","?","?","M"],"character_chosen":"IRONCLAD","items_purchased":["Flame Barrier","Red Skull","Armaments"],"campfire_rested":1,"item_purchase_floors":[20,22,22],"current_hp_per_floor":[74,51,40,46,46,46,57,57,57,57,57,53,53,16,40,38,70,76,76,76,67,67,67,60,60,60,26,5,5,0],"gold":232,"neow_bonus":"THREE_ENEMY_KILL","is_prod":false,"is_daily":false,"chose_seed":false,"campfire_upgraded":6,"win_rate":0,"timestamp":1559395347,"path_taken":["M","?","?","M","?","R","M","R","T","R","E","?","R","E","R","BOSS","M","?","$","M","$","R","?","R","T","M","?","?","?"],"build_version":"2019-01-23","purchased_purges":1,"victory":false,"max_hp_per_floor":[75,75,75,75,75,75,80,80,80,80,80,80,80,80,80,80,80,80,80,80,85,85,85,85,85,85,85,85,85,85],"card_choices":[{"not_picked":["Reckless Charge","Burning Pact","Sword Boomerang"],"picked":"SKIP","floor":1},{"not_picked":["Feel No Pain","Battle Trance","Clash"],"picked":"SKIP","floor":4},{"not_picked":["Feel No Pain","Evolve"],"picked":"Twin Strike","floor":7},{"not_picked":["Thunderclap","True Grit"],"picked":"Disarm","floor":11},{"not_picked":["Dropkick","Body Slam"],"picked":"Clothesline","floor":14},{"not_picked":["Brutality","Impervious"],"picked":"Limit Break","floor":16},{"not_picked":["Corruption","Shrug It Off"],"picked":"Iron Wave","floor":21},{"not_picked":["Shrug It Off","Pummel","Heavy Blade"],"picked":"SKIP","floor":24},{"not_picked":["Combust","Twin Strike","Warcry"],"picked":"SKIP","floor":27}],"player_experience":806446,"relics_obtained":[{"floor":9,"key":"Paper Frog"},{"floor":11,"key":"Turnip"},{"floor":14,"key":"Tiny Chest"},{"floor":19,"key":"Smiling Mask"},{"floor":26,"key":"Vajra"},{"floor":28,"key":"Nilry\u0027s Codex"}],"event_choices":[{"damage_healed":0,"gold_gain":0,"player_choice":"Entered Light","damage_taken":23,"max_hp_gain":0,"max_hp_loss":0,"event_name":"Shining Light","floor":2,"gold_loss":0,"cards_upgraded":["Strike_R","Strike_R"]},{"damage_healed":0,"gold_gain":0,"player_choice":"Success","damage_taken":11,"relics_obtained":["Centennial Puzzle"],"max_hp_gain":0,"max_hp_loss":0,"event_name":"Scrap Ooze","floor":3,"gold_loss":0},{"damage_healed":0,"gold_gain":0,"player_choice":"Ignored","damage_taken":0,"max_hp_gain":0,"max_hp_loss":0,"event_name":"Liars Game","floor":5,"gold_loss":0},{"damage_healed":0,"gold_gain":0,"player_choice":"Bought 0 Potions","damage_taken":0,"max_hp_gain":0,"max_hp_loss":0,"event_name":"The Woman in Blue","floor":12,"gold_loss":0},{"damage_healed":0,"gold_gain":0,"player_choice":"Obtained Book","damage_taken":21,"max_hp_gain":0,"max_hp_loss":0,"event_name":"Cursed Tome","floor":28,"gold_loss":0},{"damage_healed":0,"gold_gain":200,"player_choice":"Gold","damage_taken":0,"max_hp_gain":0,"max_hp_loss":0,"event_name":"Wheel of Change","floor":29,"gold_loss":0}],"is_beta":false,"boss_relics":[{"not_picked":["Velvet Choker","Runic Pyramid"],"picked":"Astrolabe"}],"items_purged_floors":[20],"is_endless":false,"potions_floor_spawned":[1,7,11,14,21,24],"killed_by":"Shelled Parasite and Fungi","ascension_level":20}