{"gold_per_floor":[119,119,132,207,7,7,43,56,79,115,139,159,159,173,173,302,302,326,326,344,8,33,33,33,62,62,62,80,0,0,16,16,118,168,188,1187,544,544,112,112,123,123,147,159,182,207,219,261,273,285],"floor_reached":51,"playtime":3000,"items_purged":["Normality","Normality"],"score":1228,"play_id":"93b44a7e-b9b5-4dc0-9570-1ba39d5c641f","local_time":"20181111183150","is_ascension_mode":true,"campfire_choices":[{"data":"Leg Sweep","floor":6,"key":"SMITH"},{"data":"Deadly Poison","floor":13,"key":"SMITH"},{"data":"Deadly Poison","floor":15,"key":"SMITH"},{"floor":23,"key":"REST"},{"data":"Burst","floor":30,"key":"SMITH"},{"data":"Footwork","floor":32,"key":"SMITH"},{"data":"Chrysalis","floor":40,"key":"SMITH"},{"floor":42,"key":"REST"},{"data":"Survivor","floor":44,"key":"SMITH"},{"floor":49,"key":"REST"}],"neow_cost":"NONE","seed_source_timestamp":25841814925680,"circlet_count":0,"master_deck":["AscendersBane","Defend_G","Defend_G","Defend_G","Defend_G+1","Defend_G","Strike_G","Strike_G","Strike_G","Strike_G","Survivor+1","Neutralize","Deadly Poison+1","Leg Sweep+1","Dagger Spray","Deadly Poison+1","Flying Knee","Deflect","Deadly Poison","PiercingWail+1","Corpse Explosion+1","Quick Slash","Flying Knee","Well Laid Plans","Bane+1","Burst+1","Dagger Throw+1","Footwork+1","Bullet Time","Deadly Poison+1","Chrysalis+1","Calculated Gamble","Quick Slash+1","Dash+1","Backflip","Parasite","Caltrops+1"],"relics":["Ring of the Snake","NeowsBlessing","Bloody Idol","Pen Nib","PreservedInsect","Regal Pillow","Pear","Sozu","Nilry\u0027s Codex","Molten Egg 2","Ancient Tea Set","Dodecahedron","Tiny House","War Paint","Matryoshka","Shuriken","Anchor","MawBank","Bronze Scales"],"potions_floor_usage":[14,14],"damage_taken":[{"damage":0,"enemies":"Jaw Worm","floor":1,"turns":1},{"damage":0,"enemies":"Small Slimes","floor":3,"turns":1},{"damage":0,"enemies":"3 Sentries","floor":7,"turns":2},{"damage":0,"enemies":"Cultist","floor":8,"turns":4},{"damage":14,"enemies":"Lagavulin","floor":10,"turns":6},{"damage":7,"enemies":"Exordium Thugs","floor":11,"turns":4},{"damage":3,"enemies":"Looter","floor":12,"turns":3},{"damage":14,"enemies":"Gremlin Gang","floor":14,"turns":5},{"damage":18,"enemies":"The Guardian","floor":16,"turns":10},{"damage":10,"enemies":"Shell Parasite","floor":18,"turns":6},{"damage":4,"enemies":"Chosen","floor":20,"turns":5},{"damage":7,"enemies":"Snecko","floor":22,"turns":6},{"damage":12,"enemies":"Gremlin Leader","floor":25,"turns":4},{"damage":2,"enemies":"Cultist and Chosen","floor":28,"turns":4},{"damage":13,"enemies":"Shelled Parasite and Fungi","floor":31,"turns":5},{"damage":38,"enemies":"Champ","floor":33,"turns":13},{"damage":29,"enemies":"Orb Walker","floor":35,"turns":5},{"damage":0,"enemies":"3 Darklings","floor":41,"turns":4},{"damage":22,"enemies":"Sphere and 2 Shapes","floor":45,"turns":4},{"damage":23,"enemies":"Writhing Mass","floor":46,"turns":9},{"damage":18,"enemies":"Nemesis","floor":48,"turns":9},{"damage":56,"enemies":"Time Eater","floor":50,"turns":18}],"seed_played":"-767029331545583527","potions_obtained":[{"floor":8,"key":"Regen Potion"},{"floor":10,"key":"GamblersBrew"}],"is_trial":false,"path_per_floor":["M","?","M","?","$","R","E","M","T","E","M","M","R","M","R","B",null,"M","?","M","$","M","R","?","E","T","?","M","?","R","M","R","B",null,"M","?","$","?","$","R","M","R","T","R","M","M","?","E","R","B",null],"character_chosen":"THE_SILENT","items_purchased":["Dagger Spray","Pen Nib","Molten Egg 2","Well Laid Plans","War Paint","Matryoshka","Chrysalis","Shuriken","Calculated Gamble","Quick Slash+1"],"campfire_rested":3,"item_purchase_floors":[5,5,21,21,37,37,37,39,39,39],"current_hp_per_floor":[63,63,63,57,57,57,57,57,57,53,46,43,43,43,43,25,63,53,37,33,33,26,63,63,56,56,56,59,59,59,51,51,18,67,43,48,48,48,48,48,53,80,80,80,63,50,55,47,80,24],"gold":297,"neow_bonus":"THREE_ENEMY_KILL","is_prod":false,"is_daily":false,"chose_seed":false,"campfire_upgraded":7,"win_rate":0,"timestamp":1541989910,"path_taken":["M","?","M","?","$","R","E","M","T","E","M","M","R","?","R","BOSS","M","?","M","$","M","R","?","E","T","?","?","?","R","M","R","BOSS","M","?","$","?","$","R","M","R","T","R","M","M","?","E","R","BOSS"],"build_version":"2018-11-08","purchased_purges":2,"victory":true,"max_hp_per_floor":[70,65,65,65,65,65,65,65,65,75,75,75,75,75,75,75,75,75,75,75,75,75,75,75,75,75,75,75,75,75,75,75,75,80,80,80,80,80,80,80,80,80,80,80,80,80,80,80,80,80],"card_choices":[{"not_picked":["Cloak And Dagger","Dodge and Roll"],"picked":"Deadly Poison","floor":1},{"not_picked":["Outmaneuver","Bane"],"picked":"Leg Sweep","floor":3},{"not_picked":["Riddle With Holes","Sucker Punch"],"picked":"Deadly Poison","floor":7},{"not_picked":["Quick Slash","Underhanded Strike"],"picked":"Flying Knee","floor":8},{"not_picked":["Endless Agony","Poisoned Stab"],"picked":"Quick Slash","floor":10},{"not_picked":["Setup","Sucker Punch"],"picked":"Deflect","floor":11},{"not_picked":["Concentrate","Choke"],"picked":"Deadly Poison","floor":12},{"not_picked":["Blade Dance","Poisoned Stab"],"picked":"PiercingWail","floor":14},{"not_picked":["Malaise","Tools of the Trade"],"picked":"Corpse Explosion","floor":16},{"not_picked":["Bane","Outmaneuver"],"picked":"Quick Slash","floor":18},{"not_picked":["Accuracy","Dodge and Roll"],"picked":"Flying Knee","floor":20},{"not_picked":["Flying Knee+1","Deadly Poison"],"picked":"Bane+1","floor":22},{"not_picked":["Backstab+1","Poisoned Stab+1"],"picked":"Burst","floor":25},{"not_picked":["Endless Agony+1","Terror"],"picked":"Dagger Throw+1","floor":28},{"not_picked":["Quick Slash+1","Blur"],"picked":"Footwork","floor":31},{"not_picked":["Unload+1","Doppelganger"],"picked":"Bullet Time","floor":33},{"not_picked":["Setup","Distraction"],"picked":"Deadly Poison+1","floor":35},{"not_picked":["PiercingWail","Dagger Spray+1"],"picked":"Dash+1","floor":41},{"not_picked":["Blade Dance","Dodge and Roll"],"picked":"Backflip","floor":45},{"not_picked":["Masterful Stab+1","Caltrops","Sucker Punch+1"],"picked":"SKIP","floor":46},{"not_picked":["Terror","Slice+1"],"picked":"Caltrops+1","floor":48}],"player_experience":725808,"relics_obtained":[{"floor":7,"key":"PreservedInsect"},{"floor":9,"key":"Regal Pillow"},{"floor":10,"key":"Pear"},{"floor":19,"key":"Nilry\u0027s Codex"},{"floor":25,"key":"Ancient Tea Set"},{"floor":26,"key":"Dodecahedron"},{"floor":43,"key":"Anchor"},{"floor":43,"key":"MawBank"},{"floor":48,"key":"Bronze Scales"}],"event_choices":[{"damage_healed":0,"gold_gain":0,"player_choice":"Lose Max HP","damage_taken":0,"relics_obtained":["Golden Idol"],"max_hp_gain":0,"max_hp_loss":5,"event_name":"Golden Idol","floor":2,"gold_loss":0},{"damage_healed":0,"gold_gain":75,"player_choice":"Touch","damage_taken":6,"max_hp_gain":0,"max_hp_loss":0,"event_name":"FaceTrader","floor":4,"gold_loss":0},{"damage_healed":0,"gold_gain":0,"player_choice":"Obtained Book","damage_taken":16,"max_hp_gain":0,"max_hp_loss":0,"event_name":"Cursed Tome","floor":19,"gold_loss":0},{"damage_healed":0,"gold_gain":0,"player_choice":"Gave Idol","damage_taken":0,"relics_obtained":["Bloody Idol"],"max_hp_gain":0,"max_hp_loss":0,"event_name":"Forgotten Altar","floor":24,"relics_lost":["Golden Idol"],"gold_loss":0},{"cards_removed":["Strike_G"],"damage_healed":0,"gold_gain":0,"player_choice":"Purged","damage_taken":0,"max_hp_gain":0,"max_hp_loss":0,"event_name":"Purifier","floor":27,"gold_loss":0},{"damage_healed":0,"gold_gain":0,"player_choice":"Paid Fearfully","damage_taken":0,"max_hp_gain":0,"max_hp_loss":0,"event_name":"Masked Bandits","floor":29,"gold_loss":80},{"damage_healed":0,"gold_gain":999,"player_choice":"Gold","damage_taken":0,"max_hp_gain":0,"max_hp_loss":0,"event_name":"MindBloom","floor":36,"gold_loss":0,"cards_obtained":["Normality","Normality"]},{"damage_healed":0,"gold_gain":0,"player_choice":"Ignored","damage_taken":0,"max_hp_gain":0,"max_hp_loss":0,"event_name":"Mysterious Sphere","floor":38,"gold_loss":0},{"cards_removed":["Quick Slash"],"damage_healed":0,"gold_gain":0,"player_choice":"Removed Attack","damage_taken":0,"max_hp_gain":0,"max_hp_loss":0,"event_name":"Falling","floor":47,"gold_loss":0}],"is_beta":false,"boss_relics":[{"not_picked":["Lizard Tail","Ectoplasm"],"picked":"Sozu"},{"not_picked":["Coffee Dripper","Velvet Choker"],"picked":"Tiny House"}],"items_purged_floors":[37,39],"is_endless":false,"potions_floor_spawned":[8,10,20,22,31,45],"ascension_level":12}