{"gold_per_floor":[115,129,54,54,71,99,99,113,113,125,125,178,198,211,211,307,307,327,327,341,341,390,424,424,452,499,499,519,532,551,466,466,466],"floor_reached":33,"playtime":2112,"items_purged":["Strike_R"],"score":289,"play_id":"90c4e983-f17e-403b-9f06-eac188d61da9","local_time":"20190518185936","is_ascension_mode":false,"campfire_choices":[{"floor":7,"key":"REST"},{"data":"Whirlwind","floor":11,"key":"SMITH"},{"floor":15,"key":"RECALL"},{"floor":24,"key":"REST"},{"floor":27,"key":"REST"},{"floor":32,"key":"REST"}],"neow_cost":"NONE","seed_source_timestamp":452980974413697,"circlet_count":0,"master_deck":["Strike_R","Strike_R+1","Defend_R","Defend_R","Defend_R","Bash","Pommel Strike+1","Battle Trance","Shrug It Off","Flame Barrier","Whirlwind+1","Rampage","Reaper","Entrench+1","RitualDagger","Second Wind+1","Carnage","Body Slam+1","Fiend Fire"],"relics":["Burning Blood","Whetstone","Tiny Chest","Empty Cage","PreservedInsect","Paper Frog","Dream Catcher","Happy Flower","Boot"],"potions_floor_usage":[5,6,16,16,16,16,25,28,33],"damage_taken":[{"damage":6,"enemies":"Cultist","floor":1,"turns":4},{"damage":3,"enemies":"2 Louse","floor":2,"turns":3},{"damage":6,"enemies":"Jaw Worm","floor":5,"turns":3},{"damage":40,"enemies":"3 Sentries","floor":6,"turns":11},{"damage":0,"enemies":"Large Slime","floor":8,"turns":11},{"damage":2,"enemies":"Looter","floor":10,"turns":3},{"damage":6,"enemies":"Exordium Wildlife","floor":13,"turns":2},{"damage":4,"enemies":"Red Slaver","floor":14,"turns":3},{"damage":28,"enemies":"Slime Boss","floor":16,"turns":11},{"damage":17,"enemies":"Shell Parasite","floor":18,"turns":10},{"damage":20,"enemies":"Spheric Guardian","floor":20,"turns":6},{"damage":58,"enemies":"Gremlin Leader","floor":23,"turns":10},{"damage":38,"enemies":"Slavers","floor":25,"turns":4},{"damage":19,"enemies":"3 Cultists","floor":28,"turns":6},{"damage":13,"enemies":"Centurion and Healer","floor":29,"turns":9},{"damage":28,"enemies":"Cultist and Chosen","floor":30,"turns":6},{"damage":48,"enemies":"Collector","floor":33,"turns":10}],"seed_played":"-8466601281716189794","potions_obtained":[{"floor":2,"key":"Weak Potion"},{"floor":5,"key":"FearPotion"},{"floor":13,"key":"SteroidPotion"},{"floor":14,"key":"EntropicBrew"},{"floor":23,"key":"Explosive Potion"},{"floor":25,"key":"Explosive Potion"},{"floor":30,"key":"Weak Potion"}],"is_trial":false,"path_per_floor":["M","M","$","$","M","E","R","M","T","M","R","T","M","M","R","B",null,"M","?","M","?","T","E","R","E","T","R","M","M","M","?","R","B"],"character_chosen":"IRONCLAD","items_purchased":[],"campfire_rested":4,"item_purchase_floors":[],"current_hp_per_floor":[80,80,80,80,80,46,70,76,76,80,80,80,80,80,80,58,80,69,69,55,49,49,11,35,15,15,39,34,31,9,9,33,0],"gold":466,"neow_bonus":"REMOVE_CARD","is_prod":false,"is_daily":false,"chose_seed":false,"campfire_upgraded":1,"win_rate":0,"timestamp":1558231176,"path_taken":["M","M","?","$","M","E","R","M","T","M","R","?","?","M","R","BOSS","M","?","M","?","?","E","R","E","T","R","M","M","M","?","R","BOSS"],"build_version":"2019-01-23","purchased_purges":1,"victory":false,"max_hp_per_floor":[80,80,80,80,80,80,80,80,80,80,80,80,80,80,80,80,80,80,80,80,80,80,80,80,80,80,80,80,80,80,80,80,80],"card_choices":[{"not_picked":["Sword Boomerang","Twin Strike"],"picked":"Pommel Strike","floor":1},{"not_picked":["Sever Soul","True Grit"],"picked":"Battle Trance","floor":2},{"not_picked":["Warcry","Wild Strike","Heavy Blade"],"picked":"SKIP","floor":5},{"not_picked":["Spot Weakness","Wild Strike"],"picked":"Shrug It Off","floor":6},{"not_picked":["Sentinel","Exhume"],"picked":"Flame Barrier","floor":8},{"not_picked":["Sword Boomerang","Twin Strike"],"picked":"Whirlwind","floor":10},{"not_picked":["Wild Strike","Havoc","Body Slam"],"picked":"SKIP","floor":13},{"not_picked":["Whirlwind","Reckless Charge"],"picked":"Rampage","floor":14},{"not_picked":["Offering","Demon Form"],"picked":"Reaper","floor":16},{"not_picked":["Perfected Strike","Anger","Fire Breathing"],"picked":"SKIP","floor":18},{"not_picked":["Thunderclap+1","Warcry"],"picked":"Entrench+1","floor":20},{"not_picked":["Perfected Strike","Armaments","Barricade"],"picked":"SKIP","floor":23},{"not_picked":["Sword Boomerang","Battle Trance","Whirlwind"],"picked":"SKIP","floor":25},{"not_picked":["Fire Breathing","Sword Boomerang"],"picked":"Second Wind+1","floor":27},{"not_picked":["Combust","Havoc+1"],"picked":"Carnage","floor":28},{"not_picked":["Iron Wave","Pommel Strike"],"picked":"Body Slam+1","floor":29},{"not_picked":["Flex","Pommel Strike"],"picked":"Fiend Fire","floor":30}],"player_experience":224285,"relics_obtained":[{"floor":6,"key":"Whetstone"},{"floor":12,"key":"Tiny Chest"},{"floor":22,"key":"PreservedInsect"},{"floor":23,"key":"Paper Frog"},{"floor":25,"key":"Dream Catcher"},{"floor":26,"key":"Happy Flower"}],"event_choices":[{"damage_healed":0,"gold_gain":0,"player_choice":"Ignored","damage_taken":0,"max_hp_gain":0,"max_hp_loss":0,"event_name":"The Mausoleum","floor":19,"gold_loss":0},{"damage_healed":0,"gold_gain":0,"player_choice":"Joined the Cult","damage_taken":6,"max_hp_gain":0,"max_hp_loss":0,"event_name":"Nest","floor":21,"gold_loss":0,"cards_obtained":["RitualDagger"]},{"damage_healed":0,"gold_gain":0,"player_choice":"Obtained Relic","damage_taken":0,"relics_obtained":["Boot"],"max_hp_gain":0,"max_hp_loss":0,"event_name":"Addict","floor":31,"gold_loss":85}],"is_beta":false,"boss_relics":[{"not_picked":["Pandora\u0027s Box","Runic Cube"],"picked":"Empty Cage"}],"items_purged_floors":[3],"is_endless":false,"potions_floor_spawned":[2,5,13,14,23,25,30],"killed_by":"Collector","ascension_level":0}