{"gold_per_floor":[118,193,205,205,185,185,185,198,225,243,258,1,11,24,24,24],"floor_reached":16,"playtime":712,"items_purged":["Regret"],"score":198,"play_id":"7f15cffd-5528-414d-9fd5-bd9b242998ff","local_time":"20190617215840","is_ascension_mode":true,"campfire_choices":[{"floor":6,"key":"REST"},{"floor":15,"key":"REST"}],"neow_cost":"CURSE","seed_source_timestamp":428541125244345,"circlet_count":0,"master_deck":["AscendersBane","Defend_G","Defend_G","Defend_G","Defend_G","Defend_G","Strike_G","Strike_G","Strike_G","Strike_G","Strike_G","Survivor","Neutralize","Malaise+1","Noxious Fumes","Escape Plan","Escape Plan","Distraction","Caltrops","Dagger Spray","Catalyst","Deflect"],"relics":["Ring of the Snake","Oddly Smooth Stone","Bag of Preparation"],"potions_floor_usage":[3,7,7],"damage_taken":[{"damage":14,"enemies":"Cultist","floor":1,"turns":5},{"damage":6,"enemies":"Jaw Worm","floor":3,"turns":3},{"damage":4,"enemies":"Lagavulin","floor":7,"turns":7},{"damage":1,"enemies":"2 Louse","floor":8,"turns":4},{"damage":17,"enemies":"Gremlin Gang","floor":10,"turns":8},{"damage":9,"enemies":"Large Slime","floor":11,"turns":7},{"damage":6,"enemies":"2 Fungi Beasts","floor":13,"turns":4},{"damage":3,"enemies":"Blue Slaver","floor":14,"turns":8},{"damage":26,"enemies":"The Guardian","floor":16,"turns":6}],"seed_played":"-1766289877766492702","potions_obtained":[{"floor":1,"key":"SkillPotion"},{"floor":3,"key":"SkillPotion"},{"floor":5,"key":"SmokeBomb"}],"is_trial":false,"path_per_floor":["M","?","M","?","?","R","E","M","T","M","M","$","M","M","R","B"],"character_chosen":"THE_SILENT","items_purchased":["Bag of Preparation","Dagger Spray"],"campfire_rested":2,"item_purchase_floors":[12,12],"current_hp_per_floor":[45,34,28,28,28,47,43,42,42,25,16,16,10,7,26,0],"gold":24,"neow_bonus":"THREE_RARE_CARDS","is_prod":false,"is_daily":false,"chose_seed":false,"campfire_upgraded":0,"win_rate":0,"timestamp":1560833920,"path_taken":["M","?","M","?","?","R","E","M","T","M","?","$","M","M","R","BOSS"],"build_version":"2019-01-23","purchased_purges":1,"victory":false,"max_hp_per_floor":[66,66,66,66,66,66,66,66,66,66,66,66,66,66,66,66],"card_choices":[{"not_picked":["Wraith Form v2","Venomology"],"picked":"Malaise","floor":0},{"not_picked":["Riddle With Holes","Expertise"],"picked":"Noxious Fumes","floor":1},{"not_picked":["Heel Hook","Backflip"],"picked":"Escape Plan","floor":3},{"not_picked":["Accuracy","Riddle With Holes"],"picked":"Escape Plan","floor":8},{"not_picked":["Riddle With Holes","Outmaneuver"],"picked":"Distraction","floor":10},{"not_picked":["Cloak And Dagger","Blade Dance"],"picked":"Caltrops","floor":11},{"not_picked":["Finisher","Quick Slash"],"picked":"Catalyst","floor":13},{"not_picked":["Eviscerate","Calculated Gamble"],"picked":"Deflect","floor":14}],"player_experience":1029595,"relics_obtained":[{"floor":9,"key":"Oddly Smooth Stone"}],"event_choices":[{"damage_healed":0,"gold_gain":75,"player_choice":"Gather Gold","damage_taken":11,"max_hp_gain":0,"max_hp_loss":0,"event_name":"World of Goop","floor":2,"gold_loss":0},{"damage_healed":0,"gold_gain":0,"player_choice":"Grow","damage_taken":0,"max_hp_gain":0,"max_hp_loss":0,"event_name":"Living Wall","floor":4,"gold_loss":0,"cards_upgraded":["Malaise"]},{"damage_healed":0,"gold_gain":0,"player_choice":"Bought 1 Potion","damage_taken":0,"max_hp_gain":0,"max_hp_loss":0,"event_name":"The Woman in Blue","floor":5,"gold_loss":0}],"is_beta":false,"boss_relics":[],"items_purged_floors":[12],"is_endless":false,"potions_floor_spawned":[1,3,7],"killed_by":"The Guardian","ascension_level":18}