{"gold_per_floor":[113,188,198,198,198,229,229,154,179,179,214,233,46,106,106,106],"floor_reached":16,"playtime":298,"items_purged":[],"score":236,"play_id":"502543f6-b154-4a9b-b01d-c90dbbf697db","local_time":"20190601162153","is_ascension_mode":true,"campfire_choices":[{"data":"Glacier","floor":7,"key":"SMITH"},{"data":"Melter","floor":10,"key":"SMITH"},{"floor":15,"key":"REST"}],"neow_cost":"NONE","seed_source_timestamp":3869915149465,"circlet_count":0,"master_deck":["AscendersBane","Strike_B","Strike_B","Strike_B","Defend_B","Defend_B","Defend_B","Defend_B","Zap","Dualcast","Glacier+1","Melter+1","Leap","Rebound","Magnetism"],"relics":["Cracked Core","NeowsBlessing","Vajra","Du-Vu Doll","Anchor","Bottled Lightning","Dead Branch"],"potions_floor_usage":[11,11],"damage_taken":[{"damage":0,"enemies":"Jaw Worm","floor":1,"turns":1},{"damage":0,"enemies":"Small Slimes","floor":3,"turns":1},{"damage":0,"enemies":"3 Sentries","floor":6,"turns":1},{"damage":22,"enemies":"Gremlin Nob","floor":11,"turns":5},{"damage":0,"enemies":"2 Louse","floor":12,"turns":2},{"damage":37,"enemies":"Lagavulin Event","floor":14,"turns":7},{"damage":32,"enemies":"The Guardian","floor":16,"turns":2}],"seed_played":"3448836842474300859","potions_obtained":[{"floor":1,"key":"Block Potion"},{"floor":6,"key":"SkillPotion"},{"floor":14,"key":"SpeedPotion"}],"is_trial":false,"path_per_floor":["M","?","M","?","?","E","R","?","T","R","E","M","$","?","R","B"],"character_chosen":"DEFECT","items_purchased":["Magnetism"],"campfire_rested":1,"item_purchase_floors":[13],"current_hp_per_floor":[64,53,53,71,60,60,60,60,60,60,38,38,38,1,22,0],"gold":106,"neow_bonus":"THREE_ENEMY_KILL","is_prod":false,"is_daily":false,"chose_seed":false,"campfire_upgraded":2,"win_rate":0,"timestamp":1559431313,"path_taken":["M","?","M","?","?","E","R","?","T","R","E","M","$","?","R","BOSS"],"build_version":"2019-01-23","purchased_purges":0,"victory":false,"max_hp_per_floor":[71,71,71,71,71,71,71,71,71,71,71,71,71,71,71,71],"card_choices":[{"not_picked":["Double Energy","Sunder"],"picked":"Glacier","floor":1},{"not_picked":["Go for the Eyes","Sweeping Beam","Stack"],"picked":"SKIP","floor":3},{"not_picked":["Compile Driver","Streamline"],"picked":"Melter","floor":6},{"not_picked":["Gash","Rebound"],"picked":"Leap","floor":11},{"not_picked":["Darkness","Leap"],"picked":"Rebound","floor":12}],"player_experience":932791,"relics_obtained":[{"floor":6,"key":"Du-Vu Doll"},{"floor":9,"key":"Anchor"},{"floor":11,"key":"Bottled Lightning"},{"floor":14,"key":"Dead Branch"}],"event_choices":[{"damage_healed":0,"gold_gain":75,"player_choice":"Gather Gold","damage_taken":11,"max_hp_gain":0,"max_hp_loss":0,"event_name":"World of Goop","floor":2,"gold_loss":0},{"damage_healed":23,"gold_gain":0,"player_choice":"Banana","damage_taken":0,"max_hp_gain":0,"max_hp_loss":0,"event_name":"Big Fish","floor":4,"gold_loss":0},{"damage_healed":0,"gold_gain":0,"player_choice":"Success","damage_taken":11,"relics_obtained":["Vajra"],"max_hp_gain":0,"max_hp_loss":0,"event_name":"Scrap Ooze","floor":5,"gold_loss":0},{"cards_removed":["Strike_B"],"damage_healed":0,"gold_gain":0,"player_choice":"Card Removal","damage_taken":0,"max_hp_gain":0,"max_hp_loss":0,"event_name":"The Cleric","floor":8,"gold_loss":75},{"damage_healed":0,"gold_gain":0,"player_choice":"Searched \u00271\u0027 times","damage_taken":0,"max_hp_gain":0,"max_hp_loss":0,"event_name":"Dead Adventurer","floor":14,"gold_loss":0}],"is_beta":false,"boss_relics":[],"items_purged_floors":[],"is_endless":false,"potions_floor_spawned":[1,6,14],"killed_by":"The Guardian","ascension_level":16}