{"gold_per_floor":[13,31,42,59,59,59,89,89,113,129,129,459,419,429,429,532,532,546,546,566,117,117],"floor_reached":22,"playtime":1028,"items_purged":["Strike_R"],"score":243,"play_id":"42c886cb-c7b5-4f97-b3d8-6113816b8b0f","local_time":"20190602123509","is_ascension_mode":true,"campfire_choices":[{"data":"Flex","floor":6,"key":"SMITH"},{"floor":11,"key":"REST"},{"data":"Wild Strike","floor":15,"key":"SMITH"}],"neow_cost":"NO_GOLD","seed_source_timestamp":577506252057070,"circlet_count":0,"master_deck":["Strike_R","Strike_R","Strike_R","Strike_R","Defend_R","Defend_R","Defend_R","Defend_R","Bash","Flex+1","Shrug It Off","Sword Boomerang","Wild Strike+1","Twin Strike","Thunderclap","Reaper","Immolate","Flex","Pommel Strike+1","Limit Break","Bandage Up"],"relics":["Burning Blood","Pantograph","Bird Faced Urn","Happy Flower","Old Coin","Black Star","Bag of Preparation"],"potions_floor_usage":[7,7,10,16,16,19,20],"damage_taken":[{"damage":6,"enemies":"Cultist","floor":1,"turns":3},{"damage":9,"enemies":"Jaw Worm","floor":2,"turns":3},{"damage":0,"enemies":"2 Louse","floor":3,"turns":3},{"damage":9,"enemies":"Looter","floor":4,"turns":3},{"damage":38,"enemies":"Gremlin Nob","floor":7,"turns":5},{"damage":5,"enemies":"2 Fungi Beasts","floor":10,"turns":3},{"damage":18,"enemies":"3 Sentries","floor":12,"turns":6},{"damage":13,"enemies":"Blue Slaver","floor":14,"turns":3},{"damage":72,"enemies":"The Guardian","floor":16,"turns":10},{"damage":29,"enemies":"Chosen","floor":18,"turns":5},{"damage":0,"enemies":"3 Byrds","floor":19,"turns":1},{"damage":43,"enemies":"Snake Plant","floor":20,"turns":3},{"damage":76,"enemies":"Shelled Parasite and Fungi","floor":22,"turns":6}],"seed_played":"-5322708602817976647","potions_obtained":[{"floor":1,"key":"Block Potion"},{"floor":3,"key":"LiquidBronze"},{"floor":4,"key":"SpeedPotion"},{"floor":13,"key":"Fire Potion"},{"floor":13,"key":"SmokeBomb"},{"floor":13,"key":"Poison Potion"},{"floor":18,"key":"BloodPotion"}],"is_trial":false,"path_per_floor":["M","M","M","M","$","R","E","T","T","M","R","E","?","M","R","B",null,"M","M","M","$","M"],"character_chosen":"IRONCLAD","items_purchased":["Limit Break","Bandage Up","Bag of Preparation"],"campfire_rested":1,"item_purchase_floors":[21,21,21],"current_hp_per_floor":[96,93,96,93,93,93,61,61,61,62,90,78,78,71,71,34,96,73,88,60,60,0],"gold":117,"neow_bonus":"TWENTY_PERCENT_HP_BONUS","is_prod":false,"is_daily":false,"chose_seed":false,"campfire_upgraded":2,"win_rate":0,"timestamp":1559504109,"path_taken":["M","M","M","M","$","R","E","?","T","M","R","E","?","M","R","BOSS","M","M","M","$","M"],"build_version":"2019-01-23","purchased_purges":1,"victory":false,"max_hp_per_floor":[96,96,96,96,96,96,96,96,96,96,96,96,96,96,96,96,96,96,96,96,96,96],"card_choices":[{"not_picked":["Intimidate","Entrench"],"picked":"Flex","floor":1},{"not_picked":["Armaments","Ghostly Armor"],"picked":"Shrug It Off","floor":2},{"not_picked":["Sever Soul","Sentinel"],"picked":"Sword Boomerang","floor":3},{"not_picked":["Uppercut","Body Slam"],"picked":"Wild Strike","floor":4},{"not_picked":["Clash","Perfected Strike"],"picked":"Twin Strike","floor":7},{"not_picked":["Anger","Barricade"],"picked":"Thunderclap","floor":10},{"not_picked":["Sword Boomerang","Headbutt"],"picked":"Reaper","floor":12},{"not_picked":["Thunderclap","Clothesline","Hemokinesis"],"picked":"SKIP","floor":14},{"not_picked":["Impervious","Reaper"],"picked":"Immolate","floor":16},{"not_picked":["Second Wind","Burning Pact"],"picked":"Flex","floor":18},{"not_picked":["Wild Strike","Dropkick"],"picked":"Pommel Strike+1","floor":20}],"player_experience":275113,"relics_obtained":[{"floor":7,"key":"Pantograph"},{"floor":8,"key":"Bird Faced Urn"},{"floor":9,"key":"Happy Flower"},{"floor":12,"key":"Old Coin"}],"event_choices":[{"damage_healed":0,"gold_gain":0,"player_choice":"Bought 3 Potions","damage_taken":0,"max_hp_gain":0,"max_hp_loss":0,"event_name":"The Woman in Blue","floor":13,"gold_loss":0}],"is_beta":false,"boss_relics":[{"not_picked":["Mark of Pain","Black Blood"],"picked":"Black Star"}],"items_purged_floors":[21],"is_endless":false,"potions_floor_spawned":[1,3,4,18],"killed_by":"Shelled Parasite and Fungi","ascension_level":2}