{"gold_per_floor":[117,117,133,152,1,1,35,35,80,111,76,251,251,266,266,266],"floor_reached":16,"playtime":485,"items_purged":["Strike_R"],"score":140,"play_id":"e74fa7f3-5963-412b-8947-8e84a4b67163","local_time":"20190209154926","is_ascension_mode":true,"campfire_choices":[{"data":"Armaments","floor":6,"key":"SMITH"},{"data":"True Grit","floor":8,"key":"SMITH"},{"floor":13,"key":"REST"},{"data":"Infernal Blade","floor":15,"key":"SMITH"}],"neow_cost":"NONE","seed_source_timestamp":803329081856830,"circlet_count":0,"master_deck":["Strike_R","Strike_R","Strike_R","Strike_R","Defend_R","Defend_R","Defend_R","Defend_R","Bash","Thunderclap","True Grit+1","Infernal Blade+1","Shrug It Off","Armaments+1","Disarm","Doubt","Shrug It Off"],"relics":["Burning Blood","NeowsBlessing","Strawberry","Dream Catcher","Gremlin Horn"],"potions_floor_usage":[7,10,16,16],"damage_taken":[{"damage":0,"enemies":"Cultist","floor":1,"turns":1},{"damage":0,"enemies":"Jaw Worm","floor":3,"turns":1},{"damage":0,"enemies":"Small Slimes","floor":4,"turns":1},{"damage":44,"enemies":"Lagavulin","floor":7,"turns":8},{"damage":47,"enemies":"Gremlin Nob","floor":10,"turns":7},{"damage":13,"enemies":"Exordium Wildlife","floor":14,"turns":4},{"damage":50,"enemies":"The Guardian","floor":16,"turns":8}],"seed_played":"-6056332749083805524","potions_obtained":[{"floor":3,"key":"Fire Potion"},{"floor":7,"key":"SpeedPotion"},{"floor":10,"key":"SkillPotion"},{"floor":14,"key":"AttackPotion"}],"is_trial":false,"path_per_floor":["M","?","M","M","$","R","E","R","T","E","?","?","R","M","R","B"],"character_chosen":"IRONCLAD","items_purchased":["Shrug It Off","Armaments"],"campfire_rested":1,"item_purchase_floors":[5,5],"current_hp_per_floor":[78,78,80,80,80,80,49,49,49,8,29,29,55,48,48,0],"gold":266,"neow_bonus":"THREE_ENEMY_KILL","is_prod":false,"is_daily":false,"chose_seed":false,"campfire_upgraded":3,"win_rate":0,"timestamp":1549745366,"path_taken":["M","?","?","M","$","R","E","R","T","E","?","?","R","M","R","BOSS"],"build_version":"2019-01-23","purchased_purges":1,"victory":false,"max_hp_per_floor":[80,80,80,80,80,80,87,87,87,87,87,87,87,87,87,87],"card_choices":[{"not_picked":["Shrug It Off","Body Slam"],"picked":"Thunderclap","floor":1},{"not_picked":["Feel No Pain","Heavy Blade"],"picked":"True Grit","floor":3},{"not_picked":["Evolve","Sword Boomerang"],"picked":"Infernal Blade","floor":4},{"not_picked":["Burning Pact","Infernal Blade"],"picked":"Disarm","floor":7},{"not_picked":["Havoc","Twin Strike","Clash"],"picked":"SKIP","floor":10},{"not_picked":["Twin Strike","Sword Boomerang"],"picked":"Shrug It Off","floor":13},{"not_picked":["Wild Strike","Offering","Clothesline"],"picked":"SKIP","floor":14}],"player_experience":193099,"relics_obtained":[{"floor":7,"key":"Strawberry"},{"floor":9,"key":"Dream Catcher"},{"floor":10,"key":"Gremlin Horn"}],"event_choices":[{"damage_healed":0,"gold_gain":0,"player_choice":"Bought 0 Potions","damage_taken":0,"max_hp_gain":0,"max_hp_loss":0,"event_name":"The Woman in Blue","floor":2,"gold_loss":0},{"damage_healed":21,"gold_gain":0,"player_choice":"Healed","damage_taken":0,"max_hp_gain":0,"max_hp_loss":0,"event_name":"The Cleric","floor":11,"gold_loss":35},{"damage_healed":0,"gold_gain":175,"player_choice":"AGREE","damage_taken":0,"max_hp_gain":0,"max_hp_loss":0,"event_name":"Liars Game","floor":12,"gold_loss":0,"cards_obtained":["Doubt"]}],"is_beta":false,"boss_relics":[],"items_purged_floors":[5],"is_endless":false,"potions_floor_spawned":[3,7,10,14],"killed_by":"The Guardian","ascension_level":6}