{"gold_per_floor":[217,217,234,90,108,108,134,134,134,167,167,167,98,112,112,185,185,196,17,29,29,0,0,0,0,24,24,39,55,55,65,65,144,144,163,173,173,185,185,185,205,219,243,260,271,70,70,35,35,35],"floor_reached":50,"playtime":1996,"items_purged":["Pain","Strike_B"],"score":791,"play_id":"8e366c36-476b-408e-91c0-f9762a6d0b62","local_time":"20190327232807","is_ascension_mode":true,"campfire_choices":[{"data":"Zap","floor":6,"key":"SMITH"},{"data":"Darkness","floor":8,"key":"SMITH"},{"data":"Beam Cell","floor":11,"key":"SMITH"},{"data":"Defragment","floor":15,"key":"SMITH"},{"floor":23,"key":"REST"},{"floor":24,"key":"REST"},{"data":"Self Repair","floor":27,"key":"SMITH"},{"floor":32,"key":"REST"},{"floor":40,"key":"REST"},{"floor":47,"key":"REST"},{"floor":49,"key":"REST"}],"neow_cost":"NONE","seed_source_timestamp":624301811928338,"circlet_count":0,"master_deck":["AscendersBane","Strike_B","Strike_B","Strike_B","Defend_B","Defend_B+1","Defend_B","Defend_B+1","Zap+1","Dualcast","Self Repair+1","Beam Cell+1","Core Surge","Darkness+1","Go for the Eyes","Defragment+1","Redo","Biased Cognition","Defragment","White Noise+1","Conserve Battery","Reinforced Body","Hologram+1","Electrodynamics","Undo+1","Cold Snap","Cold Snap","Parasite","Leap","Auto Shields+1","Darkness","Machine Learning"],"relics":["Cracked Core","WarpedTongs","Dodecahedron","Strawberry","WingedGreaves","Velvet Choker","Oddly Smooth Stone","Fusion Hammer","Dream Catcher","ClockworkSouvenir"],"potions_floor_usage":[7,10,20,20,33,33,45],"damage_taken":[{"damage":1,"enemies":"2 Louse","floor":1,"turns":2},{"damage":7,"enemies":"Cultist","floor":3,"turns":4},{"damage":2,"enemies":"Jaw Worm","floor":5,"turns":4},{"damage":10,"enemies":"Lagavulin","floor":7,"turns":5},{"damage":24,"enemies":"3 Sentries","floor":10,"turns":7},{"damage":10,"enemies":"Large Slime","floor":14,"turns":8},{"damage":30,"enemies":"Slime Boss","floor":16,"turns":4},{"damage":45,"enemies":"2 Thieves","floor":18,"turns":4},{"damage":2,"enemies":"Spheric Guardian","floor":20,"turns":3},{"damage":30,"enemies":"Snake Plant","floor":28,"turns":4},{"damage":46,"enemies":"Cultist and Chosen","floor":29,"turns":7},{"damage":2,"enemies":"Centurion and Healer","floor":31,"turns":9},{"damage":21,"enemies":"Champ","floor":33,"turns":10},{"damage":39,"enemies":"3 Darklings","floor":35,"turns":4},{"damage":14,"enemies":"Orb Walker","floor":36,"turns":4},{"damage":4,"enemies":"Spire Growth","floor":38,"turns":7},{"damage":15,"enemies":"Sphere and 2 Shapes","floor":41,"turns":6},{"damage":8,"enemies":"Writhing Mass","floor":42,"turns":7},{"damage":19,"enemies":"3 Darklings","floor":44,"turns":5},{"damage":14,"enemies":"Transient","floor":45,"turns":5},{"damage":74,"enemies":"Donu and Deca","floor":50,"turns":5}],"seed_played":"-7624652481024783900","potions_obtained":[{"floor":3,"key":"Swift Potion"},{"floor":7,"key":"Fire Potion"},{"floor":10,"key":"Explosive Potion"},{"floor":18,"key":"EssenceOfSteel"},{"floor":29,"key":"SpeedPotion"},{"floor":31,"key":"Energy Potion"},{"floor":36,"key":"SpeedPotion"},{"floor":44,"key":"Fire Potion"}],"is_trial":false,"path_per_floor":["M","?","M","$","M","R","E","R","T","E","R","?","$","M","R","B",null,"M","$","M","?","?","R","R","$","T","R","M","M","?","M","R","B",null,"M","M","?","M","?","R","M","M","T","M","M","$","R","$","R","B"],"character_chosen":"DEFECT","items_purchased":["Core Surge","Defragment","Defragment","ClockworkSouvenir","Darkness"],"campfire_rested":6,"item_purchase_floors":[4,13,19,46,48],"current_hp_per_floor":[63,63,63,63,68,68,68,68,75,61,61,38,38,38,38,15,62,17,17,22,22,22,45,68,68,68,68,48,12,12,20,43,32,67,38,24,24,30,30,53,48,50,50,41,27,27,50,50,73,0],"gold":35,"neow_bonus":"HUNDRED_GOLD","is_prod":false,"is_daily":false,"chose_seed":false,"campfire_upgraded":5,"win_rate":0,"timestamp":1553743687,"path_taken":["M","?","M","$","?","R","E","R","T","E","R","?","?","M","R","BOSS","M","$","M","?","?","R","R","?","T","R","M","?","?","M","R","BOSS","M","M","?","M","?","R","M","M","T","M","M","$","R","?","R","BOSS"],"build_version":"2019-01-23","purchased_purges":2,"victory":false,"max_hp_per_floor":[71,71,71,71,71,71,71,71,78,78,78,78,78,78,78,78,78,78,78,78,78,78,78,78,78,78,78,78,78,78,78,78,78,78,78,78,78,78,78,78,78,78,78,78,78,78,78,78,78,78],"card_choices":[{"not_picked":["Ball Lightning","Darkness"],"picked":"Self Repair","floor":1},{"not_picked":["Chill","Heatsinks"],"picked":"Beam Cell","floor":3},{"not_picked":["Heatsinks","Rebound","Blizzard"],"picked":"SKIP","floor":5},{"not_picked":["Recycle","Ball Lightning"],"picked":"Darkness","floor":7},{"not_picked":["Gash","BootSequence"],"picked":"Go for the Eyes","floor":10},{"not_picked":["Force Field","Ball Lightning"],"picked":"Redo","floor":14},{"not_picked":["Seek","All For One"],"picked":"Biased Cognition","floor":16},{"not_picked":["Beam Cell","Redo","Aggregate"],"picked":"SKIP","floor":18},{"not_picked":["Defragment","Fusion"],"picked":"White Noise+1","floor":20},{"not_picked":["Cold Snap","Go for the Eyes"],"picked":"Conserve Battery","floor":28},{"not_picked":["Compile Driver","FTL"],"picked":"Reinforced Body","floor":29},{"not_picked":["Stack","BootSequence+1"],"picked":"Hologram+1","floor":31},{"not_picked":["Meteor Strike","Amplify"],"picked":"Electrodynamics","floor":33},{"not_picked":["Recycle","Leap"],"picked":"Undo+1","floor":35},{"not_picked":["Fusion","Leap+1"],"picked":"Cold Snap","floor":36},{"not_picked":["Barrage","Compile Driver"],"picked":"Cold Snap","floor":38},{"not_picked":["Fusion","Turbo","Genetic Algorithm"],"picked":"SKIP","floor":41},{"not_picked":["Steam","Steam Power","Go for the Eyes"],"picked":"SKIP","floor":42},{"not_picked":["Go for the Eyes","Hologram"],"picked":"Leap","floor":44},{"not_picked":["Hologram+1","Barrage+1","Scrape"],"picked":"SKIP","floor":45},{"not_picked":["Steam","Leap"],"picked":"Auto Shields+1","floor":47},{"not_picked":["Coolheaded","Beam Cell"],"picked":"Machine Learning","floor":49}],"player_experience":473319,"relics_obtained":[{"floor":7,"key":"Dodecahedron"},{"floor":9,"key":"Strawberry"},{"floor":10,"key":"WingedGreaves"},{"floor":26,"key":"Oddly Smooth Stone"},{"floor":43,"key":"Dream Catcher"}],"event_choices":[{"damage_healed":0,"gold_gain":0,"player_choice":"Rummage","damage_taken":0,"relics_obtained":["WarpedTongs"],"max_hp_gain":0,"max_hp_loss":0,"event_name":"Accursed Blacksmith","floor":2,"gold_loss":0,"cards_obtained":["Pain"]},{"damage_healed":0,"gold_gain":0,"player_choice":"Entered Light","damage_taken":23,"max_hp_gain":0,"max_hp_loss":0,"event_name":"Shining Light","floor":12,"gold_loss":0,"cards_upgraded":["Defend_B","Defend_B"]},{"damage_healed":0,"gold_gain":0,"player_choice":"Ignored","damage_taken":0,"max_hp_gain":0,"max_hp_loss":0,"event_name":"Beggar","floor":21,"gold_loss":0},{"damage_healed":0,"gold_gain":0,"player_choice":"Paid Fearfully","damage_taken":0,"max_hp_gain":0,"max_hp_loss":0,"event_name":"Masked Bandits","floor":22,"gold_loss":29},{"damage_healed":0,"gold_gain":0,"player_choice":"Ignored","damage_taken":0,"max_hp_gain":0,"max_hp_loss":0,"event_name":"The Mausoleum","floor":30,"gold_loss":0},{"damage_healed":0,"gold_gain":0,"player_choice":"Ignored","damage_taken":0,"max_hp_gain":0,"max_hp_loss":0,"event_name":"Mysterious Sphere","floor":37,"gold_loss":0},{"damage_healed":0,"gold_gain":0,"player_choice":"Ignored","damage_taken":0,"max_hp_gain":0,"max_hp_loss":0,"event_name":"The Moai Head","floor":39,"gold_loss":0}],"is_beta":false,"boss_relics":[{"not_picked":["Runic Dome","Pandora\u0027s Box"],"picked":"Velvet Choker"},{"not_picked":["Astrolabe","Nuclear Battery"],"picked":"Fusion Hammer"}],"items_purged_floors":[4,19],"is_endless":false,"potions_floor_spawned":[3,7,10,18,29,31,36,44],"killed_by":"Donu and Deca","ascension_level":15}