{"gold_per_floor":[109,89,102,112,130,163,163,176,231,35,54,54,64,79,79,174,174,190,190],"floor_reached":19,"playtime":2328,"items_purged":[],"score":173,"play_id":"75127b7c-de62-413e-8c4e-640a98ce5414","local_time":"20190127120416","is_ascension_mode":false,"campfire_choices":[{"data":"Clothesline","floor":7,"key":"SMITH"},{"data":"Entrench","floor":15,"key":"SMITH"}],"neow_cost":"NONE","seed_source_timestamp":780820594695795,"circlet_count":0,"master_deck":["Strike_R","Strike_R","Strike_R","Strike_R","Defend_R","Defend_R","Defend_R+1","Defend_R","Bash","Second Wind","Cleave","Clothesline+1","Entrench+1","Flex+1","Carnage","Headbutt","Iron Wave","Metallicize","Enlightenment","Flame Barrier","Parasite","Dropkick","Shrug It Off","Fiend Fire","Armaments"],"relics":["Burning Blood","War Paint","Vajra","Runic Pyramid"],"potions_floor_usage":[16,16,19],"damage_taken":[{"damage":6,"enemies":"Jaw Worm","floor":1,"turns":7},{"damage":1,"enemies":"Cultist","floor":3,"turns":3},{"damage":7,"enemies":"2 Louse","floor":4,"turns":2},{"damage":7,"enemies":"2 Fungi Beasts","floor":5,"turns":3},{"damage":34,"enemies":"Lagavulin","floor":6,"turns":9},{"damage":14,"enemies":"Large Slime","floor":8,"turns":8},{"damage":0,"enemies":"Exordium Wildlife","floor":11,"turns":2},{"damage":0,"enemies":"2 Fungi Beasts","floor":13,"turns":3},{"damage":10,"enemies":"Exordium Thugs","floor":14,"turns":4},{"damage":65,"enemies":"The Guardian","floor":16,"turns":20},{"damage":2,"enemies":"Shell Parasite","floor":18,"turns":4},{"damage":17,"enemies":"Colosseum Slavers","floor":19,"turns":4},{"damage":71,"enemies":"Colosseum Nobs","floor":19,"turns":7}],"seed_played":"840919825595502499","potions_obtained":[{"floor":2,"key":"EssenceOfSteel"},{"floor":4,"key":"Energy Potion"},{"floor":6,"key":"Swift Potion"},{"floor":8,"key":"LiquidBronze"},{"floor":13,"key":"BloodPotion"}],"is_trial":false,"path_per_floor":["M","?","M","M","M","E","R","M","T","$","M","?","M","M","R","B",null,"M","?"],"character_chosen":"IRONCLAD","items_purchased":["Iron Wave","Metallicize","Enlightenment"],"campfire_rested":0,"item_purchase_floors":[10,10,10],"current_hp_per_floor":[80,80,80,79,78,50,50,42,42,42,48,68,74,70,70,19,80,80,0],"gold":190,"neow_bonus":"TRANSFORM_CARD","is_prod":false,"is_daily":false,"chose_seed":false,"campfire_upgraded":2,"win_rate":0.0,"timestamp":1548608656,"path_taken":["M","?","M","?","M","E","R","M","T","$","M","?","M","M","R","BOSS","M","?"],"build_version":"2019-01-23","purchased_purges":0,"victory":false,"max_hp_per_floor":[80,80,80,80,80,80,80,80,80,80,80,80,80,80,80,80,80,80,80],"card_choices":[{"not_picked":["Anger","Shrug It Off"],"picked":"Cleave","floor":1},{"not_picked":["Anger","Perfected Strike"],"picked":"Clothesline","floor":3},{"not_picked":["Body Slam","Cleave"],"picked":"Entrench","floor":4},{"not_picked":["Heavy Blade","Warcry"],"picked":"Flex","floor":5},{"not_picked":["Offering","Spot Weakness"],"picked":"Carnage","floor":6},{"not_picked":["Fire Breathing","Body Slam"],"picked":"Headbutt","floor":8},{"not_picked":["Clothesline","Cleave"],"picked":"Flame Barrier","floor":11},{"not_picked":["Perfected Strike","Disarm"],"picked":"Dropkick","floor":13},{"not_picked":["Thunderclap","Cleave"],"picked":"Shrug It Off","floor":14},{"not_picked":["Berserk","Limit Break"],"picked":"Fiend Fire","floor":16},{"not_picked":["Cleave","True Grit+1"],"picked":"Armaments","floor":18}],"player_experience":10610,"relics_obtained":[{"floor":6,"key":"War Paint"},{"floor":9,"key":"Vajra"}],"event_choices":[{"damage_healed":0,"gold_gain":0,"player_choice":"Bought 1 Potion","damage_taken":0,"max_hp_gain":0,"max_hp_loss":0,"event_name":"The Woman in Blue","floor":2,"gold_loss":0},{"damage_healed":20,"gold_gain":0,"player_choice":"Healed and dodged fight","damage_taken":0,"max_hp_gain":0,"max_hp_loss":0,"event_name":"Mushrooms","floor":12,"gold_loss":0,"cards_obtained":["Parasite"]},{"damage_healed":0,"gold_gain":0,"player_choice":"Fight","damage_taken":0,"max_hp_gain":0,"max_hp_loss":0,"event_name":"Colosseum","floor":19,"gold_loss":0},{"damage_healed":0,"gold_gain":0,"player_choice":"Fought Nobs","damage_taken":0,"max_hp_gain":0,"max_hp_loss":0,"event_name":"Colosseum","floor":19,"gold_loss":0}],"is_beta":false,"boss_relics":[{"not_picked":["Calling Bell","Mark of Pain"],"picked":"Runic Pyramid"}],"items_purged_floors":[],"is_endless":false,"potions_floor_spawned":[4,6,8,11,13,14],"killed_by":"Colosseum Nobs","ascension_level":0}