{"gold_per_floor":[110,130,130,280,297,297,314,161,212,247,259,3,23,0,0,78,78,60,110,110,110,110],"floor_reached":22,"playtime":708,"items_purged":["Doubt"],"score":364,"play_id":"f2734d92-9c13-4ad1-a988-e968e719b102","local_time":"20190531133541","is_ascension_mode":true,"campfire_choices":[{"floor":6,"key":"REST"},{"data":"Armaments","floor":11,"key":"SMITH"},{"data":"Disarm","floor":15,"key":"SMITH"}],"neow_cost":"PERCENT_DAMAGE","seed_source_timestamp":1196454940578434,"circlet_count":0,"master_deck":["AscendersBane","Strike_R","Strike_R","Strike_R","Defend_R+1","Defend_R","Defend_R","Defend_R","Bash+1","Armaments+1","Disarm+1","Twin Strike","Shrug It Off","Inflame","Pommel Strike","Inflame","Carnage","Reaper","Pummel","Heavy Blade","Bloodletting","Iron Wave","Uppercut","Seeing Red","Decay"],"relics":["Burning Blood","Boot","MawBank","Membership Card","Orrery"],"potions_floor_usage":[10,10,16,18,22],"damage_taken":[{"damage":4,"enemies":"Jaw Worm","floor":1,"turns":6},{"damage":1,"enemies":"Cultist","floor":2,"turns":3},{"damage":8,"enemies":"2 Louse","floor":5,"turns":5},{"damage":16,"enemies":"2 Fungi Beasts","floor":7,"turns":5},{"damage":30,"enemies":"Gremlin Nob","floor":10,"turns":5},{"damage":2,"enemies":"Exordium Wildlife","floor":13,"turns":4},{"damage":12,"enemies":"The Guardian","floor":16,"turns":16},{"damage":29,"enemies":"2 Thieves","floor":18,"turns":5},{"damage":57,"enemies":"Chosen","floor":22,"turns":5}],"seed_played":"-4353985832398225920","potions_obtained":[{"floor":5,"key":"Ancient Potion"},{"floor":7,"key":"SneckoOil"},{"floor":13,"key":"SkillPotion"},{"floor":16,"key":"Weak Potion"},{"floor":18,"key":"Explosive Potion"}],"is_trial":false,"path_per_floor":["M","M","?","?","M","R","M","$","T","E","R","$","M","?","R","B",null,"M","?","?","?","M"],"character_chosen":"IRONCLAD","items_purchased":["Inflame","Membership Card","Inflame"],"campfire_rested":1,"item_purchase_floors":[8,12,12],"current_hp_per_floor":[52,57,34,34,32,54,44,44,44,20,20,20,24,24,24,18,61,46,46,46,46,0],"gold":110,"neow_bonus":"REMOVE_TWO","is_prod":false,"is_daily":false,"chose_seed":false,"campfire_upgraded":2,"win_rate":0,"timestamp":1559324141,"path_taken":["M","M","?","?","M","R","M","$","T","E","R","?","?","?","R","BOSS","M","?","?","?","M"],"build_version":"2019-01-23","purchased_purges":1,"victory":false,"max_hp_per_floor":[75,75,75,75,75,75,75,75,75,75,75,75,75,75,75,75,75,75,75,75,75,75],"card_choices":[{"not_picked":["Headbutt","Shrug It Off"],"picked":"Armaments","floor":1},{"not_picked":["Pommel Strike","Wild Strike"],"picked":"Disarm","floor":2},{"not_picked":["Intimidate","Reckless Charge"],"picked":"Twin Strike","floor":5},{"not_picked":["Rupture","True Grit"],"picked":"Shrug It Off","floor":7},{"not_picked":["Thunderclap","Brutality"],"picked":"Pommel Strike","floor":10},{"not_picked":["Heavy Blade","Clash"],"picked":"Carnage","floor":13},{"not_picked":["Dark Embrace","Feed"],"picked":"Reaper","floor":16},{"not_picked":["Clash","Warcry"],"picked":"Pummel","floor":17},{"not_picked":["Anger","Body Slam"],"picked":"Heavy Blade","floor":17},{"not_picked":["Intimidate","Thunderclap"],"picked":"Bloodletting","floor":17},{"not_picked":["Combust","Infernal Blade"],"picked":"Iron Wave","floor":17},{"not_picked":["Combust","Second Wind"],"picked":"Uppercut","floor":17},{"not_picked":["Havoc","Intimidate"],"picked":"Seeing Red","floor":18}],"player_experience":799918,"relics_obtained":[{"floor":9,"key":"Boot"},{"floor":10,"key":"MawBank"}],"event_choices":[{"damage_healed":0,"gold_gain":0,"player_choice":"Entered Light","damage_taken":23,"max_hp_gain":0,"max_hp_loss":0,"event_name":"Shining Light","floor":3,"gold_loss":0,"cards_upgraded":["Defend_R","Bash"]},{"damage_healed":0,"gold_gain":150,"player_choice":"AGREE","damage_taken":0,"max_hp_gain":0,"max_hp_loss":0,"event_name":"Liars Game","floor":4,"gold_loss":0,"cards_obtained":["Doubt"]},{"damage_healed":0,"gold_gain":0,"player_choice":"Left Gold","damage_taken":0,"max_hp_gain":0,"max_hp_loss":0,"event_name":"World of Goop","floor":14,"gold_loss":23},{"damage_healed":0,"gold_gain":50,"player_choice":"Stole From Cult","damage_taken":0,"max_hp_gain":0,"max_hp_loss":0,"event_name":"Nest","floor":19,"gold_loss":0},{"damage_healed":0,"gold_gain":0,"player_choice":"Smashed Altar","damage_taken":0,"max_hp_gain":0,"max_hp_loss":0,"event_name":"Forgotten Altar","floor":20,"gold_loss":0,"cards_obtained":["Decay"]},{"damage_healed":0,"gold_gain":0,"player_choice":"Ignored","damage_taken":0,"max_hp_gain":0,"max_hp_loss":0,"event_name":"Vampires","floor":21,"gold_loss":0}],"is_beta":false,"boss_relics":[{"not_picked":["Runic Pyramid","Black Star"],"picked":"Orrery"}],"items_purged_floors":[8],"is_endless":false,"potions_floor_spawned":[5,7,13,16,18],"killed_by":"Chosen","ascension_level":20}