{"gold_per_floor":[110,110,35,51,71,96,96,114,114,14,38,52,52,2,2,106,106,120,120,131,6,26,26,58,77,103,120,120,120,120,151,151,151],"floor_reached":33,"playtime":995,"items_purged":["Pain","Regret","Shame"],"score":310,"play_id":"ae233fa7-ce91-4815-9141-c4863bc2fc14","local_time":"20190507131852","is_ascension_mode":false,"campfire_choices":[{"data":"Searing Blow","floor":7,"key":"SMITH"},{"data":"Armaments","floor":13,"key":"SMITH"},{"data":"Searing Blow+1","floor":15,"key":"SMITH"},{"data":"Searing Blow+2","floor":23,"key":"SMITH"},{"data":"Searing Blow+3","floor":29,"key":"SMITH"},{"data":"Searing Blow+4","floor":32,"key":"SMITH"}],"neow_cost":"CURSE","seed_source_timestamp":63171684803008,"circlet_count":0,"master_deck":["Strike_R","Strike_R","Strike_R","Strike_R","Defend_R","Defend_R","Defend_R","Defend_R","Bash","Searing Blow+5","Armaments+1","Immolate","Bludgeon","Armaments","Seeing Red+1","Writhe","True Grit"],"relics":["Burning Blood","WarpedTongs","PreservedInsect","Dodecahedron","Odd Mushroom","Sozu","Shovel","Blood Vial","Dream Catcher","Anchor","Molten Egg 2"],"potions_floor_usage":[24,31,33],"damage_taken":[{"damage":9,"enemies":"2 Louse","floor":1,"turns":3},{"damage":9,"enemies":"Cultist","floor":4,"turns":3},{"damage":7,"enemies":"Small Slimes","floor":5,"turns":4},{"damage":37,"enemies":"Lagavulin","floor":6,"turns":8},{"damage":15,"enemies":"Looter","floor":8,"turns":3},{"damage":19,"enemies":"The Mushroom Lair","floor":11,"turns":4},{"damage":0,"enemies":"Large Slime","floor":12,"turns":4},{"damage":25,"enemies":"The Guardian","floor":16,"turns":11},{"damage":0,"enemies":"Chosen","floor":18,"turns":3},{"damage":18,"enemies":"Shell Parasite","floor":20,"turns":4},{"damage":7,"enemies":"Snecko","floor":22,"turns":4},{"damage":6,"enemies":"Gremlin Leader","floor":24,"turns":4},{"damage":4,"enemies":"3 Cultists","floor":25,"turns":4},{"damage":6,"enemies":"Chosen and Byrds","floor":27,"turns":6},{"damage":26,"enemies":"Book of Stabbing","floor":31,"turns":5},{"damage":77,"enemies":"Automaton","floor":33,"turns":8}],"seed_played":"-4952547070517016363","potions_obtained":[{"floor":4,"key":"SpeedPotion"},{"floor":8,"key":"Swift Potion"},{"floor":11,"key":"GamblersBrew"}],"is_trial":false,"path_per_floor":["M","?","$","M","M","E","R","M","T","$","?","M","R","?","R","B",null,"M","?","M","$","M","R","E","M","T","M","$","R","?","E","R","B"],"character_chosen":"IRONCLAD","items_purchased":[],"campfire_rested":0,"item_purchase_floors":[],"current_hp_per_floor":[93,93,93,90,89,58,58,49,49,49,36,42,42,42,42,23,96,96,96,84,84,83,83,83,87,87,89,89,89,89,71,71,0],"gold":151,"neow_bonus":"TWENTY_PERCENT_HP_BONUS","is_prod":false,"is_daily":false,"chose_seed":false,"campfire_upgraded":6,"win_rate":0,"timestamp":1557249532,"path_taken":["M","?","$","?","M","E","R","M","T","$","?","M","R","?","R","BOSS","M","?","M","$","M","R","E","M","T","M","$","R","?","E","R","BOSS"],"build_version":"2019-01-23","purchased_purges":3,"victory":false,"max_hp_per_floor":[96,96,96,96,96,96,96,96,96,96,96,96,96,96,96,96,96,96,96,96,96,96,96,96,96,96,96,96,96,96,96,96,96],"card_choices":[{"not_picked":["Warcry","Body Slam"],"picked":"Searing Blow","floor":1},{"not_picked":["Iron Wave","Anger","Intimidate"],"picked":"SKIP","floor":4},{"not_picked":["Twin Strike","Clothesline","Perfected Strike"],"picked":"SKIP","floor":5},{"not_picked":["Reckless Charge","True Grit"],"picked":"Armaments","floor":6},{"not_picked":["Body Slam","Power Through","Perfected Strike"],"picked":"SKIP","floor":8},{"not_picked":["Combust","Metallicize"],"picked":"Immolate","floor":12},{"not_picked":["Brutality","Limit Break"],"picked":"Bludgeon","floor":16},{"not_picked":["Pommel Strike","Clothesline"],"picked":"Armaments","floor":18},{"not_picked":["Sword Boomerang","Havoc","Clothesline"],"picked":"SKIP","floor":20},{"not_picked":["Pommel Strike","Carnage","Wild Strike"],"picked":"SKIP","floor":22},{"not_picked":["Iron Wave","Wild Strike","Intimidate+1"],"picked":"SKIP","floor":24},{"not_picked":["Shockwave","Havoc"],"picked":"Seeing Red+1","floor":25},{"not_picked":["Combust","Cleave","Thunderclap"],"picked":"SKIP","floor":27},{"not_picked":["Juggernaut","Body Slam"],"picked":"True Grit","floor":31}],"player_experience":663261,"relics_obtained":[{"floor":6,"key":"PreservedInsect"},{"floor":9,"key":"Dodecahedron"},{"floor":11,"key":"Odd Mushroom"},{"floor":24,"key":"Blood Vial"},{"floor":26,"key":"Dream Catcher"},{"floor":31,"key":"Molten Egg 2"}],"event_choices":[{"damage_healed":0,"gold_gain":0,"player_choice":"Rummage","damage_taken":0,"relics_obtained":["WarpedTongs"],"max_hp_gain":0,"max_hp_loss":0,"event_name":"Accursed Blacksmith","floor":2,"gold_loss":0,"cards_obtained":["Pain"]},{"damage_healed":0,"gold_gain":0,"player_choice":"Fought Mushrooms","damage_taken":0,"max_hp_gain":0,"max_hp_loss":0,"event_name":"Mushrooms","floor":11,"gold_loss":0},{"cards_removed":["Strike_R"],"damage_healed":0,"gold_gain":0,"player_choice":"Card Removal","damage_taken":0,"max_hp_gain":0,"max_hp_loss":0,"event_name":"The Cleric","floor":14,"gold_loss":50},{"damage_healed":0,"gold_gain":0,"player_choice":"Stole Relic","damage_taken":0,"relics_obtained":["Shovel"],"max_hp_gain":0,"max_hp_loss":0,"event_name":"Addict","floor":19,"gold_loss":0,"cards_obtained":["Shame"]},{"damage_healed":0,"gold_gain":0,"player_choice":"Opened","damage_taken":0,"relics_obtained":["Anchor"],"max_hp_gain":0,"max_hp_loss":0,"event_name":"The Mausoleum","floor":30,"gold_loss":0,"cards_obtained":["Writhe"]}],"is_beta":false,"boss_relics":[{"not_picked":["Calling Bell","Cursed Key"],"picked":"Sozu"}],"items_purged_floors":[3,10,21],"is_endless":false,"potions_floor_spawned":[4,8,11,12,22,27],"killed_by":"Automaton","ascension_level":0}