{"gold_per_floor":[118,132,143,143,161,193,193,221,221,221,221,237,64,80,80,181,181,195,212,228,76,92,124,124,124,124,24,24,44,72,91,91,192,192,202,217,68,68,81,113,129,129,153,168,182,201,201,11,11,11],"floor_reached":51,"playtime":5996,"items_purged":["Defend_R","Strike_R","Defend_R"],"score":708,"play_id":"6d6d1903-3569-451e-bb88-be2a5a67e9c7","local_time":"20190429201116","is_ascension_mode":false,"campfire_choices":[{"floor":7,"key":"REST"},{"floor":10,"key":"REST"},{"data":"Body Slam","floor":15,"key":"SMITH"},{"floor":24,"key":"REST"},{"floor":28,"key":"REST"},{"data":"Flame Barrier","floor":32,"key":"SMITH"},{"data":"Body Slam","floor":42,"key":"SMITH"},{"data":"Rage","floor":47,"key":"SMITH"},{"data":"Rage","floor":49,"key":"SMITH"}],"neow_cost":"NONE","seed_source_timestamp":120013510453110,"circlet_count":0,"master_deck":["Strike_R","Strike_R","Strike_R","Defend_R","Defend_R","Bash","Rage+1","Body Slam+1","Iron Wave","Thunderclap+1","Ghostly Armor","Body Slam+1","Anger","Pommel Strike+1","Headbutt","Juggernaut","Flame Barrier+1","Headbutt+1","Metallicize+1","Flame Barrier+1","Rage+1","Metallicize+1","Shrug It Off+1","Impervious+1","Seeing Red+1","Body Slam+1","Ghostly Armor+1","Iron Wave"],"relics":["Burning Blood","Question Card","Gambling Chip","Self Forming Clay","Dodecahedron","Black Star","Oddly Smooth Stone","Matryoshka","Whetstone","Bottled Tornado","Pantograph","Paper Frog","Toxic Egg 2","Coffee Dripper","Lantern","Ancient Tea Set","PreservedInsect","Blood Vial","TheAbacus"],"potions_floor_usage":[6,8,16,23,30,46,50],"damage_taken":[{"damage":5,"enemies":"Small Slimes","floor":1,"turns":4},{"damage":5,"enemies":"Cultist","floor":2,"turns":4},{"damage":0,"enemies":"2 Louse","floor":3,"turns":3},{"damage":9,"enemies":"Exordium Wildlife","floor":5,"turns":6},{"damage":19,"enemies":"Gremlin Nob","floor":6,"turns":4},{"damage":45,"enemies":"Lagavulin","floor":8,"turns":8},{"damage":0,"enemies":"2 Fungi Beasts","floor":12,"turns":3},{"damage":0,"enemies":"Gremlin Gang","floor":14,"turns":3},{"damage":36,"enemies":"The Guardian","floor":16,"turns":11},{"damage":6,"enemies":"Shell Parasite","floor":18,"turns":3},{"damage":6,"enemies":"Chosen","floor":19,"turns":5},{"damage":19,"enemies":"Centurion and Healer","floor":20,"turns":5},{"damage":33,"enemies":"Chosen and Byrds","floor":22,"turns":5},{"damage":16,"enemies":"Book of Stabbing","floor":23,"turns":6},{"damage":7,"enemies":"Sentry and Sphere","floor":29,"turns":5},{"damage":28,"enemies":"Slavers","floor":30,"turns":5},{"damage":2,"enemies":"Snecko","floor":31,"turns":6},{"damage":6,"enemies":"Champ","floor":33,"turns":10},{"damage":0,"enemies":"3 Shapes","floor":35,"turns":3},{"damage":3,"enemies":"3 Darklings","floor":36,"turns":5},{"damage":0,"enemies":"Maw","floor":39,"turns":5},{"damage":25,"enemies":"Giant Head","floor":40,"turns":7},{"damage":6,"enemies":"Spire Growth","floor":41,"turns":4},{"damage":0,"enemies":"Sphere and 2 Shapes","floor":44,"turns":5},{"damage":11,"enemies":"Transient","floor":45,"turns":5},{"damage":12,"enemies":"Spire Growth","floor":46,"turns":4},{"damage":65,"enemies":"Time Eater","floor":50,"turns":10}],"seed_played":"-7596030032507112660","potions_obtained":[{"floor":0,"key":"SteroidPotion"},{"floor":0,"key":"Regen Potion"},{"floor":0,"key":"Ancient Potion"},{"floor":12,"key":"SteroidPotion"},{"floor":20,"key":"AttackPotion"},{"floor":22,"key":"FairyPotion"},{"floor":29,"key":"Fire Potion"},{"floor":30,"key":"Strength Potion"},{"floor":31,"key":"Regen Potion"},{"floor":35,"key":"FearPotion"},{"floor":39,"key":"Swift Potion"},{"floor":45,"key":"EssenceOfSteel"}],"is_trial":false,"path_per_floor":["M","M","M","?","M","E","R","E","T","R","?","M","$","M","R","B",null,"M","M","M","$","M","E","R","?","T","$","R","M","E","M","R","B",null,"M","M","$","?","M","E","M","R","T","M","M","M","R","$","R","B",null],"character_chosen":"IRONCLAD","items_purchased":["Anger","Pommel Strike","Oddly Smooth Stone","Body Slam","TheAbacus"],"campfire_rested":4,"item_purchase_floors":[13,13,21,37,48],"current_hp_per_floor":[80,80,80,80,77,64,80,50,50,74,74,80,80,80,80,50,80,80,80,67,67,40,30,54,54,54,54,78,77,55,59,59,80,80,80,80,80,80,80,61,61,61,61,69,66,62,62,62,62,21],"gold":11,"neow_bonus":"THREE_SMALL_POTIONS","is_prod":false,"is_daily":false,"chose_seed":false,"campfire_upgraded":5,"win_rate":0,"timestamp":1556593876,"path_taken":["M","M","M","?","?","E","R","E","T","R","?","M","?","M","R","BOSS","M","M","?","$","M","E","R","?","T","$","R","M","E","M","R","BOSS","M","M","$","?","M","E","M","R","T","M","?","M","R","?","R","BOSS"],"build_version":"2019-01-23","purchased_purges":3,"victory":true,"max_hp_per_floor":[80,80,80,80,80,80,80,80,80,80,80,80,80,80,80,80,80,80,80,80,80,80,80,80,80,80,80,80,80,80,80,80,80,80,80,80,80,80,80,80,80,80,80,80,80,80,80,80,80,80],"card_choices":[{"not_picked":["Clash","Inflame"],"picked":"Rage","floor":1},{"not_picked":["Pummel","True Grit","Intimidate"],"picked":"SKIP","floor":2},{"not_picked":["Whirlwind","Body Slam","Pommel Strike"],"picked":"SKIP","floor":3},{"not_picked":["Whirlwind","Pommel Strike"],"picked":"Body Slam","floor":3},{"not_picked":["Perfected Strike","Rampage"],"picked":"Iron Wave","floor":5},{"not_picked":["Havoc","Combust"],"picked":"Thunderclap","floor":6},{"not_picked":["Pommel Strike","Wild Strike","Brutality"],"picked":"Ghostly Armor","floor":8},{"not_picked":["Armaments","Cleave","Shockwave"],"picked":"Body Slam","floor":12},{"not_picked":["Second Wind","Flex","Cleave"],"picked":"Headbutt","floor":14},{"not_picked":["Exhume","Limit Break","Feed"],"picked":"Juggernaut","floor":16},{"not_picked":["Flex","True Grit","Intimidate"],"picked":"Flame Barrier","floor":18},{"not_picked":["Bloodletting+1","Sentinel","Feel No Pain"],"picked":"Headbutt+1","floor":19},{"not_picked":["Twin Strike","Perfected Strike+1","Limit Break"],"picked":"Metallicize","floor":20},{"not_picked":["Warcry+1","Rupture","Headbutt"],"picked":"Flame Barrier+1","floor":22},{"not_picked":["Warcry","Reaper","Carnage","Rage"],"picked":"SKIP","floor":23},{"not_picked":["Warcry","Reaper","Carnage"],"picked":"Rage","floor":23},{"not_picked":["Thunderclap","Warcry","Twin Strike"],"picked":"Metallicize+1","floor":29},{"not_picked":["Reaper","Flex","Spot Weakness","Infernal Blade"],"picked":"SKIP","floor":30},{"not_picked":["Sever Soul","Seeing Red+1","Heavy Blade"],"picked":"Shrug It Off+1","floor":31},{"not_picked":["Double Tap+1","Fiend Fire","Barricade"],"picked":"Impervious+1","floor":33},{"not_picked":["Spot Weakness+1","Rupture","Havoc+1","Hemokinesis"],"picked":"SKIP","floor":35},{"not_picked":["Flex+1","Havoc+1","Sword Boomerang+1"],"picked":"Seeing Red+1","floor":36},{"not_picked":["Cleave","Warcry+1","Pummel+1","Twin Strike+1"],"picked":"SKIP","floor":39},{"not_picked":["Exhume+1","Clothesline","Power Through+1","Seeing Red+1"],"picked":"SKIP","floor":40},{"not_picked":["Carnage","Disarm+1","Wild Strike"],"picked":"Ghostly Armor+1","floor":41},{"not_picked":["Rampage+1","Fire Breathing+1","Sever Soul+1","Inflame+1"],"picked":"SKIP","floor":44},{"not_picked":["Sword Boomerang+1","Intimidate+1","Havoc+1"],"picked":"Iron Wave","floor":45},{"not_picked":["Evolve","Anger+1","Reckless Charge+1","Clothesline+1"],"picked":"SKIP","floor":46}],"player_experience":67502,"relics_obtained":[{"floor":6,"key":"Question Card"},{"floor":8,"key":"Gambling Chip"},{"floor":9,"key":"Self Forming Clay"},{"floor":23,"key":"Matryoshka"},{"floor":23,"key":"Whetstone"},{"floor":26,"key":"Bottled Tornado"},{"floor":26,"key":"Pantograph"},{"floor":30,"key":"Paper Frog"},{"floor":30,"key":"Toxic Egg 2"},{"floor":40,"key":"Lantern"},{"floor":40,"key":"Ancient Tea Set"},{"floor":43,"key":"PreservedInsect"},{"floor":43,"key":"Blood Vial"}],"event_choices":[{"damage_healed":0,"gold_gain":0,"player_choice":"Upgraded","damage_taken":0,"max_hp_gain":0,"max_hp_loss":0,"event_name":"Upgrade Shrine","floor":4,"gold_loss":0,"cards_upgraded":["Body Slam"]},{"damage_healed":0,"gold_gain":0,"player_choice":"Gave Potion","damage_taken":0,"relics_obtained":["Dodecahedron"],"max_hp_gain":0,"max_hp_loss":0,"event_name":"WeMeetAgain","floor":11,"gold_loss":0},{"damage_healed":0,"gold_gain":0,"player_choice":"Forge","damage_taken":0,"max_hp_gain":0,"max_hp_loss":0,"event_name":"Accursed Blacksmith","floor":25,"gold_loss":0,"cards_upgraded":["Metallicize"]},{"cards_removed":["Strike_R"],"damage_healed":0,"gold_gain":0,"player_choice":"Offered Basic","damage_taken":0,"max_hp_gain":0,"max_hp_loss":0,"event_name":"Bonfire Elementals","floor":38,"gold_loss":0}],"is_beta":false,"boss_relics":[{"not_picked":["Busted Crown","Cursed Key"],"picked":"Black Star"},{"not_picked":["Fusion Hammer","Runic Cube"],"picked":"Coffee Dripper"}],"items_purged_floors":[13,27,37],"is_endless":false,"potions_floor_spawned":[1,3,5,12,20,22,29,30,31,35,39,40,45],"ascension_level":0}