{"gold_per_floor":[116,133,147,147,147,147,107,140,140,140,154,171,183,84,84,84],"floor_reached":16,"playtime":740,"items_purged":["Defend_R"],"score":102,"play_id":"7308ae94-3161-428b-b5b6-e1eec7b8a9a6","local_time":"20190616021709","is_ascension_mode":false,"campfire_choices":[{"data":"Wild Strike","floor":6,"key":"SMITH"},{"data":"Seeing Red","floor":10,"key":"SMITH"},{"data":"Havoc","floor":15,"key":"SMITH"}],"neow_cost":"NONE","seed_source_timestamp":700687414348694,"circlet_count":0,"master_deck":["Strike_R","Strike_R","Strike_R+1","Strike_R+1","Strike_R","Defend_R","Defend_R","Defend_R","Bash","Iron Wave","Seeing Red+1","Wild Strike+1","Bludgeon","Feel No Pain","Cleave","Sentinel","Havoc+1"],"relics":["Burning Blood","Letter Opener","Whetstone"],"potions_floor_usage":[12,12,13,16],"damage_taken":[{"damage":5,"enemies":"Cultist","floor":1,"turns":4},{"damage":1,"enemies":"Jaw Worm","floor":2,"turns":4},{"damage":2,"enemies":"Small Slimes","floor":3,"turns":5},{"damage":48,"enemies":"3 Sentries","floor":8,"turns":11},{"damage":2,"enemies":"Blue Slaver","floor":11,"turns":2},{"damage":0,"enemies":"Looter","floor":12,"turns":1},{"damage":0,"enemies":"Exordium Thugs","floor":13,"turns":3},{"damage":69,"enemies":"Hexaghost","floor":16,"turns":10}],"seed_played":"-1831058902328850750","potions_obtained":[{"floor":8,"key":"Explosive Potion"},{"floor":11,"key":"SteroidPotion"},{"floor":12,"key":"PowerPotion"},{"floor":13,"key":"SteroidPotion"}],"is_trial":false,"path_per_floor":["M","M","M","?","?","R","?","E","T","R","M","M","M","$","R","B"],"character_chosen":"IRONCLAD","items_purchased":["Havoc"],"campfire_rested":0,"item_purchase_floors":[14],"current_hp_per_floor":[88,88,88,88,93,93,93,51,51,51,55,61,67,67,67,0],"gold":84,"neow_bonus":"TEN_PERCENT_HP_BONUS","is_prod":false,"is_daily":false,"chose_seed":false,"campfire_upgraded":3,"win_rate":0,"timestamp":1560676629,"path_taken":["M","M","M","?","?","R","?","E","T","R","M","M","M","$","R","BOSS"],"build_version":"2019-01-23","purchased_purges":1,"victory":false,"max_hp_per_floor":[88,88,88,88,93,93,93,93,93,93,93,93,93,93,93,93],"card_choices":[{"not_picked":["Warcry","Fire Breathing"],"picked":"Iron Wave","floor":1},{"not_picked":["Evolve","Intimidate"],"picked":"Seeing Red","floor":2},{"not_picked":["Clash","Shrug It Off"],"picked":"Wild Strike","floor":3},{"not_picked":["Wild Strike","Havoc"],"picked":"Bludgeon","floor":8},{"not_picked":["Clash","Headbutt"],"picked":"Feel No Pain","floor":11},{"not_picked":["Metallicize","Wild Strike"],"picked":"Cleave","floor":12},{"not_picked":["Cleave","Spot Weakness"],"picked":"Sentinel","floor":13}],"player_experience":409422,"relics_obtained":[{"floor":8,"key":"Letter Opener"},{"floor":9,"key":"Whetstone"}],"event_choices":[{"damage_healed":0,"gold_gain":0,"player_choice":"Ignored","damage_taken":0,"max_hp_gain":0,"max_hp_loss":0,"event_name":"Shining Light","floor":4,"gold_loss":0},{"damage_healed":0,"gold_gain":0,"player_choice":"Donut","damage_taken":0,"max_hp_gain":5,"max_hp_loss":0,"event_name":"Big Fish","floor":5,"gold_loss":0},{"damage_healed":0,"gold_gain":0,"player_choice":"Left Gold","damage_taken":0,"max_hp_gain":0,"max_hp_loss":0,"event_name":"World of Goop","floor":7,"gold_loss":40}],"is_beta":false,"boss_relics":[],"items_purged_floors":[14],"is_endless":false,"potions_floor_spawned":[8,11,12,13],"killed_by":"Hexaghost","ascension_level":0}