{"gold_per_floor":[15,31,56,70,70,105,116,116,185,215,215,230,230,230,230,230],"floor_reached":16,"playtime":532,"items_purged":[],"score":190,"play_id":"d7b77b5d-4526-4532-a52f-a616703c6b7f","local_time":"20190613222045","is_ascension_mode":true,"campfire_choices":[{"data":"Heavy Blade","floor":8,"key":"SMITH"},{"data":"Second Wind","floor":11,"key":"SMITH"},{"data":"Feel No Pain","floor":13,"key":"SMITH"},{"floor":15,"key":"REST"}],"neow_cost":"NO_GOLD","seed_source_timestamp":84449666913843,"circlet_count":0,"master_deck":["AscendersBane","Strike_R","Strike_R","Strike_R","Strike_R+1","Strike_R","Defend_R","Defend_R","Defend_R","Defend_R+1","Bash","Heavy Blade+1","Carnage","Flex","Second Wind+1","Feel No Pain+1","Warcry"],"relics":["Burning Blood","Lantern","Darkstone Periapt","Bottled Lightning","Orichalcum"],"potions_floor_usage":[6,12,16,16],"damage_taken":[{"damage":7,"enemies":"Cultist","floor":1,"turns":4},{"damage":19,"enemies":"Small Slimes","floor":2,"turns":4},{"damage":2,"enemies":"Jaw Worm","floor":4,"turns":3},{"damage":6,"enemies":"Gremlin Nob","floor":6,"turns":3},{"damage":0,"enemies":"Looter","floor":7,"turns":2},{"damage":27,"enemies":"Lots of Slimes","floor":12,"turns":6},{"damage":53,"enemies":"The Guardian","floor":16,"turns":14}],"seed_played":"3624646983521167631","potions_obtained":[{"floor":2,"key":"Fire Potion"},{"floor":4,"key":"SkillPotion"},{"floor":6,"key":"Poison Potion"},{"floor":12,"key":"GamblersBrew"}],"is_trial":false,"path_per_floor":["M","M","T","M","?","E","M","R","T","?","R","M","R","?","R","B"],"character_chosen":"IRONCLAD","items_purchased":[],"campfire_rested":1,"item_purchase_floors":[],"current_hp_per_floor":[81,68,68,72,45,45,51,51,51,51,51,30,30,25,51,0],"gold":230,"neow_bonus":"TWENTY_PERCENT_HP_BONUS","is_prod":false,"is_daily":false,"chose_seed":false,"campfire_upgraded":3,"win_rate":0,"timestamp":1560489645,"path_taken":["M","M","?","M","?","E","M","R","T","?","R","M","R","?","R","BOSS"],"build_version":"2019-01-23","purchased_purges":0,"victory":false,"max_hp_per_floor":[89,89,89,89,89,89,89,89,89,89,89,89,89,89,89,89],"card_choices":[{"not_picked":["Armaments","Sword Boomerang"],"picked":"Heavy Blade","floor":1},{"not_picked":["Uppercut","Rupture"],"picked":"Carnage","floor":2},{"not_picked":["Dropkick","Iron Wave"],"picked":"Flex","floor":4},{"not_picked":["Sentinel","Iron Wave"],"picked":"Second Wind","floor":6},{"not_picked":["Iron Wave","Second Wind"],"picked":"Feel No Pain","floor":7},{"not_picked":["Fire Breathing","Rage"],"picked":"Warcry","floor":12}],"player_experience":1006330,"relics_obtained":[{"floor":3,"key":"Lantern"},{"floor":6,"key":"Darkstone Periapt"},{"floor":9,"key":"Bottled Lightning"}],"event_choices":[{"damage_healed":0,"gold_gain":0,"player_choice":"Entered Light","damage_taken":27,"max_hp_gain":0,"max_hp_loss":0,"event_name":"Shining Light","floor":5,"gold_loss":0,"cards_upgraded":["Defend_R","Strike_R"]},{"damage_healed":0,"gold_gain":30,"player_choice":"Searched \u00272\u0027 times","damage_taken":0,"max_hp_gain":0,"max_hp_loss":0,"event_name":"Dead Adventurer","floor":10,"gold_loss":0},{"damage_healed":0,"gold_gain":0,"player_choice":"Success","damage_taken":5,"relics_obtained":["Orichalcum"],"max_hp_gain":0,"max_hp_loss":0,"event_name":"Scrap Ooze","floor":14,"gold_loss":0}],"is_beta":false,"boss_relics":[],"items_purged_floors":[],"is_endless":false,"potions_floor_spawned":[2,4,6,7,12],"killed_by":"The Guardian","ascension_level":18}