{"gold_per_floor":[116,116,134,134,149,149,176,176,224,173,192,208,17,30,30,104,104,122,122,102,115,131,131,46,46],"floor_reached":25,"playtime":889,"items_purged":[],"score":396,"play_id":"28498055-62d3-40a9-8d80-37148096fca2","local_time":"20190622213301","is_ascension_mode":true,"campfire_choices":[{"data":"Uppercut","floor":6,"key":"SMITH"},{"data":"Impervious","floor":8,"key":"SMITH"},{"data":"Transmutation","floor":15,"key":"SMITH"},{"floor":23,"key":"REST"}],"neow_cost":"NONE","seed_source_timestamp":858820630976686,"circlet_count":0,"master_deck":["AscendersBane","Strike_R+1","Strike_R","Strike_R","Strike_R","Strike_R","Defend_R","Defend_R","Defend_R","Defend_R","Bash+1","Havoc+1","Uppercut+1","Feed","Impervious+1","Carnage","Warcry","Transmutation+1","Iron Wave","Demon Form","Carnage","Rampage"],"relics":["Burning Blood","NeowsBlessing","Regal Pillow","Orichalcum","Gremlin Horn","Sozu","Letter Opener"],"potions_floor_usage":[16,16,22],"damage_taken":[{"damage":0,"enemies":"Jaw Worm","floor":1,"turns":1},{"damage":0,"enemies":"Cultist","floor":3,"turns":1},{"damage":0,"enemies":"2 Louse","floor":5,"turns":1},{"damage":35,"enemies":"3 Sentries","floor":7,"turns":10},{"damage":12,"enemies":"Gremlin Gang","floor":11,"turns":5},{"damage":12,"enemies":"Looter","floor":12,"turns":4},{"damage":0,"enemies":"Exordium Wildlife","floor":14,"turns":4},{"damage":26,"enemies":"Hexaghost","floor":16,"turns":13},{"damage":36,"enemies":"Shell Parasite","floor":18,"turns":5},{"damage":7,"enemies":"Spheric Guardian","floor":21,"turns":5},{"damage":29,"enemies":"Chosen and Byrds","floor":22,"turns":7},{"damage":70,"enemies":"Slavers","floor":25,"turns":3}],"seed_played":"-7065569760462320472","potions_obtained":[{"floor":11,"key":"Dexterity Potion"},{"floor":12,"key":"Explosive Potion"},{"floor":16,"key":"Weak Potion"}],"is_trial":false,"path_per_floor":["M","?","M","?","M","R","E","R","T","?","M","M","$","M","R","B",null,"M","?","?","M","M","R","?","E"],"character_chosen":"IRONCLAD","items_purchased":["Transmutation"],"campfire_rested":1,"item_purchase_floors":[13],"current_hp_per_floor":[74,51,57,57,63,63,37,37,37,37,34,28,28,37,37,17,67,37,37,37,39,16,57,57,0],"gold":46,"neow_bonus":"THREE_ENEMY_KILL","is_prod":false,"is_daily":false,"chose_seed":false,"campfire_upgraded":3,"win_rate":0,"timestamp":1561264381,"path_taken":["M","?","M","?","?","R","E","R","T","?","?","M","$","M","R","BOSS","M","?","?","?","M","R","?","E"],"build_version":"2019-01-23","purchased_purges":0,"victory":false,"max_hp_per_floor":[75,75,75,75,75,75,78,78,78,78,81,81,81,84,84,84,84,84,84,84,87,87,87,87,87],"card_choices":[{"not_picked":["Twin Strike","Clash"],"picked":"Havoc","floor":1},{"not_picked":["Thunderclap","Seeing Red"],"picked":"Uppercut","floor":3},{"not_picked":["Disarm","Evolve"],"picked":"Feed","floor":5},{"not_picked":["Iron Wave","Evolve"],"picked":"Impervious","floor":7},{"not_picked":["Hemokinesis","Clothesline"],"picked":"Carnage","floor":11},{"not_picked":["Perfected Strike","Body Slam"],"picked":"Warcry","floor":12},{"not_picked":["Warcry","Reckless Charge"],"picked":"Iron Wave","floor":14},{"not_picked":["Reaper","Berserk"],"picked":"Demon Form","floor":16},{"not_picked":["Thunderclap","Dropkick+1"],"picked":"Carnage","floor":18},{"not_picked":["Wild Strike","Metallicize","Armaments"],"picked":"SKIP","floor":21},{"not_picked":["Wild Strike","Armaments"],"picked":"Rampage","floor":22}],"player_experience":1052924,"relics_obtained":[{"floor":7,"key":"Regal Pillow"},{"floor":9,"key":"Orichalcum"}],"event_choices":[{"damage_healed":0,"gold_gain":0,"player_choice":"Entered Light","damage_taken":23,"max_hp_gain":0,"max_hp_loss":0,"event_name":"Shining Light","floor":2,"gold_loss":0,"cards_upgraded":["Strike_R","Bash"]},{"damage_healed":0,"gold_gain":0,"player_choice":"Upgraded","damage_taken":0,"max_hp_gain":0,"max_hp_loss":0,"event_name":"Upgrade Shrine","floor":4,"gold_loss":0,"cards_upgraded":["Havoc"]},{"damage_healed":0,"gold_gain":0,"player_choice":"Paid Gold","damage_taken":0,"relics_obtained":["Gremlin Horn"],"max_hp_gain":0,"max_hp_loss":0,"event_name":"WeMeetAgain","floor":10,"gold_loss":51},{"damage_healed":0,"gold_gain":0,"player_choice":"Ignored","damage_taken":0,"max_hp_gain":0,"max_hp_loss":0,"event_name":"Beggar","floor":19,"gold_loss":0},{"damage_healed":0,"gold_gain":0,"player_choice":"Bought 1 Potion","damage_taken":0,"max_hp_gain":0,"max_hp_loss":0,"event_name":"The Woman in Blue","floor":20,"gold_loss":0},{"damage_healed":0,"gold_gain":0,"player_choice":"Obtained Relic","damage_taken":0,"relics_obtained":["Letter Opener"],"max_hp_gain":0,"max_hp_loss":0,"event_name":"Addict","floor":24,"gold_loss":85}],"is_beta":false,"boss_relics":[{"not_picked":["Empty Cage","Black Blood"],"picked":"Sozu"}],"items_purged_floors":[],"is_endless":false,"potions_floor_spawned":[11,12,14,16,21],"killed_by":"Slavers","ascension_level":19}