{"gold_per_floor":[112,122,135,153,78,78,113,131,131,131,164,181,193,193,193,267,267,278,293,6,6,23,23,48,48],"floor_reached":25,"playtime":1503,"items_purged":["Strike_G","Parasite"],"score":435,"play_id":"eb9f7e01-709a-4791-98c5-bde1cab0f7e5","local_time":"20190607203554","is_ascension_mode":true,"campfire_choices":[{"data":"Dash","floor":6,"key":"SMITH"},{"data":"Noxious Fumes","floor":15,"key":"SMITH"},{"data":"Footwork","floor":23,"key":"SMITH"}],"neow_cost":"NONE","seed_source_timestamp":536303182934446,"circlet_count":0,"master_deck":["AscendersBane","Defend_G","Defend_G","Defend_G","Defend_G","Defend_G","Strike_G","Strike_G+1","Strike_G+1","Strike_G","Survivor","Neutralize","Dash+1","Flying Knee","Quick Slash","Leg Sweep","Footwork+1","Dodge and Roll","Backstab","Well Laid Plans","Noxious Fumes+1","After Image+1","Acrobatics","Blur","Footwork+1","Infinite Blades"],"relics":["Ring of the Snake","PreservedInsect","The Courier","Shuriken","Sozu","Whetstone","Ornamental Fan"],"potions_floor_usage":[1,1,8,11,16,18],"damage_taken":[{"damage":0,"enemies":"Cultist","floor":1,"turns":5},{"damage":4,"enemies":"Jaw Worm","floor":2,"turns":6},{"damage":2,"enemies":"2 Louse","floor":3,"turns":3},{"damage":3,"enemies":"Red Slaver","floor":4,"turns":5},{"damage":14,"enemies":"3 Sentries","floor":7,"turns":12},{"damage":12,"enemies":"Exordium Wildlife","floor":8,"turns":6},{"damage":3,"enemies":"Lagavulin","floor":11,"turns":7},{"damage":10,"enemies":"Exordium Thugs","floor":12,"turns":5},{"damage":0,"enemies":"2 Fungi Beasts","floor":13,"turns":3},{"damage":11,"enemies":"Hexaghost","floor":16,"turns":11},{"damage":9,"enemies":"Shell Parasite","floor":18,"turns":7},{"damage":4,"enemies":"3 Byrds","floor":19,"turns":5},{"damage":0,"enemies":"Centurion and Healer","floor":22,"turns":10},{"damage":26,"enemies":"Gremlin Leader","floor":24,"turns":10},{"damage":25,"enemies":"Snecko","floor":25,"turns":4}],"seed_played":"-8596228783855147734","potions_obtained":[{"floor":0,"key":"Fruit Juice"},{"floor":0,"key":"AttackPotion"},{"floor":1,"key":"SpeedPotion"},{"floor":4,"key":"GamblersBrew"},{"floor":7,"key":"SkillPotion"},{"floor":13,"key":"SteroidPotion"},{"floor":16,"key":"Block Potion"}],"is_trial":false,"path_per_floor":["M","M","M","M","$","R","E","M","T","?","E","M","M","?","R","B",null,"M","M","$","?","M","R","E","M"],"character_chosen":"THE_SILENT","items_purchased":["Footwork","Whetstone"],"campfire_rested":0,"item_purchase_floors":[20,20],"current_hp_per_floor":[64,60,58,55,55,55,41,29,29,46,43,33,33,33,33,22,59,50,46,46,46,46,46,20,0],"gold":48,"neow_bonus":"THREE_SMALL_POTIONS","is_prod":false,"is_daily":false,"chose_seed":false,"campfire_upgraded":3,"win_rate":0,"timestamp":1559964954,"path_taken":["M","M","?","M","$","R","E","M","T","?","E","M","M","?","R","BOSS","M","M","?","?","M","R","E","?"],"build_version":"2019-01-23","purchased_purges":2,"victory":false,"max_hp_per_floor":[71,71,71,71,71,71,71,71,71,71,71,71,71,71,71,71,71,71,71,68,68,68,68,68,68],"card_choices":[{"not_picked":["Bane","Outmaneuver"],"picked":"Dash","floor":1},{"not_picked":["Concentrate","Riddle With Holes"],"picked":"Flying Knee","floor":2},{"not_picked":["Choke","Accuracy"],"picked":"Quick Slash","floor":3},{"not_picked":["Endless Agony","Backstab"],"picked":"Leg Sweep","floor":4},{"not_picked":["Dash","Dodge and Roll"],"picked":"Footwork","floor":7},{"not_picked":["Quick Slash","Slice"],"picked":"Dodge and Roll","floor":8},{"not_picked":["Dodge and Roll","Tools of the Trade"],"picked":"Backstab","floor":11},{"not_picked":["Dash","Endless Agony"],"picked":"Well Laid Plans","floor":12},{"not_picked":["Blade Dance","Skewer"],"picked":"Noxious Fumes","floor":13},{"not_picked":["Storm of Steel","Die Die Die"],"picked":"After Image","floor":16},{"not_picked":["Flying Knee","Dagger Spray"],"picked":"Acrobatics","floor":18},{"not_picked":["Dagger Spray","Eviscerate"],"picked":"Blur","floor":19},{"not_picked":["Slice","Deadly Poison"],"picked":"Infinite Blades","floor":22},{"not_picked":["Skewer","Venomology","Setup"],"picked":"SKIP","floor":24}],"player_experience":968311,"relics_obtained":[{"floor":7,"key":"PreservedInsect"},{"floor":9,"key":"The Courier"},{"floor":11,"key":"Shuriken"},{"floor":24,"key":"Ornamental Fan"}],"event_choices":[{"damage_healed":17,"gold_gain":0,"player_choice":"Healed and dodged fight","damage_taken":0,"max_hp_gain":0,"max_hp_loss":0,"event_name":"Mushrooms","floor":10,"gold_loss":0,"cards_obtained":["Parasite"]},{"damage_healed":0,"gold_gain":0,"player_choice":"Upgraded","damage_taken":0,"max_hp_gain":0,"max_hp_loss":0,"event_name":"Upgrade Shrine","floor":14,"gold_loss":0,"cards_upgraded":["Footwork"]},{"damage_healed":0,"gold_gain":0,"player_choice":"Upgraded","damage_taken":0,"max_hp_gain":0,"max_hp_loss":0,"event_name":"Upgrade Shrine","floor":21,"gold_loss":0,"cards_upgraded":["After Image"]}],"is_beta":false,"boss_relics":[{"not_picked":["Philosopher\u0027s Stone","Black Star"],"picked":"Sozu"}],"items_purged_floors":[5,20],"is_endless":false,"potions_floor_spawned":[1,4,7,13,16,19,24],"killed_by":"Snecko","ascension_level":17}