{"gold_per_floor":[116,116,41,61,61,93,93,108,131,142,154,189,189,47,47,47],"floor_reached":16,"playtime":460,"items_purged":["Decay"],"score":196,"play_id":"ea84c27e-eeff-4269-8057-1059851b957e","local_time":"20190225092701","is_ascension_mode":true,"campfire_choices":[{"data":"Masterful Stab","floor":7,"key":"SMITH"},{"floor":13,"key":"REST"},{"data":"After Image","floor":15,"key":"SMITH"}],"neow_cost":"NONE","seed_source_timestamp":828854218966408,"circlet_count":0,"master_deck":["Defend_G","Defend_G","Defend_G","Defend_G","Defend_G","Strike_G","Strike_G","Strike_G","Strike_G","Strike_G","Survivor","Neutralize","Masterful Stab+1","Dagger Spray","Footwork","Terror","Leg Sweep","Skewer","Escape Plan","After Image+1"],"relics":["Ring of the Snake","NeowsBlessing","CultistMask","Dream Catcher","PreservedInsect","Gremlin Horn"],"potions_floor_usage":[],"damage_taken":[{"damage":0,"enemies":"Jaw Worm","floor":1,"turns":1},{"damage":0,"enemies":"Cultist","floor":4,"turns":1},{"damage":0,"enemies":"Lagavulin","floor":6,"turns":1},{"damage":0,"enemies":"2 Louse","floor":8,"turns":2},{"damage":4,"enemies":"Red Slaver","floor":10,"turns":4},{"damage":0,"enemies":"2 Fungi Beasts","floor":11,"turns":2},{"damage":16,"enemies":"Gremlin Nob","floor":12,"turns":3},{"damage":65,"enemies":"Hexaghost","floor":16,"turns":17}],"seed_played":"-1577452834771623671","potions_obtained":[{"floor":4,"key":"Energy Potion"},{"floor":8,"key":"Energy Potion"},{"floor":11,"key":"Fire Potion"}],"is_trial":false,"path_per_floor":["M","?","$","M","?","E","R","M","T","M","M","E","R","$","R","B"],"character_chosen":"THE_SILENT","items_purchased":["After Image"],"campfire_rested":1,"item_purchase_floors":[14],"current_hp_per_floor":[63,63,63,63,63,63,63,63,63,59,59,43,64,64,64,0],"gold":47,"neow_bonus":"THREE_ENEMY_KILL","is_prod":false,"is_daily":false,"chose_seed":false,"campfire_upgraded":2,"win_rate":0,"timestamp":1551104821,"path_taken":["M","?","?","M","?","E","R","M","T","M","?","E","R","$","R","BOSS"],"build_version":"2019-01-23","purchased_purges":1,"victory":false,"max_hp_per_floor":[70,70,70,70,70,70,70,70,70,70,70,70,70,70,70,70],"card_choices":[{"not_picked":["Dagger Throw","Flechettes"],"picked":"Masterful Stab","floor":1},{"not_picked":["Flying Knee","Dagger Throw"],"picked":"Dagger Spray","floor":4},{"not_picked":["Slice","Calculated Gamble","Acrobatics"],"picked":"SKIP","floor":6},{"not_picked":["Acrobatics","Riddle With Holes"],"picked":"Footwork","floor":8},{"not_picked":["Acrobatics","Caltrops"],"picked":"Terror","floor":10},{"not_picked":["Calculated Gamble","Deflect"],"picked":"Leg Sweep","floor":11},{"not_picked":["Setup","Prepared"],"picked":"Skewer","floor":12},{"not_picked":["Deadly Poison","All Out Attack"],"picked":"Escape Plan","floor":13}],"player_experience":320003,"relics_obtained":[{"floor":6,"key":"Dream Catcher"},{"floor":9,"key":"PreservedInsect"},{"floor":12,"key":"Gremlin Horn"}],"event_choices":[{"damage_healed":0,"gold_gain":0,"player_choice":"Cursed","damage_taken":0,"max_hp_gain":0,"max_hp_loss":0,"event_name":"Wheel of Change","floor":2,"gold_loss":0,"cards_obtained":["Decay"]},{"damage_healed":0,"gold_gain":0,"player_choice":"Trade","damage_taken":0,"relics_obtained":["CultistMask"],"max_hp_gain":0,"max_hp_loss":0,"event_name":"FaceTrader","floor":5,"gold_loss":0}],"is_beta":false,"boss_relics":[],"items_purged_floors":[3],"is_endless":false,"potions_floor_spawned":[4,8,11],"killed_by":"Hexaghost","ascension_level":9}