{"gold_per_floor":[219,238,313,313,23,50,50,80,80,80,80],"floor_reached":11,"playtime":304,"items_purged":[],"score":138,"play_id":"02b2c10a-b583-4613-ae38-b347714a4cdf","local_time":"20190503170237","is_ascension_mode":true,"campfire_choices":[{"floor":7,"key":"REST"}],"neow_cost":"NONE","seed_source_timestamp":593883837381273,"circlet_count":0,"master_deck":["AscendersBane","Strike_B","Strike_B","Strike_B","Strike_B","Defend_B","Defend_B","Defend_B","Defend_B","Zap","Dualcast","Streamline","Hologram+1","Conserve Battery","Leap","Defragment"],"relics":["Cracked Core","Symbiotic Virus","Du-Vu Doll","Shuriken","Meat on the Bone"],"potions_floor_usage":[6,8],"damage_taken":[{"damage":1,"enemies":"Cultist","floor":1,"turns":4},{"damage":18,"enemies":"2 Louse","floor":2,"turns":3},{"damage":16,"enemies":"Lagavulin","floor":6,"turns":6},{"damage":34,"enemies":"Gremlin Nob","floor":8,"turns":4},{"damage":13,"enemies":"3 Sentries","floor":11,"turns":2}],"seed_played":"3614905985642979655","potions_obtained":[{"floor":2,"key":"Energy Potion"},{"floor":6,"key":"Fire Potion"}],"is_trial":false,"path_per_floor":["M","M","?","?","$","E","R","E","T","?","E"],"character_chosen":"DEFECT","items_purchased":["Conserve Battery","Symbiotic Virus"],"campfire_rested":1,"item_purchase_floors":[5,5],"current_hp_per_floor":[63,45,34,34,34,18,39,5,5,5,0],"gold":80,"neow_bonus":"HUNDRED_GOLD","is_prod":false,"is_daily":false,"chose_seed":false,"campfire_upgraded":0,"win_rate":0,"timestamp":1556928157,"path_taken":["M","M","?","?","$","E","R","E","T","?","E"],"build_version":"2019-01-23","purchased_purges":0,"victory":false,"max_hp_per_floor":[71,71,71,71,71,71,71,71,71,71,71],"card_choices":[{"not_picked":["Sweeping Beam","Steam"],"picked":"Streamline","floor":1},{"not_picked":["Barrage","Cold Snap"],"picked":"Hologram","floor":2},{"not_picked":["Beam Cell","Coolheaded"],"picked":"Leap","floor":6},{"not_picked":["Redo","Turbo"],"picked":"Defragment","floor":8}],"player_experience":894035,"relics_obtained":[{"floor":6,"key":"Du-Vu Doll"},{"floor":8,"key":"Shuriken"},{"floor":9,"key":"Meat on the Bone"}],"event_choices":[{"damage_healed":0,"gold_gain":75,"player_choice":"Gather Gold","damage_taken":11,"max_hp_gain":0,"max_hp_loss":0,"event_name":"World of Goop","floor":3,"gold_loss":0},{"damage_healed":0,"gold_gain":0,"player_choice":"Grow","damage_taken":0,"max_hp_gain":0,"max_hp_loss":0,"event_name":"Living Wall","floor":4,"gold_loss":0,"cards_upgraded":["Hologram"]},{"damage_healed":0,"gold_gain":0,"player_choice":"Ignored","damage_taken":0,"max_hp_gain":0,"max_hp_loss":0,"event_name":"Shining Light","floor":10,"gold_loss":0}],"is_beta":false,"boss_relics":[],"items_purged_floors":[],"is_endless":false,"potions_floor_spawned":[2,6],"killed_by":"3 Sentries","ascension_level":15}