{"gold_per_floor":[115,215,231,156,156,156,182,182,182,200,211,225,225,241,241,319,319,331,331],"floor_reached":19,"playtime":589,"items_purged":["Writhe"],"score":287,"play_id":"993d3c9d-8ea3-4f6b-a19d-63a57c3c530e","local_time":"20181119234518","is_ascension_mode":true,"campfire_choices":[{"data":"Cleave","floor":6,"key":"SMITH"},{"floor":15,"key":"DIG"}],"neow_cost":"CURSE","seed_source_timestamp":22379839369213,"circlet_count":0,"master_deck":["AscendersBane","Bash","Shrug It Off","Cleave+1","Infernal Blade","Thunderclap","Shockwave","Limit Break","Armaments","Cleave","Dropkick","Heavy Blade","Anger","Whirlwind","Perfected Strike","Headbutt","Inflame","Inflame"],"relics":["Burning Blood","Torii","Omamori","Shovel","Anchor","Pandora\u0027s Box"],"potions_floor_usage":[7,16,16],"damage_taken":[{"damage":13,"enemies":"2 Louse","floor":1,"turns":3},{"damage":9,"enemies":"Cultist","floor":3,"turns":5},{"damage":24,"enemies":"Lagavulin","floor":7,"turns":5},{"damage":10,"enemies":"Small Slimes","floor":10,"turns":3},{"damage":2,"enemies":"2 Fungi Beasts","floor":11,"turns":3},{"damage":14,"enemies":"Large Slime","floor":12,"turns":7},{"damage":6,"enemies":"Gremlin Gang","floor":14,"turns":3},{"damage":35,"enemies":"Slime Boss","floor":16,"turns":8},{"damage":32,"enemies":"Shell Parasite","floor":18,"turns":5},{"damage":42,"enemies":"Colosseum Slavers","floor":19,"turns":3}],"seed_played":"161187748767657906","potions_obtained":[{"floor":3,"key":"SteroidPotion"},{"floor":11,"key":"PowerPotion"},{"floor":12,"key":"EssenceOfSteel"},{"floor":14,"key":"Block Potion"}],"is_trial":false,"path_per_floor":["M","?","M","$","$","R","E","$","T","M","M","M","?","M","R","B",null,"M","?"],"character_chosen":"IRONCLAD","items_purchased":[],"campfire_rested":0,"item_purchase_floors":[],"current_hp_per_floor":[61,61,58,58,58,58,40,40,40,36,40,32,50,50,50,21,62,36,0],"gold":331,"neow_bonus":"ONE_RARE_RELIC","is_prod":false,"is_daily":false,"chose_seed":false,"campfire_upgraded":1,"win_rate":0,"timestamp":1542699918,"path_taken":["M","?","M","?","$","R","E","$","T","M","?","M","?","M","R","BOSS","M","?"],"build_version":"2018-11-15","purchased_purges":1,"victory":false,"max_hp_per_floor":[75,75,75,75,75,75,75,75,75,75,75,75,75,75,75,75,75,75,75],"card_choices":[{"not_picked":["Havoc","Body Slam"],"picked":"Shrug It Off","floor":1},{"not_picked":["Havoc","Clothesline"],"picked":"Cleave","floor":3},{"not_picked":["Headbutt","Body Slam"],"picked":"Infernal Blade","floor":7},{"not_picked":["Combust","Shockwave"],"picked":"Thunderclap","floor":10},{"not_picked":["Perfected Strike","Clash","Flex"],"picked":"SKIP","floor":11},{"not_picked":["Body Slam","Hemokinesis"],"picked":"Shockwave","floor":12},{"not_picked":["Heavy Blade","Pummel","Warcry"],"picked":"SKIP","floor":14},{"not_picked":["Barricade","Demon Form"],"picked":"Limit Break","floor":16},{"not_picked":["True Grit+1","Havoc"],"picked":"Inflame","floor":18}],"player_experience":799448,"relics_obtained":[{"floor":7,"key":"Omamori"},{"floor":9,"key":"Shovel"},{"floor":15,"key":"Anchor"}],"event_choices":[{"damage_healed":0,"gold_gain":100,"player_choice":"Pray","damage_taken":0,"max_hp_gain":0,"max_hp_loss":0,"event_name":"Golden Shrine","floor":2,"gold_loss":0},{"damage_healed":18,"gold_gain":0,"player_choice":"Healed and dodged fight","damage_taken":0,"max_hp_gain":0,"max_hp_loss":0,"event_name":"Mushrooms","floor":13,"gold_loss":0,"cards_obtained":["Parasite"]},{"damage_healed":0,"gold_gain":0,"player_choice":"Fight","damage_taken":0,"max_hp_gain":0,"max_hp_loss":0,"event_name":"Colosseum","floor":19,"gold_loss":0}],"is_beta":false,"boss_relics":[{"not_picked":["Lizard Tail","Black Blood"],"picked":"Pandora\u0027s Box"}],"items_purged_floors":[4],"is_endless":false,"potions_floor_spawned":[3,11,12,14],"killed_by":"Colosseum Slavers","ascension_level":14}