{"gold_per_floor":[114,64,15,15,15,190,190,226,226,226,226,262,262,337,337,431,431,456,456,456,371,359,359,359,140,170,270,270,291,291,338,338,431,431,454,454,454,214,547,547,547],"floor_reached":41,"playtime":944,"items_purged":[],"score":789,"play_id":"2d24879f-d8a7-4999-bf57-baab5d014465","local_time":"20190428124217","is_ascension_mode":true,"campfire_choices":[{"data":"Shrug It Off","floor":7,"key":"SMITH"},{"data":"Reaper","floor":13,"key":"SMITH"},{"floor":15,"key":"REST"},{"data":"Spot Weakness","floor":23,"key":"SMITH"},{"floor":28,"key":"REST"},{"data":"Inflame","floor":30,"key":"SMITH"},{"data":"Inflame","floor":32,"key":"SMITH"},{"data":"Ghostly Armor","floor":40,"key":"SMITH"}],"neow_cost":"NONE","seed_source_timestamp":145620977375569,"circlet_count":0,"master_deck":["AscendersBane","Strike_R","Strike_R","Strike_R","Strike_R","Defend_R+1","Defend_R+1","Defend_R","Bash","Shrug It Off+1","Pummel","Reaper+1","Impervious","Inflame+1","Spot Weakness+1","Inflame+1","Uppercut+1","Immolate","Cleave","Ghostly Armor+1","Entrench+1","Impervious"],"relics":["Burning Blood","NeowsBlessing","Matryoshka","Juzu Bracelet","Boot","Letter Opener","Darkstone Periapt","Sozu","Incense Burner","Spirit Poop","Mercury Hourglass","Bronze Scales","Happy Flower","Tiny Chest","Bag of Marbles","Orrery","Bottled Tornado","Meat on the Bone"],"potions_floor_usage":[16,16,18],"damage_taken":[{"damage":0,"enemies":"Jaw Worm","floor":1,"turns":1},{"damage":0,"enemies":"Gremlin Nob","floor":8,"turns":1},{"damage":0,"enemies":"3 Sentries","floor":12,"turns":1},{"damage":26,"enemies":"Hexaghost","floor":16,"turns":9},{"damage":14,"enemies":"Chosen","floor":18,"turns":6},{"damage":14,"enemies":"2 Thieves","floor":22,"turns":4},{"damage":46,"enemies":"Colosseum Slavers","floor":24,"turns":4},{"damage":0,"enemies":"Chosen and Byrds","floor":29,"turns":4},{"damage":43,"enemies":"Champ","floor":33,"turns":9},{"damage":9,"enemies":"Orb Walker","floor":35,"turns":3},{"damage":63,"enemies":"Giant Head","floor":41,"turns":7}],"seed_played":"909206647101442894","potions_obtained":[{"floor":1,"key":"Poison Potion"},{"floor":8,"key":"PowerPotion"},{"floor":16,"key":"GamblersBrew"}],"is_trial":false,"path_per_floor":["M","?","$","?","?","?","R","E","T","?","?","E","R","?","R","B",null,"M","?","?","?","M","R","?","$","T","?","R","M","R","T","R","B",null,"M","T","?","$","?","R","E"],"character_chosen":"IRONCLAD","items_purchased":["Explosive Potion","Inflame","Bronze Scales","Meat on the Bone"],"campfire_rested":2,"item_purchase_floors":[3,25,25,38],"current_hp_per_floor":[74,74,74,49,49,49,49,55,55,41,41,47,47,36,56,36,61,58,58,58,58,61,61,29,29,29,29,49,68,68,68,68,47,64,61,61,61,61,61,61,0],"gold":547,"neow_bonus":"THREE_ENEMY_KILL","is_prod":false,"is_daily":false,"chose_seed":false,"campfire_upgraded":6,"win_rate":0,"timestamp":1556480537,"path_taken":["M","?","$","?","?","?","R","E","T","?","?","E","R","?","R","BOSS","M","?","?","?","M","R","?","?","T","?","R","M","R","?","R","BOSS","M","?","?","$","?","R","E"],"build_version":"2019-01-23","purchased_purges":0,"victory":false,"max_hp_per_floor":[75,75,75,75,69,69,69,69,69,69,69,69,69,69,69,69,69,69,69,69,69,69,69,69,69,69,69,69,69,69,69,69,69,69,69,69,69,69,69,69,69],"card_choices":[{"not_picked":["Thunderclap","Pommel Strike"],"picked":"Shrug It Off","floor":1},{"not_picked":["Dropkick","Thunderclap"],"picked":"Pummel","floor":8},{"not_picked":["Battle Trance","Sever Soul"],"picked":"Reaper","floor":12},{"not_picked":["Immolate","Exhume"],"picked":"Impervious","floor":16},{"not_picked":["Sever Soul","Heavy Blade"],"picked":"Inflame","floor":18},{"not_picked":["Power Through","Cleave"],"picked":"Spot Weakness","floor":22},{"not_picked":["Burning Pact","Bloodletting"],"picked":"Uppercut+1","floor":29},{"not_picked":["Demon Form","Double Tap"],"picked":"Immolate","floor":33},{"not_picked":["Fire Breathing","Pommel Strike"],"picked":"Cleave","floor":34},{"not_picked":["Seeing Red","Evolve"],"picked":"Ghostly Armor","floor":34},{"not_picked":["Rampage","Perfected Strike"],"picked":"Entrench+1","floor":34},{"not_picked":["Rupture","Clash"],"picked":"Impervious","floor":35}],"player_experience":838577,"relics_obtained":[{"floor":8,"key":"Juzu Bracelet"},{"floor":9,"key":"Boot"},{"floor":9,"key":"Letter Opener"},{"floor":12,"key":"Darkstone Periapt"},{"floor":26,"key":"Happy Flower"},{"floor":26,"key":"Tiny Chest"},{"floor":31,"key":"Bag of Marbles"},{"floor":36,"key":"Bottled Tornado"}],"event_choices":[{"cards_removed":["Defend_R"],"damage_healed":0,"gold_gain":0,"player_choice":"Card Removal","damage_taken":0,"max_hp_gain":0,"max_hp_loss":0,"event_name":"The Cleric","floor":2,"gold_loss":50},{"damage_healed":0,"gold_gain":0,"player_choice":"Success","damage_taken":25,"relics_obtained":["Matryoshka"],"max_hp_gain":0,"max_hp_loss":0,"event_name":"Scrap Ooze","floor":4,"gold_loss":0},{"damage_healed":0,"gold_gain":0,"player_choice":"Lose Max HP","damage_taken":0,"relics_obtained":["Golden Idol"],"max_hp_gain":0,"max_hp_loss":6,"event_name":"Golden Idol","floor":5,"gold_loss":0},{"damage_healed":0,"gold_gain":175,"player_choice":"AGREE","damage_taken":0,"max_hp_gain":0,"max_hp_loss":0,"event_name":"Liars Game","floor":6,"gold_loss":0,"cards_obtained":["Doubt"]},{"damage_healed":0,"gold_gain":0,"player_choice":"Entered Light","damage_taken":14,"max_hp_gain":0,"max_hp_loss":0,"event_name":"Shining Light","floor":10,"gold_loss":0,"cards_upgraded":["Defend_R","Defend_R"]},{"damage_healed":0,"gold_gain":0,"player_choice":"Bought 0 Potions","damage_taken":0,"max_hp_gain":0,"max_hp_loss":0,"event_name":"The Woman in Blue","floor":11,"gold_loss":0},{"damage_healed":0,"gold_gain":75,"player_choice":"Gather Gold","damage_taken":11,"max_hp_gain":0,"max_hp_loss":0,"event_name":"World of Goop","floor":14,"gold_loss":0},{"damage_healed":0,"gold_gain":0,"player_choice":"Opened","damage_taken":0,"relics_obtained":["Incense Burner"],"max_hp_gain":0,"max_hp_loss":0,"event_name":"The Mausoleum","floor":19,"gold_loss":0},{"cards_removed":["Doubt"],"damage_healed":0,"gold_gain":0,"player_choice":"Offered Curse","damage_taken":0,"relics_obtained":["Spirit Poop"],"max_hp_gain":0,"max_hp_loss":0,"event_name":"Bonfire Elementals","floor":20,"gold_loss":0},{"damage_healed":0,"gold_gain":0,"player_choice":"Obtained Relic","damage_taken":0,"relics_obtained":["Mercury Hourglass"],"max_hp_gain":0,"max_hp_loss":0,"event_name":"Addict","floor":21,"gold_loss":85},{"damage_healed":0,"gold_gain":0,"player_choice":"Fight","damage_taken":0,"max_hp_gain":0,"max_hp_loss":0,"event_name":"Colosseum","floor":24,"gold_loss":0},{"damage_healed":0,"gold_gain":0,"player_choice":"Fled From Nobs","damage_taken":0,"max_hp_gain":0,"max_hp_loss":0,"event_name":"Colosseum","floor":24,"gold_loss":0},{"damage_healed":0,"gold_gain":100,"player_choice":"Pray","damage_taken":0,"max_hp_gain":0,"max_hp_loss":0,"event_name":"Golden Shrine","floor":27,"gold_loss":0},{"cards_removed":["Strike_R"],"damage_healed":0,"gold_gain":0,"player_choice":"Removed Attack","damage_taken":0,"max_hp_gain":0,"max_hp_loss":0,"event_name":"Falling","floor":37,"gold_loss":0},{"damage_healed":0,"gold_gain":333,"player_choice":"Gave Idol","damage_taken":0,"max_hp_gain":0,"max_hp_loss":0,"event_name":"The Moai Head","floor":39,"relics_lost":["Golden Idol"],"gold_loss":0}],"is_beta":false,"boss_relics":[{"not_picked":["Black Star","Black Blood"],"picked":"Sozu"},{"not_picked":["Runic Dome","White Beast Statue"],"picked":"Orrery"}],"items_purged_floors":[],"is_endless":false,"potions_floor_spawned":[1,8,16,22,24,33,35],"killed_by":"Giant Head","ascension_level":14}