{"gold_per_floor":[139,156,171,190,207,207,232,232,232,265,276,276,292,308,308,308],"floor_reached":16,"playtime":1176,"items_purged":[],"score":116,"play_id":"baa4640f-f335-44d3-8973-885672efca7a","local_time":"20190505181041","is_ascension_mode":false,"campfire_choices":[{"data":"Rage","floor":6,"key":"SMITH"},{"floor":8,"key":"REST"},{"floor":12,"key":"REST"},{"data":"Thunderclap","floor":15,"key":"SMITH"}],"neow_cost":"NONE","seed_source_timestamp":636036549073115,"circlet_count":0,"master_deck":["Strike_R","Strike_R","Strike_R","Strike_R","Strike_R","Defend_R","Defend_R","Defend_R","Defend_R","Bash","Rage+1","Headbutt","Headbutt","Flame Barrier","Pommel Strike","Whirlwind","Pommel Strike","Thunderclap+1","Carnage","Cleave"],"relics":["Burning Blood","Tiny Chest","Prayer Wheel","Blue Candle","Pantograph"],"potions_floor_usage":[7,10,11,16],"damage_taken":[{"damage":10,"enemies":"Jaw Worm","floor":1,"turns":4},{"damage":0,"enemies":"2 Louse","floor":2,"turns":4},{"damage":4,"enemies":"Small Slimes","floor":3,"turns":4},{"damage":11,"enemies":"Blue Slaver","floor":4,"turns":5},{"damage":16,"enemies":"Exordium Thugs","floor":5,"turns":5},{"damage":22,"enemies":"3 Sentries","floor":7,"turns":7},{"damage":32,"enemies":"Lagavulin","floor":10,"turns":8},{"damage":9,"enemies":"Large Slime","floor":11,"turns":6},{"damage":0,"enemies":"Looter","floor":13,"turns":3},{"damage":8,"enemies":"2 Fungi Beasts","floor":14,"turns":3},{"damage":87,"enemies":"The Guardian","floor":16,"turns":12}],"seed_played":"3706695611749175256","potions_obtained":[{"floor":1,"key":"SneckoOil"},{"floor":2,"key":"Strength Potion"},{"floor":7,"key":"SpeedPotion"},{"floor":10,"key":"Dexterity Potion"}],"is_trial":false,"path_per_floor":["M","M","M","M","M","R","E","R","T","E","M","R","M","M","R","B"],"character_chosen":"IRONCLAD","items_purchased":[],"campfire_rested":2,"item_purchase_floors":[],"current_hp_per_floor":[76,80,80,75,65,65,49,73,73,47,44,68,74,72,72,0],"gold":308,"neow_bonus":"RANDOM_COMMON_RELIC","is_prod":false,"is_daily":false,"chose_seed":false,"campfire_upgraded":2,"win_rate":0,"timestamp":1557105041,"path_taken":["M","M","M","M","M","R","E","R","T","E","M","R","M","M","R","BOSS"],"build_version":"2019-01-23","purchased_purges":0,"victory":false,"max_hp_per_floor":[80,80,80,80,80,80,80,80,80,80,80,80,80,80,80,80],"card_choices":[{"not_picked":["Fire Breathing","Heavy Blade"],"picked":"Rage","floor":1},{"not_picked":["Evolve","Burning Pact"],"picked":"Headbutt","floor":2},{"not_picked":["Wild Strike","Sever Soul","Warcry"],"picked":"SKIP","floor":3},{"not_picked":["Clash","Thunderclap","Flex"],"picked":"SKIP","floor":4},{"not_picked":["Clash","Brutality"],"picked":"Headbutt","floor":5},{"not_picked":["Havoc","Warcry"],"picked":"Flame Barrier","floor":7},{"not_picked":["Iron Wave","Clash"],"picked":"Pommel Strike","floor":10},{"not_picked":["Sword Boomerang","Sentinel"],"picked":"Whirlwind","floor":11},{"not_picked":["Twin Strike","Dropkick"],"picked":"Pommel Strike","floor":11},{"not_picked":["Intimidate","Power Through"],"picked":"Thunderclap","floor":13},{"not_picked":["Whirlwind","Inflame","Power Through"],"picked":"SKIP","floor":13},{"not_picked":["Twin Strike","Searing Blow"],"picked":"Carnage","floor":14},{"not_picked":["Perfected Strike","Bludgeon"],"picked":"Cleave","floor":14}],"player_experience":112489,"relics_obtained":[{"floor":7,"key":"Prayer Wheel"},{"floor":9,"key":"Blue Candle"},{"floor":10,"key":"Pantograph"}],"event_choices":[],"is_beta":false,"boss_relics":[],"items_purged_floors":[],"is_endless":false,"potions_floor_spawned":[1,2,7,10],"killed_by":"The Guardian","ascension_level":0}