{"gold_per_floor":[115,190,155,48,65,65,100,100,100,138,169,189,209,209,209,209],"floor_reached":16,"playtime":593,"items_purged":[],"score":253,"play_id":"b586164d-837d-4039-8dec-84f78de07798","local_time":"20190619201651","is_ascension_mode":true,"campfire_choices":[{"data":"Enlightenment","floor":6,"key":"SMITH"},{"floor":15,"key":"REST"}],"neow_cost":"NONE","seed_source_timestamp":595350737689096,"circlet_count":0,"master_deck":["AscendersBane","Strike_B","Strike_B","Strike_B","Strike_B","Defend_B","Defend_B","Defend_B","Defend_B","Zap","Dualcast","Coolheaded","Enlightenment+1","Undo","Darkness","Hologram","BootSequence","Glacier"],"relics":["Cracked Core","NeowsBlessing","Shuriken","Golden Idol","Symbiotic Virus","Odd Mushroom","Blood Vial"],"potions_floor_usage":[10,11,12],"damage_taken":[{"damage":0,"enemies":"Jaw Worm","floor":1,"turns":1},{"damage":0,"enemies":"Small Slimes","floor":5,"turns":1},{"damage":0,"enemies":"Gremlin Nob","floor":7,"turns":1},{"damage":35,"enemies":"The Mushroom Lair","floor":10,"turns":5},{"damage":21,"enemies":"Lagavulin","floor":11,"turns":6},{"damage":5,"enemies":"2 Louse","floor":12,"turns":2},{"damage":0,"enemies":"Looter","floor":13,"turns":3},{"damage":31,"enemies":"The Guardian","floor":16,"turns":11}],"seed_played":"-4403446589461726852","potions_obtained":[{"floor":7,"key":"Poison Potion"},{"floor":10,"key":"SteroidPotion"},{"floor":11,"key":"Poison Potion"}],"is_trial":false,"path_per_floor":["M","?","?","$","M","R","E","?","T","?","E","M","M","?","R","B"],"character_chosen":"DEFECT","items_purchased":["Enlightenment"],"campfire_rested":1,"item_purchase_floors":[4],"current_hp_per_floor":[64,53,70,70,70,70,70,64,64,29,8,5,7,7,26,0],"gold":209,"neow_bonus":"THREE_ENEMY_KILL","is_prod":false,"is_daily":false,"chose_seed":false,"campfire_upgraded":1,"win_rate":0,"timestamp":1561000611,"path_taken":["M","?","?","?","M","R","E","?","T","?","E","M","M","?","R","BOSS"],"build_version":"2019-01-23","purchased_purges":0,"victory":false,"max_hp_per_floor":[71,71,71,71,71,71,71,64,64,64,64,64,64,64,64,64],"card_choices":[{"not_picked":["Stack","Sweeping Beam"],"picked":"Coolheaded","floor":1},{"not_picked":["Storm","Go for the Eyes","Beam Cell"],"picked":"SKIP","floor":5},{"not_picked":["Blizzard","Turbo"],"picked":"Undo","floor":7},{"not_picked":["Aggregate","Capacitor"],"picked":"Darkness","floor":10},{"not_picked":["Melter","Beam Cell"],"picked":"Hologram","floor":11},{"not_picked":["Double Energy","Fusion"],"picked":"BootSequence","floor":12},{"not_picked":["Doom and Gloom","Gash"],"picked":"Glacier","floor":13}],"player_experience":1043934,"relics_obtained":[{"floor":7,"key":"Shuriken"},{"floor":9,"key":"Symbiotic Virus"},{"floor":10,"key":"Odd Mushroom"},{"floor":11,"key":"Blood Vial"}],"event_choices":[{"damage_healed":0,"gold_gain":75,"player_choice":"Gather Gold","damage_taken":11,"max_hp_gain":0,"max_hp_loss":0,"event_name":"World of Goop","floor":2,"gold_loss":0},{"damage_healed":17,"gold_gain":0,"player_choice":"Healed","damage_taken":0,"max_hp_gain":0,"max_hp_loss":0,"event_name":"The Cleric","floor":3,"gold_loss":35},{"damage_healed":0,"gold_gain":0,"player_choice":"Lose Max HP","damage_taken":0,"relics_obtained":["Golden Idol"],"max_hp_gain":0,"max_hp_loss":7,"event_name":"Golden Idol","floor":8,"gold_loss":0},{"damage_healed":0,"gold_gain":0,"player_choice":"Fought Mushrooms","damage_taken":0,"max_hp_gain":0,"max_hp_loss":0,"event_name":"Mushrooms","floor":10,"gold_loss":0},{"damage_healed":0,"gold_gain":0,"player_choice":"Searched \u00270\u0027 times","damage_taken":0,"max_hp_gain":0,"max_hp_loss":0,"event_name":"Dead Adventurer","floor":14,"gold_loss":0}],"is_beta":false,"boss_relics":[],"items_purged_floors":[],"is_endless":false,"potions_floor_spawned":[7,10,11],"killed_by":"The Guardian","ascension_level":18}