{"gold_per_floor":[119,138,149,159,84,84,95,109,109,109,144,160,193,212,212,311,311,266,266,266,266,139,139,139,14,14,14,14,14,14,14,14,14,14,14,14,14,14,14,14,14,14,14,14,14,14,14,14,14,14],"floor_reached":50,"playtime":3023,"items_purged":["Defend_G","Strike_G","Defend_G"],"score":462,"play_id":"8ee9e3df-d0ca-4d11-9da5-ef6dfb839e77","local_time":"20190615193036","is_ascension_mode":false,"campfire_choices":[{"data":"Skewer","floor":6.0,"key":"SMITH"},{"floor":10.0,"key":"DIG"},{"data":"Adrenaline","floor":15.0,"key":"SMITH"},{"data":"Terror","floor":23.0,"key":"SMITH"},{"floor":28.0,"key":"DIG"},{"data":"Concentrate","floor":32.0,"key":"SMITH"},{"floor":40,"key":"DIG"},{"data":"Reflex","floor":44,"key":"SMITH"},{"data":"Tactician","floor":47,"key":"SMITH"},{"floor":49,"key":"RECALL"}],"neow_cost":"NONE","seed_source_timestamp":0,"circlet_count":0,"master_deck":["Defend_G","Defend_G","Defend_G","Strike_G","Strike_G","Survivor","Neutralize","Skewer+1","Cloak And Dagger","Well Laid Plans","Footwork","Quick Slash","Concentrate+1","Adrenaline+1","Wraith Form v2","Terror+1","Flying Knee","Dagger Throw+1","Reflex+1","Quick Slash+1","Prepared+1","Reflex+1","Skewer+1","Escape Plan","Eviscerate+1","Tactician+1"],"special_seed":0,"relics":["Philosopher\u0027s Stone","Shovel","Mercury Hourglass","Pantograph","Tough Bandages","Ectoplasm","MutagenicStrength","Blood Vial","Sundial","Empty Cage","Boot","Vajra"],"potions_floor_usage":[46,50],"damage_taken":[{"damage":0.0,"enemies":"Cultist","floor":1.0,"turns":4.0},{"damage":0.0,"enemies":"2 Louse","floor":2.0,"turns":3.0},{"damage":1.0,"enemies":"Small Slimes","floor":3.0,"turns":3.0},{"damage":0.0,"enemies":"Blue Slaver","floor":4.0,"turns":3.0},{"damage":0.0,"enemies":"2 Fungi Beasts","floor":7.0,"turns":3.0},{"damage":0.0,"enemies":"Looter","floor":8.0,"turns":2.0},{"damage":3.0,"enemies":"3 Sentries","floor":11.0,"turns":5.0},{"damage":5.0,"enemies":"Lots of Slimes","floor":12.0,"turns":3.0},{"damage":25.0,"enemies":"Lagavulin","floor":13.0,"turns":6.0},{"damage":0.0,"enemies":"Gremlin Gang","floor":14.0,"turns":3.0},{"damage":12.0,"enemies":"Slime Boss","floor":16.0,"turns":9.0},{"damage":11.0,"enemies":"2 Thieves","floor":18.0,"turns":4.0},{"damage":14.0,"enemies":"3 Byrds","floor":21.0,"turns":4.0},{"damage":0.0,"enemies":"Snecko","floor":27.0,"turns":4.0},{"damage":1.0,"enemies":"Centurion and Healer","floor":29.0,"turns":5.0},{"damage":0.0,"enemies":"Snake Plant","floor":31.0,"turns":3.0},{"damage":34.0,"enemies":"Champ","floor":33.0,"turns":8.0},{"damage":0.0,"enemies":"3 Shapes","floor":35.0,"turns":3.0},{"damage":3.0,"enemies":"3 Darklings","floor":37.0,"turns":4.0},{"damage":0.0,"enemies":"Jaw Worm Horde","floor":38.0,"turns":5.0},{"damage":0.0,"enemies":"Maw","floor":39.0,"turns":6.0},{"damage":0,"enemies":"Transient","floor":41,"turns":5},{"damage":0,"enemies":"Writhing Mass","floor":42,"turns":2},{"damage":0,"enemies":"Sphere and 2 Shapes","floor":45,"turns":3},{"damage":3,"enemies":"3 Darklings","floor":46,"turns":4},{"damage":85,"enemies":"Awakened One","floor":50,"turns":9}],"seed_played":"4014132889256554193","potions_obtained":[{"floor":1.0,"key":"Ancient Potion"},{"floor":8.0,"key":"Energy Potion"},{"floor":12.0,"key":"Energy Potion"},{"floor":13.0,"key":"Fire Potion"},{"floor":14.0,"key":"LiquidBronze"},{"floor":27.0,"key":"Weak Potion"},{"floor":31.0,"key":"AttackPotion"},{"floor":33.0,"key":"Ancient Potion"},{"floor":35.0,"key":"Ancient Potion"},{"floor":39.0,"key":"GhostInAJar"},{"floor":46,"key":"GhostInAJar"}],"is_trial":false,"path_per_floor":["M","M","M","M","$","R","M","M","T","R","E","M","E","M","R","B",null,"M","?","?","M","$","R","?","$","T","M","R","M","?","M","R","B",null,"M","?","M","M","M","R","M","M","T","R","M","M","R","?","R","B"],"character_chosen":"THE_SILENT","items_purchased":["Flying Knee"],"campfire_rested":0,"item_purchase_floors":[22],"current_hp_per_floor":[70,70,69,69,69,69,69,69,69,69,66,61,36,36,36,49,70,59,59,59,45,45,45,45,45,45,47,47,48,70,70,70,36,70,70,70,67,69,70,70,70,70,70,70,70,67,67,66,66,0],"gold":14,"neow_bonus":"BOSS_RELIC","is_prod":false,"is_daily":false,"chose_seed":false,"campfire_upgraded":6,"win_rate":0,"timestamp":1560652236,"path_taken":["M","M","M","?","$","R","M","M","T","R","E","M","E","M","R","BOSS","M","?","?","M","$","R","?","?","T","M","R","M","?","M","R","BOSS","M","?","?","M","M","R","?","M","T","R","M","M","R","?","R","BOSS"],"build_version":"2019-01-23","purchased_purges":3,"victory":false,"max_hp_per_floor":[70,70,70,70,70,70,70,70,70,70,70,70,70,70,70,70,70,70,70,70,70,70,70,70,70,70,70,70,70,70,70,70,70,70,70,70,70,70,70,70,70,70,70,70,70,70,70,66,66,66],"card_choices":[{"not_picked":["Endless Agony","Flechettes"],"picked":"Skewer","floor":1.0},{"not_picked":["Distraction","Backflip","Reflex"],"picked":"SKIP","floor":2.0},{"not_picked":["Underhanded Strike","Blade Dance"],"picked":"Cloak And Dagger","floor":3.0},{"not_picked":["Backflip","Dodge and Roll"],"picked":"Well Laid Plans","floor":4.0},{"not_picked":["Leg Sweep","Deadly Poison"],"picked":"Footwork","floor":7.0},{"not_picked":["Slice","Backflip"],"picked":"Quick Slash","floor":8.0},{"not_picked":["Flechettes","Dodge and Roll"],"picked":"Concentrate","floor":11.0},{"not_picked":["Deflect","All Out Attack","Poisoned Stab"],"picked":"SKIP","floor":12.0},{"not_picked":["Deflect","Heel Hook","Cloak And Dagger"],"picked":"SKIP","floor":13.0},{"not_picked":["Well Laid Plans","PiercingWail"],"picked":"Adrenaline","floor":14.0},{"not_picked":["Venomology","A Thousand Cuts"],"picked":"Wraith Form v2","floor":16.0},{"not_picked":["Deadly Poison","Crippling Poison"],"picked":"Terror","floor":18.0},{"not_picked":["Masterful Stab","Eviscerate+1","Heel Hook"],"picked":"SKIP","floor":21.0},{"not_picked":["Crippling Poison","Setup"],"picked":"Dagger Throw+1","floor":27.0},{"not_picked":["Deflect","Poisoned Stab+1","Heel Hook"],"picked":"SKIP","floor":29.0},{"not_picked":["PiercingWail","Dodge and Roll"],"picked":"Reflex+1","floor":31.0},{"not_picked":["Deflect","Bane"],"picked":"Quick Slash+1","floor":35.0},{"not_picked":["Masterful Stab","Flechettes"],"picked":"Prepared+1","floor":37.0},{"not_picked":["Dagger Spray+1","Quick Slash"],"picked":"Reflex","floor":38.0},{"not_picked":["Terror+1","Backflip"],"picked":"Skewer+1","floor":39.0},{"not_picked":["Corpse Explosion","Blur","Backstab+1"],"picked":"SKIP","floor":41},{"not_picked":["Finisher+1","Flechettes"],"picked":"Escape Plan","floor":42},{"not_picked":["Catalyst","Footwork+1"],"picked":"Eviscerate+1","floor":45},{"not_picked":["Caltrops","Acrobatics+1"],"picked":"Tactician","floor":46}],"player_experience":398554,"relics_obtained":[{"floor":9.0,"key":"Shovel"},{"floor":10.0,"key":"Mercury Hourglass"},{"floor":11.0,"key":"Pantograph"},{"floor":13.0,"key":"Tough Bandages"},{"floor":26.0,"key":"Blood Vial"},{"floor":28.0,"key":"Sundial"},{"floor":40,"key":"Vajra"}],"event_choices":[{"damage_healed":0.0,"max_hp_gain":0.0,"max_hp_loss":0.0,"gold_gain":0.0,"event_name":"Cursed Tome","player_choice":"Ignored","floor":19.0,"gold_loss":0.0,"damage_taken":0.0},{"damage_healed":0.0,"max_hp_gain":0.0,"max_hp_loss":0.0,"gold_gain":0.0,"event_name":"The Mausoleum","player_choice":"Ignored","floor":20.0,"gold_loss":0.0,"damage_taken":0.0},{"damage_healed":0.0,"max_hp_gain":0.0,"max_hp_loss":0.0,"gold_gain":0.0,"event_name":"Drug Dealer","player_choice":"Inject Mutagens","floor":24.0,"gold_loss":0.0,"damage_taken":0.0,"relics_obtained":["MutagenicStrength"]},{"damage_healed":23.0,"max_hp_gain":0.0,"max_hp_loss":0.0,"gold_gain":0.0,"event_name":"The Library","player_choice":"Heal","floor":30.0,"gold_loss":0.0,"damage_taken":0.0},{"damage_healed":0.0,"max_hp_gain":0.0,"max_hp_loss":0.0,"gold_gain":0.0,"event_name":"WeMeetAgain","player_choice":"Gave Potion","floor":36.0,"gold_loss":0.0,"damage_taken":0.0,"relics_obtained":["Boot"]},{"damage_healed":0,"gold_gain":0,"player_choice":"Max HP","damage_taken":0,"max_hp_gain":0,"max_hp_loss":4,"event_name":"Winding Halls","floor":48,"gold_loss":0}],"is_beta":false,"boss_relics":[{"not_picked":["Pandora\u0027s Box","WristBlade"],"picked":"Ectoplasm"},{"not_picked":["Busted Crown","Astrolabe"],"picked":"Empty Cage"}],"items_purged_floors":[5,22,25],"is_endless":false,"potions_floor_spawned":[1,8,12,13,14,27,31,33,35,39,46],"killed_by":"Awakened One","ascension_level":0}