{"gold_per_floor":[114,36,186,196,166,166,199,199,223,270,302,324,351,363],"floor_reached":14,"playtime":398,"items_purged":[],"score":225,"play_id":"f824a44b-537b-464f-afd2-2f4c6d8c40d9","local_time":"20190602170858","is_ascension_mode":true,"campfire_choices":[{"data":"Defragment","floor":6,"key":"SMITH"},{"data":"Genetic Algorithm","floor":8,"key":"SMITH"}],"neow_cost":"NONE","seed_source_timestamp":92995266978659,"circlet_count":0,"master_deck":["AscendersBane","Strike_B","Strike_B","Strike_B","Strike_B","Defend_B","Defend_B","Defend_B","Defend_B","Zap","Dualcast","Sweeping Beam","Defragment+1","Doubt","Genetic Algorithm+1","Undo","Compile Driver","FTL"],"relics":["Cracked Core","NeowsBlessing","Thread and Needle","MawBank","Bronze Scales"],"potions_floor_usage":[10,12,13],"damage_taken":[{"damage":0,"enemies":"Jaw Worm","floor":1,"turns":1},{"damage":0,"enemies":"Small Slimes","floor":4,"turns":1},{"damage":0,"enemies":"Gremlin Nob","floor":7,"turns":1},{"damage":58,"enemies":"3 Sentries","floor":10,"turns":9},{"damage":0,"enemies":"Cultist","floor":11,"turns":3},{"damage":5,"enemies":"Lots of Slimes","floor":12,"turns":3},{"damage":0,"enemies":"Exordium Thugs","floor":13,"turns":4},{"damage":6,"enemies":"Lagavulin","floor":14,"turns":4}],"seed_played":"9035756193396802054","potions_obtained":[{"floor":5,"key":"GamblersBrew"},{"floor":5,"key":"EssenceOfSteel"},{"floor":10,"key":"SteroidPotion"}],"is_trial":false,"path_per_floor":["M","$","?","M","?","R","E","R","T","E","M","M","M","E"],"character_chosen":"DEFECT","items_purchased":["Defragment"],"campfire_rested":0,"item_purchase_floors":[2],"current_hp_per_floor":[64,64,64,64,64,64,64,64,64,6,6,1,1,0],"gold":363,"neow_bonus":"THREE_ENEMY_KILL","is_prod":false,"is_daily":false,"chose_seed":false,"campfire_upgraded":2,"win_rate":0,"timestamp":1559520538,"path_taken":["M","$","?","M","?","R","E","R","T","E","M","?","M","E"],"build_version":"2019-01-23","purchased_purges":0,"victory":false,"max_hp_per_floor":[71,71,71,71,71,71,71,71,71,71,71,71,71,71],"card_choices":[{"not_picked":["Turbo","Aggregate"],"picked":"Sweeping Beam","floor":1},{"not_picked":["Chill","Barrage"],"picked":"Genetic Algorithm","floor":4},{"not_picked":["Streamline","Conserve Battery"],"picked":"Undo","floor":7},{"not_picked":["All For One","Steam Power"],"picked":"Compile Driver","floor":10},{"not_picked":["Recycle","Sweeping Beam"],"picked":"FTL","floor":11},{"not_picked":["Streamline","Consume","Barrage"],"picked":"SKIP","floor":12},{"not_picked":["Undo","Go for the Eyes","Reinforced Body"],"picked":"SKIP","floor":13}],"player_experience":946202,"relics_obtained":[{"floor":7,"key":"Thread and Needle"},{"floor":9,"key":"MawBank"},{"floor":10,"key":"Bronze Scales"}],"event_choices":[{"damage_healed":0,"gold_gain":150,"player_choice":"AGREE","damage_taken":0,"max_hp_gain":0,"max_hp_loss":0,"event_name":"Liars Game","floor":3,"gold_loss":0,"cards_obtained":["Doubt"]},{"damage_healed":0,"gold_gain":0,"player_choice":"Bought 2 Potions","damage_taken":0,"max_hp_gain":0,"max_hp_loss":0,"event_name":"The Woman in Blue","floor":5,"gold_loss":0}],"is_beta":false,"boss_relics":[],"items_purged_floors":[],"is_endless":false,"potions_floor_spawned":[7,10,11],"killed_by":"Lagavulin","ascension_level":16}