{"gold_per_floor":[209,226,226,301,301,335,48,78,78,78,78,127,127,178,178,252,252,264,28,28,47,47,74,74,85,85,10,22,22,22,42,42,116,116,135,28,48,148,148,148,57,57,57,57,67,67,77,0,0,0],"floor_reached":51,"playtime":1894,"items_purged":[],"score":1127,"play_id":"3170f24f-13fb-4475-a76b-e47fc6e80f41","local_time":"20190322223139","is_ascension_mode":true,"campfire_choices":[{"floor":11,"key":"REST"},{"data":"Zap","floor":13,"key":"SMITH"},{"data":"Ball Lightning","floor":15,"key":"SMITH"},{"floor":24,"key":"REST"},{"floor":32,"key":"REST"},{"floor":40,"key":"REST"},{"floor":42,"key":"REST"},{"floor":46,"key":"REST"},{"floor":49,"key":"RECALL"}],"neow_cost":"NONE","seed_source_timestamp":189000281302231,"circlet_count":0,"master_deck":["AscendersBane","Strike_B","Strike_B","Defend_B","Defend_B","Defend_B","Defend_B","Zap+1","Dualcast","Leap","Ball Lightning+1","Gash","Gash","Core Surge","Go for the Eyes","Coolheaded","Defragment+1","Rebound","Echo Form+1","BootSequence+1","Glacier","Hologram+1","Biased Cognition+1","Gash","Stack+1","Conserve Battery+1","Panacea+1","Gash+1","Defragment+1"],"relics":["Cracked Core","Pantograph","Meat on the Bone","Tiny Chest","Juzu Bracelet","Lantern","Omamori","Fusion Hammer","DataDisk","MutagenicStrength","PreservedInsect","Frozen Egg 2","Sundial","Toxic Egg 2","Philosopher\u0027s Stone","Art of War","Emotion Chip","Pear","Red Mask"],"potions_floor_usage":[6,23,23,28,33,50,50],"damage_taken":[{"damage":1,"enemies":"Cultist","floor":1,"turns":3},{"damage":0,"enemies":"2 Louse","floor":2,"turns":2},{"damage":21,"enemies":"Lagavulin","floor":6,"turns":8},{"damage":33,"enemies":"The Guardian","floor":16,"turns":12},{"damage":14,"enemies":"Spheric Guardian","floor":18,"turns":4},{"damage":0,"enemies":"Chosen","floor":21,"turns":3},{"damage":49,"enemies":"Gremlin Leader","floor":23,"turns":6},{"damage":32,"enemies":"Centurion and Healer","floor":25,"turns":5},{"damage":8,"enemies":"Cultist and Chosen","floor":28,"turns":5},{"damage":13,"enemies":"Snecko","floor":31,"turns":6},{"damage":62,"enemies":"Collector","floor":33,"turns":11},{"damage":7,"enemies":"Orb Walker","floor":35,"turns":4},{"damage":7,"enemies":"3 Shapes","floor":37,"turns":6},{"damage":33,"enemies":"Mind Bloom Boss Battle","floor":38,"turns":8},{"damage":0,"enemies":"Maw","floor":45,"turns":9},{"damage":0,"enemies":"4 Shapes","floor":47,"turns":9},{"damage":26,"enemies":"Time Eater","floor":50,"turns":13}],"seed_played":"-8850931469634903719","potions_obtained":[{"floor":1,"key":"SkillPotion"},{"floor":2,"key":"SteroidPotion"},{"floor":21,"key":"Regen Potion"},{"floor":23,"key":"AttackPotion"},{"floor":25,"key":"Poison Potion"},{"floor":38,"key":"EssenceOfSteel"},{"floor":45,"key":"EssenceOfSteel"}],"is_trial":false,"path_per_floor":["M","M","?","?","$","E","$","?","T","$","R","T","R","T","R","B",null,"M","$","?","M","?","E","R","M","T","?","M","$","T","M","R","B",null,"M","?","M","?","?","R","$","R","T","?","M","R","M","?","R","B",null],"character_chosen":"DEFECT","items_purchased":["Meat on the Bone","Gash","DataDisk","Coolheaded","Defragment","Panacea+1"],"campfire_rested":6,"item_purchase_floors":[7,7,19,19,19,41],"current_hp_per_floor":[67,67,72,61,61,40,40,7,7,7,31,31,31,31,31,35,69,55,55,55,55,55,27,51,31,31,31,35,35,35,34,58,30,68,61,61,54,46,46,70,70,80,90,90,90,90,90,90,90,64],"gold":0,"neow_bonus":"HUNDRED_GOLD","is_prod":false,"is_daily":false,"chose_seed":false,"campfire_upgraded":2,"win_rate":0,"timestamp":1553308299,"path_taken":["M","M","?","?","?","E","$","?","T","$","R","?","R","?","R","BOSS","M","$","?","M","?","E","R","M","T","?","M","?","?","M","R","BOSS","M","?","M","?","?","R","?","R","T","?","M","R","M","?","R","BOSS"],"build_version":"2019-01-23","purchased_purges":0,"victory":true,"max_hp_per_floor":[75,75,80,80,80,80,80,80,80,80,80,80,80,80,80,80,80,80,80,80,80,80,80,80,80,80,80,80,80,80,80,80,80,80,80,80,80,80,80,80,80,80,90,90,90,90,90,90,90,90],"card_choices":[{"not_picked":["Storm","Rebound"],"picked":"Leap","floor":1},{"not_picked":["Heatsinks","Fusion"],"picked":"Ball Lightning","floor":2},{"not_picked":["Hologram","Skim"],"picked":"Gash","floor":6},{"not_picked":["Reboot","Machine Learning"],"picked":"Core Surge","floor":16},{"not_picked":["BootSequence","Streamline"],"picked":"Go for the Eyes","floor":18},{"not_picked":["Blizzard","Storm"],"picked":"Rebound","floor":21},{"not_picked":["Go for the Eyes","Scrape"],"picked":"Echo Form","floor":23},{"not_picked":["Beam Cell","Sunder"],"picked":"BootSequence+1","floor":25},{"not_picked":["Go for the Eyes","Double Energy"],"picked":"Glacier","floor":28},{"not_picked":["Steam+1","Ball Lightning"],"picked":"Hologram+1","floor":31},{"not_picked":["Fission+1","Amplify+1"],"picked":"Biased Cognition+1","floor":33},{"not_picked":["Turbo+1","Coolheaded+1"],"picked":"Gash","floor":35},{"not_picked":["Skim+1","Streamline"],"picked":"Stack+1","floor":37},{"not_picked":["Chaos+1","Streamline"],"picked":"Conserve Battery+1","floor":38},{"not_picked":["Force Field+1","Barrage"],"picked":"Gash+1","floor":45},{"not_picked":["Stack+1","Barrage"],"picked":"Defragment+1","floor":47}],"player_experience":443535,"relics_obtained":[{"floor":6,"key":"Pantograph"},{"floor":9,"key":"Juzu Bracelet"},{"floor":12,"key":"Lantern"},{"floor":14,"key":"Omamori"},{"floor":23,"key":"Frozen Egg 2"},{"floor":26,"key":"Sundial"},{"floor":30,"key":"Toxic Egg 2"},{"floor":38,"key":"Emotion Chip"},{"floor":43,"key":"Pear"}],"event_choices":[{"damage_healed":0,"gold_gain":0,"player_choice":"Donut","damage_taken":0,"max_hp_gain":5,"max_hp_loss":0,"event_name":"Big Fish","floor":3,"gold_loss":0},{"damage_healed":0,"gold_gain":75,"player_choice":"Gather Gold","damage_taken":11,"max_hp_gain":0,"max_hp_loss":0,"event_name":"World of Goop","floor":4,"gold_loss":0},{"damage_healed":0,"gold_gain":0,"player_choice":"Success","damage_taken":33,"relics_obtained":["Tiny Chest"],"max_hp_gain":0,"max_hp_loss":0,"event_name":"Scrap Ooze","floor":8,"gold_loss":0},{"damage_healed":0,"gold_gain":0,"player_choice":"Inject Mutagens","damage_taken":0,"relics_obtained":["MutagenicStrength"],"max_hp_gain":0,"max_hp_loss":0,"event_name":"Drug Dealer","floor":20,"gold_loss":0},{"damage_healed":0,"gold_gain":0,"player_choice":"Opened","damage_taken":0,"relics_obtained":["PreservedInsect"],"max_hp_gain":0,"max_hp_loss":0,"event_name":"The Mausoleum","floor":22,"gold_loss":0,"cards_obtained":["Writhe"]},{"cards_removed":["Strike_B"],"damage_healed":0,"gold_gain":0,"player_choice":"Gave Gold","damage_taken":0,"max_hp_gain":0,"max_hp_loss":0,"event_name":"Beggar","floor":27,"gold_loss":75},{"damage_healed":0,"gold_gain":0,"player_choice":"Paid Gold","damage_taken":0,"relics_obtained":["Art of War"],"max_hp_gain":0,"max_hp_loss":0,"event_name":"WeMeetAgain","floor":36,"gold_loss":107},{"damage_healed":0,"gold_gain":0,"player_choice":"Fight","damage_taken":0,"max_hp_gain":0,"max_hp_loss":0,"event_name":"MindBloom","floor":38,"gold_loss":0},{"damage_healed":0,"gold_gain":0,"player_choice":"Forge","damage_taken":0,"max_hp_gain":0,"max_hp_loss":0,"event_name":"Accursed Blacksmith","floor":39,"gold_loss":0,"cards_upgraded":["Defragment"]},{"cards_removed":["Strike_B"],"damage_healed":0,"gold_gain":0,"player_choice":"Purged","damage_taken":0,"max_hp_gain":0,"max_hp_loss":0,"event_name":"Purifier","floor":44,"gold_loss":0},{"damage_healed":0,"gold_gain":0,"player_choice":"Paid","damage_taken":0,"relics_obtained":["Red Mask"],"max_hp_gain":0,"max_hp_loss":0,"event_name":"Tomb of Lord Red Mask","floor":48,"gold_loss":77}],"is_beta":false,"boss_relics":[{"not_picked":["Runic Dome","White Beast Statue"],"picked":"Fusion Hammer"},{"not_picked":["Empty Cage","Astrolabe"],"picked":"Philosopher\u0027s Stone"}],"items_purged_floors":[],"is_endless":false,"potions_floor_spawned":[1,2,21,23,25,38,45],"ascension_level":13}