{"gold_per_floor":[109,34,52,52,52,95,95,114,114,114,147,168,168,211,211,211],"floor_reached":16,"playtime":575,"items_purged":[],"score":236,"play_id":"5194ae42-b9a4-479f-84bd-bff461341ab3","local_time":"20190601095118","is_ascension_mode":true,"campfire_choices":[{"floor":7,"key":"REST"},{"data":"Bash","floor":10,"key":"SMITH"},{"floor":13,"key":"REST"},{"data":"Barricade","floor":15,"key":"SMITH"}],"neow_cost":"TEN_PERCENT_HP_LOSS","seed_source_timestamp":1269524021953984,"circlet_count":0,"master_deck":["AscendersBane","Strike_R","Strike_R","Strike_R","Strike_R","Defend_R","Defend_R","Defend_R","Defend_R","Bash+1","Thunderclap","Limit Break+1","Iron Wave","Barricade+1"],"relics":["Burning Blood","Torii","Golden Idol","PreservedInsect","Toxic Egg 2","Art of War","Pantograph"],"potions_floor_usage":[11,11,14,16],"damage_taken":[{"damage":6,"enemies":"Cultist","floor":1,"turns":4},{"damage":20,"enemies":"Jaw Worm","floor":3,"turns":5},{"damage":27,"enemies":"3 Sentries","floor":6,"turns":14},{"damage":1,"enemies":"2 Louse","floor":8,"turns":3},{"damage":15,"enemies":"Lagavulin","floor":11,"turns":4},{"damage":23,"enemies":"Exordium Wildlife","floor":12,"turns":5},{"damage":8,"enemies":"Gremlin Nob","floor":14,"turns":3},{"damage":52,"enemies":"Hexaghost","floor":16,"turns":9}],"seed_played":"-3121253013263330094","potions_obtained":[{"floor":6,"key":"PowerPotion"},{"floor":8,"key":"AttackPotion"},{"floor":11,"key":"Strength Potion"},{"floor":14,"key":"Poison Potion"}],"is_trial":false,"path_per_floor":["M","?","M","?","?","E","R","M","T","R","E","M","R","E","R","B"],"character_chosen":"IRONCLAD","items_purchased":[],"campfire_rested":2,"item_purchase_floors":[],"current_hp_per_floor":[68,68,54,31,31,10,30,35,35,35,26,9,29,27,27,0],"gold":211,"neow_bonus":"ONE_RARE_RELIC","is_prod":false,"is_daily":false,"chose_seed":false,"campfire_upgraded":2,"win_rate":0,"timestamp":1559397078,"path_taken":["M","?","M","?","?","E","R","M","T","R","E","?","R","E","R","BOSS"],"build_version":"2019-01-23","purchased_purges":0,"victory":false,"max_hp_per_floor":[68,68,68,68,68,68,68,68,68,68,68,68,68,68,68,68],"card_choices":[{"not_picked":["Headbutt","Battle Trance"],"picked":"Thunderclap","floor":1},{"not_picked":["Wild Strike","Headbutt","Anger"],"picked":"SKIP","floor":3},{"not_picked":["Heavy Blade","Body Slam","Anger"],"picked":"SKIP","floor":6},{"not_picked":["Sword Boomerang","Wild Strike","Flex"],"picked":"SKIP","floor":8},{"not_picked":["Headbutt","Dual Wield+1"],"picked":"Limit Break+1","floor":11},{"not_picked":["Sword Boomerang","Seeing Red+1"],"picked":"Iron Wave","floor":12},{"not_picked":["Sword Boomerang","Berserk"],"picked":"Barricade","floor":14}],"player_experience":807686,"relics_obtained":[{"floor":6,"key":"PreservedInsect"},{"floor":9,"key":"Toxic Egg 2"},{"floor":11,"key":"Art of War"},{"floor":14,"key":"Pantograph"}],"event_choices":[{"cards_removed":["Strike_R"],"damage_healed":0,"gold_gain":0,"player_choice":"Card Removal","damage_taken":0,"max_hp_gain":0,"max_hp_loss":0,"event_name":"The Cleric","floor":2,"gold_loss":75},{"damage_healed":0,"gold_gain":0,"player_choice":"Take Damage","damage_taken":23,"relics_obtained":["Golden Idol"],"max_hp_gain":0,"max_hp_loss":0,"event_name":"Golden Idol","floor":4,"gold_loss":0},{"damage_healed":0,"gold_gain":0,"player_choice":"Ignored","damage_taken":0,"max_hp_gain":0,"max_hp_loss":0,"event_name":"Shining Light","floor":5,"gold_loss":0}],"is_beta":false,"boss_relics":[],"items_purged_floors":[],"is_endless":false,"potions_floor_spawned":[6,8,11,14],"killed_by":"Hexaghost","ascension_level":20}