{"gold_per_floor":[209,228,228,152,152,191,191,191,268,268,291,291,310,115,115,206,206,221,240,253,269,288,288,302,302,329,329,254,278,278,278,278,352,352,371,371,371,84,84,98,98,113,113,123,123,156,76,86,86,86],"floor_reached":50,"playtime":2217,"items_purged":["Parasite"],"score":827,"play_id":"9d1b51d5-cdf1-4354-93f3-f195ee819601","local_time":"20190428113651","is_ascension_mode":true,"campfire_choices":[{"floor":8,"key":"REST"},{"data":"Inflame","floor":10,"key":"SMITH"},{"data":"Inflame","floor":15,"key":"SMITH"},{"floor":23,"key":"REST"},{"data":"Shockwave","floor":25,"key":"SMITH"},{"data":"Immolate","floor":27,"key":"SMITH"},{"data":"Bite","floor":32,"key":"SMITH"},{"data":"Limit Break","floor":41,"key":"SMITH"},{"floor":45,"key":"REST"},{"floor":49,"key":"REST"}],"neow_cost":"NONE","seed_source_timestamp":140416996333031,"circlet_count":0,"master_deck":["AscendersBane","Defend_R","Defend_R","Defend_R","Defend_R","Bash","Iron Wave","Rampage","Inflame+1","Shrug It Off","Iron Wave","Clothesline","Inflame+1","Immolate+1","Shockwave+1","Iron Wave+1","Body Slam","Shrug It Off","Clothesline","Carnage","Bite+1","Bite","Bite","Bite","Limit Break+1","Power Through","Whirlwind","Uppercut"],"relics":["Burning Blood","Bloody Idol","Bag of Preparation","Shuriken","Question Card","Snecko Eye","Ancient Tea Set","Busted Crown","Bottled Flame","Sundial","Regal Pillow"],"potions_floor_usage":[6,16,16,22,33,42,50,50],"damage_taken":[{"damage":13,"enemies":"Jaw Worm","floor":1,"turns":5},{"damage":0,"enemies":"2 Louse","floor":2,"turns":3},{"damage":30,"enemies":"3 Sentries","floor":6,"turns":9},{"damage":3,"enemies":"Small Slimes","floor":11,"turns":4},{"damage":0,"enemies":"2 Fungi Beasts","floor":13,"turns":4},{"damage":38,"enemies":"Hexaghost","floor":16,"turns":11},{"damage":17,"enemies":"2 Thieves","floor":18,"turns":2},{"damage":9,"enemies":"Shell Parasite","floor":19,"turns":3},{"damage":6,"enemies":"Centurion and Healer","floor":20,"turns":6},{"damage":13,"enemies":"Shelled Parasite and Fungi","floor":21,"turns":4},{"damage":26,"enemies":"Sentry and Sphere","floor":22,"turns":5},{"damage":0,"enemies":"Centurion and Healer","floor":24,"turns":3},{"damage":0,"enemies":"Snake Plant","floor":29,"turns":1},{"damage":39,"enemies":"Champ","floor":33,"turns":9},{"damage":3,"enemies":"3 Shapes","floor":35,"turns":2},{"damage":12,"enemies":"3 Darklings","floor":40,"turns":5},{"damage":0,"enemies":"Transient","floor":42,"turns":5},{"damage":27,"enemies":"Jaw Worm Horde","floor":44,"turns":3},{"damage":19,"enemies":"Nemesis","floor":46,"turns":5},{"damage":31,"enemies":"Writhing Mass","floor":48,"turns":6},{"damage":65,"enemies":"Awakened One","floor":50,"turns":6}],"seed_played":"-50413609154477232","potions_obtained":[{"floor":2,"key":"GamblersBrew"},{"floor":11,"key":"Block Potion"},{"floor":18,"key":"SpeedPotion"},{"floor":22,"key":"Block Potion"},{"floor":29,"key":"BloodPotion"},{"floor":40,"key":"Swift Potion"},{"floor":44,"key":"Explosive Potion"}],"is_trial":false,"path_per_floor":["M","M","?","$","?","E","?","R","T","R","M","T","M","$","R","B",null,"M","M","M","M","M","R","M","R","T","R","?","M","?","?","R","B",null,"M","?","?","$","?","M","R","M","T","M","R","E","$","M","R","B"],"character_chosen":"IRONCLAD","items_purchased":["Inflame","Inflame","Dexterity Potion","Whirlwind","Bottled Flame","Uppercut"],"campfire_rested":4,"item_purchase_floors":[4,14,14,38,38,47],"current_hp_per_floor":[61,67,49,49,34,10,28,50,50,50,53,53,59,59,59,27,61,50,47,47,40,20,41,47,47,47,47,47,53,50,50,50,37,47,50,50,50,50,50,50,50,50,50,34,49,49,49,37,50,0],"gold":86,"neow_bonus":"HUNDRED_GOLD","is_prod":false,"is_daily":false,"chose_seed":false,"campfire_upgraded":6,"win_rate":0,"timestamp":1556476611,"path_taken":["M","M","?","$","?","E","?","R","T","R","M","?","M","?","R","BOSS","M","M","M","M","M","R","M","R","T","R","?","M","?","?","R","BOSS","M","?","?","$","?","M","R","M","T","M","R","E","$","?","R","BOSS"],"build_version":"2019-01-23","purchased_purges":1,"victory":false,"max_hp_per_floor":[75,75,75,75,75,75,75,75,75,75,75,75,75,72,72,72,72,72,72,72,72,72,72,72,72,72,72,72,72,50,50,50,50,50,50,50,50,50,50,50,50,50,50,50,50,50,50,50,50,50],"card_choices":[{"not_picked":["Headbutt","Combust"],"picked":"Iron Wave","floor":1},{"not_picked":["Perfected Strike","Heavy Blade"],"picked":"Rampage","floor":2},{"not_picked":["Cleave","Clash"],"picked":"Shrug It Off","floor":6},{"not_picked":["Exhume","Warcry"],"picked":"Iron Wave","floor":11},{"not_picked":["Thunderclap","Disarm","Headbutt"],"picked":"Clothesline","floor":13},{"not_picked":["Impervious","Bludgeon","Berserk"],"picked":"Immolate","floor":16},{"not_picked":["Clothesline","Havoc+1","Iron Wave"],"picked":"Shockwave","floor":18},{"not_picked":["Shrug It Off","True Grit","Wild Strike"],"picked":"Iron Wave+1","floor":19},{"not_picked":["True Grit","Dropkick","Sword Boomerang"],"picked":"Body Slam","floor":20},{"not_picked":["Headbutt","Clash","Pommel Strike+1","Reckless Charge"],"picked":"SKIP","floor":21},{"not_picked":["Sever Soul","Searing Blow+1","Dark Embrace"],"picked":"Shrug It Off","floor":22},{"not_picked":["Reckless Charge","Pommel Strike","Evolve"],"picked":"Clothesline","floor":24},{"not_picked":["Dual Wield","Pummel","Clash"],"picked":"Carnage","floor":29},{"not_picked":["Impervious","Reaper","Exhume"],"picked":"Limit Break","floor":33},{"not_picked":["Body Slam"],"picked":"Power Through","floor":35},{"not_picked":["Anger+1","Twin Strike"],"picked":"SKIP","floor":40},{"not_picked":["Body Slam","Thunderclap"],"picked":"SKIP","floor":42},{"not_picked":["Warcry","Armaments"],"picked":"SKIP","floor":44},{"not_picked":["Exhume","Anger"],"picked":"SKIP","floor":46},{"not_picked":["Body Slam","Clash"],"picked":"SKIP","floor":48}],"player_experience":833449,"relics_obtained":[{"floor":6,"key":"Bag of Preparation"},{"floor":9,"key":"Shuriken"},{"floor":12,"key":"Question Card"},{"floor":26,"key":"Ancient Tea Set"},{"floor":43,"key":"Sundial"},{"floor":46,"key":"Regal Pillow"}],"event_choices":[{"damage_healed":0,"gold_gain":0,"player_choice":"Take Damage","damage_taken":18,"relics_obtained":["Golden Idol"],"max_hp_gain":0,"max_hp_loss":0,"event_name":"Golden Idol","floor":3,"gold_loss":0},{"damage_healed":0,"gold_gain":0,"player_choice":"Entered Light","damage_taken":15,"max_hp_gain":0,"max_hp_loss":0,"event_name":"Shining Light","floor":5,"gold_loss":0,"cards_upgraded":["Strike_R","Strike_R"]},{"damage_healed":18,"gold_gain":0,"player_choice":"Healed and dodged fight","damage_taken":0,"max_hp_gain":0,"max_hp_loss":0,"event_name":"Mushrooms","floor":7,"gold_loss":0,"cards_obtained":["Parasite"]},{"cards_removed":["Strike_R"],"damage_healed":0,"gold_gain":0,"player_choice":"Gave Gold","damage_taken":0,"max_hp_gain":0,"max_hp_loss":0,"event_name":"Beggar","floor":28,"gold_loss":75},{"damage_healed":0,"gold_gain":0,"player_choice":"Became a vampire","damage_taken":0,"max_hp_gain":0,"max_hp_loss":22,"event_name":"Vampires","floor":30,"gold_loss":0,"cards_obtained":["Bite","Bite","Bite","Bite","Bite"]},{"damage_healed":0,"gold_gain":0,"player_choice":"Gave Idol","damage_taken":0,"relics_obtained":["Bloody Idol"],"max_hp_gain":0,"max_hp_loss":0,"event_name":"Forgotten Altar","floor":31,"relics_lost":["Golden Idol"],"gold_loss":0},{"cards_removed":["Bite"],"damage_healed":0,"gold_gain":0,"player_choice":"Removed Attack","damage_taken":0,"max_hp_gain":0,"max_hp_loss":0,"event_name":"Falling","floor":36,"gold_loss":0},{"damage_healed":0,"gold_gain":0,"player_choice":"Ignored","damage_taken":0,"max_hp_gain":0,"max_hp_loss":0,"event_name":"Tomb of Lord Red Mask","floor":37,"gold_loss":0},{"damage_healed":0,"gold_gain":0,"player_choice":"Ignored","damage_taken":0,"max_hp_gain":0,"max_hp_loss":0,"event_name":"Mysterious Sphere","floor":39,"gold_loss":0}],"is_beta":false,"boss_relics":[{"not_picked":["Black Blood","Calling Bell"],"picked":"Snecko Eye"},{"not_picked":["Runic Cube","Empty Cage"],"picked":"Busted Crown"}],"items_purged_floors":[14],"is_endless":false,"potions_floor_spawned":[2,11,18,22,29,40,44],"killed_by":"Awakened One","ascension_level":14}