{"gold_per_floor":[113,130,54,54,54,54,79,79,103,115,115,134,154,187,187,259,259,279,55,55,68,87,87,111,111,111,161,175,2,2,2,2,2],"floor_reached":33,"playtime":901,"items_purged":["Strike_R"],"score":606,"play_id":"205036c5-2a63-4be5-a8b0-0af1887cc7cb","local_time":"20190409184837","is_ascension_mode":true,"campfire_choices":[{"data":"True Grit","floor":6,"key":"SMITH"},{"data":"Bash","floor":8,"key":"SMITH"},{"data":"Inflame","floor":11,"key":"SMITH"},{"data":"Armaments","floor":15,"key":"SMITH"},{"floor":23,"key":"REST"},{"data":"Limit Break","floor":25,"key":"SMITH"},{"floor":32,"key":"REST"}],"neow_cost":"NONE","seed_source_timestamp":348583195196295,"circlet_count":0,"master_deck":["AscendersBane","Strike_R+1","Strike_R+1","Strike_R+1","Defend_R+1","Defend_R+1","Defend_R+1","Defend_R+1","Bash+1","True Grit+1","Inflame+1","Juggernaut","Heavy Blade","Offering","Armaments+1","Limit Break+1","Shrug It Off","Panacea"],"relics":["Burning Blood","NeowsBlessing","Lantern","Blue Candle","Ancient Tea Set","Sundial","Philosopher\u0027s Stone","Brimstone","Art of War","Question Card"],"potions_floor_usage":[12,13,14,21,33],"damage_taken":[{"damage":0,"enemies":"Jaw Worm","floor":1,"turns":1},{"damage":0,"enemies":"2 Louse","floor":2,"turns":1},{"damage":0,"enemies":"Lagavulin","floor":7,"turns":1},{"damage":11,"enemies":"Cultist","floor":10,"turns":5},{"damage":1,"enemies":"2 Fungi Beasts","floor":12,"turns":4},{"damage":7,"enemies":"Lots of Slimes","floor":13,"turns":5},{"damage":30,"enemies":"Gremlin Nob","floor":14,"turns":4},{"damage":14,"enemies":"The Guardian","floor":16,"turns":10},{"damage":10,"enemies":"2 Thieves","floor":18,"turns":4},{"damage":50,"enemies":"3 Byrds","floor":21,"turns":3},{"damage":10,"enemies":"3 Cultists","floor":22,"turns":4},{"damage":0,"enemies":"Snecko","floor":28,"turns":3},{"damage":69,"enemies":"Automaton","floor":33,"turns":6}],"seed_played":"5055083592308061494","potions_obtained":[{"floor":7,"key":"Block Potion"},{"floor":10,"key":"SneckoOil"},{"floor":12,"key":"SkillPotion"},{"floor":14,"key":"Fire Potion"},{"floor":22,"key":"EssenceOfSteel"}],"is_trial":false,"path_per_floor":["M","M","$","?","?","R","E","R","T","M","R","M","M","E","R","B",null,"M","$","?","M","M","R","T","R","T","?","M","$","?","$","R","B"],"character_chosen":"IRONCLAD","items_purchased":["Inflame","Brimstone","Panacea"],"campfire_rested":2,"item_purchase_floors":[3,19,29],"current_hp_per_floor":[74,75,75,70,70,70,75,75,75,70,70,75,74,50,50,42,67,63,63,63,19,15,37,37,37,37,37,43,43,43,43,65,0],"gold":2,"neow_bonus":"THREE_ENEMY_KILL","is_prod":false,"is_daily":false,"chose_seed":false,"campfire_upgraded":5,"win_rate":0,"timestamp":1554850117,"path_taken":["M","M","$","?","?","R","E","R","T","M","R","M","M","E","R","BOSS","M","?","?","M","?","R","?","R","T","?","M","$","?","$","R","BOSS"],"build_version":"2019-01-23","purchased_purges":1,"victory":false,"max_hp_per_floor":[75,75,75,75,75,75,75,75,75,75,75,75,75,75,75,75,75,75,75,75,75,75,75,75,75,75,75,75,75,75,75,75,75],"card_choices":[{"not_picked":["Dropkick","Intimidate"],"picked":"True Grit","floor":1},{"not_picked":["Perfected Strike","Flex"],"picked":"Inflame","floor":2},{"not_picked":["Pommel Strike","Thunderclap"],"picked":"Juggernaut","floor":7},{"not_picked":["Reckless Charge","Anger","Combust"],"picked":"SKIP","floor":10},{"not_picked":["Sword Boomerang","Blood for Blood"],"picked":"Heavy Blade","floor":12},{"not_picked":["Twin Strike","Seeing Red"],"picked":"Offering","floor":13},{"not_picked":["Disarm","Thunderclap"],"picked":"Armaments","floor":14},{"not_picked":["Double Tap","Reaper"],"picked":"Limit Break","floor":16},{"not_picked":["Perfected Strike","Headbutt","Twin Strike"],"picked":"SKIP","floor":18},{"not_picked":["Pommel Strike","Sword Boomerang","Thunderclap"],"picked":"SKIP","floor":21},{"not_picked":["Twin Strike","Perfected Strike"],"picked":"Shrug It Off","floor":22},{"not_picked":["Clash","Wild Strike","Spot Weakness","Entrench"],"picked":"SKIP","floor":28}],"player_experience":549613,"relics_obtained":[{"floor":7,"key":"Blue Candle"},{"floor":9,"key":"Ancient Tea Set"},{"floor":14,"key":"Sundial"},{"floor":24,"key":"Art of War"},{"floor":26,"key":"Question Card"}],"event_choices":[{"damage_healed":0,"gold_gain":0,"player_choice":"Success","damage_taken":5,"relics_obtained":["Lantern"],"max_hp_gain":0,"max_hp_loss":0,"event_name":"Scrap Ooze","floor":4,"gold_loss":0},{"cards_removed":["Strike_R"],"damage_healed":0,"gold_gain":0,"player_choice":"Offered Basic","damage_taken":0,"max_hp_gain":0,"max_hp_loss":0,"event_name":"Bonfire Elementals","floor":5,"gold_loss":0},{"cards_removed":["Inflame"],"damage_healed":0,"gold_gain":0,"player_choice":"Card Removal","damage_taken":0,"max_hp_gain":0,"max_hp_loss":0,"event_name":"Wheel of Change","floor":20,"gold_loss":0},{"damage_healed":0,"gold_gain":50,"player_choice":"Stole From Cult","damage_taken":0,"max_hp_gain":0,"max_hp_loss":0,"event_name":"Nest","floor":27,"gold_loss":0},{"damage_healed":0,"gold_gain":0,"player_choice":"Simplicity","damage_taken":0,"max_hp_gain":0,"max_hp_loss":0,"event_name":"Back to Basics","floor":30,"gold_loss":0,"cards_upgraded":["Strike_R","Strike_R","Strike_R","Defend_R","Defend_R","Defend_R","Defend_R"]}],"is_beta":false,"boss_relics":[{"not_picked":["Runic Dome","White Beast Statue"],"picked":"Philosopher\u0027s Stone"}],"items_purged_floors":[29],"is_endless":false,"potions_floor_spawned":[7,10,12,14,22],"killed_by":"Automaton","ascension_level":20}