{"gold_per_floor":[16,16,33,47,61,95,95,128,128,128,42,52,87,87,87,185,185,198,108,126,140,155,155,170,170,224,224,259,359,359,392,392,487,487,501,7,25,25,44,70,87,87,134,154,170,186,216,233,233,233],"floor_reached":51,"playtime":4443,"items_purged":[],"score":836,"play_id":"ad99975d-0924-41ab-a591-d2395b1f2a63","local_time":"20190515225651","is_ascension_mode":true,"campfire_choices":[{"data":"Night Terror","floor":7,"key":"SMITH"},{"data":"Dagger Spray","floor":10,"key":"SMITH"},{"floor":15,"key":"REST"},{"floor":23,"key":"REST"},{"data":"Die Die Die","floor":25,"key":"SMITH"},{"floor":27,"key":"REST"},{"floor":32,"key":"REST"},{"floor":42,"key":"REST"},{"floor":49,"key":"REST"}],"neow_cost":"NO_GOLD","seed_source_timestamp":205659383707875,"circlet_count":0,"master_deck":["Defend_G","Defend_G","Defend_G","Defend_G","Strike_G+1","Strike_G","Strike_G","Strike_G","Survivor+1","Neutralize","Footwork","Deadly Poison","Flying Knee","Dagger Spray+1","Night Terror+1","Calculated Gamble","Dramatic Entrance+1","Deflect+1","Die Die Die+1","PiercingWail+1","Distraction+1","Crippling Poison+1","Deflect+1","Backflip+1","Adrenaline+1","Deflect+1","Terror+1","Setup+1"],"relics":["Ring of the Snake","Calipers","PreservedInsect","Dead Branch","Question Card","Toxic Egg 2","Philosopher\u0027s Stone","Pen Nib","Omamori","Torii","Mercury Hourglass","Darkstone Periapt","Fusion Hammer","Peace Pipe","Medical Kit","Paper Crane","Bronze Scales","Dodecahedron"],"potions_floor_usage":[5,6,8,16,24,28,31,33,39,41,44,45,50,50],"damage_taken":[{"damage":2,"enemies":"Small Slimes","floor":1,"turns":4},{"damage":0,"enemies":"Cultist","floor":3,"turns":6},{"damage":0,"enemies":"2 Louse","floor":4,"turns":4},{"damage":0,"enemies":"Exordium Wildlife","floor":5,"turns":4},{"damage":16,"enemies":"Gremlin Nob","floor":6,"turns":5},{"damage":9,"enemies":"3 Sentries","floor":8,"turns":7},{"damage":0,"enemies":"Lots of Slimes","floor":12,"turns":2},{"damage":37,"enemies":"Gremlin Nob","floor":13,"turns":5},{"damage":31,"enemies":"Slime Boss","floor":16,"turns":10},{"damage":0,"enemies":"Chosen","floor":18,"turns":4},{"damage":0,"enemies":"3 Byrds","floor":20,"turns":3},{"damage":11,"enemies":"Snecko","floor":21,"turns":4},{"damage":22,"enemies":"Centurion and Healer","floor":22,"turns":7},{"damage":1,"enemies":"Sentry and Sphere","floor":24,"turns":5},{"damage":0,"enemies":"Slavers","floor":28,"turns":2},{"damage":0,"enemies":"Colosseum Slavers","floor":29,"turns":3},{"damage":14,"enemies":"Colosseum Nobs","floor":29,"turns":3},{"damage":8,"enemies":"Gremlin Leader","floor":31,"turns":3},{"damage":32,"enemies":"Automaton","floor":33,"turns":9},{"damage":0,"enemies":"Orb Walker","floor":35,"turns":3},{"damage":0,"enemies":"3 Darklings","floor":37,"turns":2},{"damage":11,"enemies":"Sphere and 2 Shapes","floor":39,"turns":3},{"damage":0,"enemies":"Reptomancer","floor":40,"turns":2},{"damage":1,"enemies":"4 Shapes","floor":41,"turns":2},{"damage":1,"enemies":"Writhing Mass","floor":44,"turns":3},{"damage":0,"enemies":"3 Darklings","floor":45,"turns":3},{"damage":0,"enemies":"Sphere and 2 Shapes","floor":46,"turns":2},{"damage":1,"enemies":"Nemesis","floor":47,"turns":6},{"damage":0,"enemies":"4 Shapes","floor":48,"turns":1},{"damage":3,"enemies":"Awakened One","floor":50,"turns":11}],"seed_played":"-7349739860292958577","potions_obtained":[{"floor":1,"key":"Regen Potion"},{"floor":3,"key":"Ancient Potion"},{"floor":4,"key":"SteroidPotion"},{"floor":6,"key":"PowerPotion"},{"floor":20,"key":"Strength Potion"},{"floor":24,"key":"Swift Potion"},{"floor":29,"key":"Energy Potion"},{"floor":31,"key":"Block Potion"},{"floor":33,"key":"EssenceOfSteel"},{"floor":40,"key":"Fire Potion"},{"floor":41,"key":"AttackPotion"},{"floor":44,"key":"GamblersBrew"},{"floor":47,"key":"Strength Potion"},{"floor":48,"key":"Weak Potion"}],"is_trial":false,"path_per_floor":["M","?","M","M","M","E","R","E","T","R","$","M","E","?","R","B",null,"M","?","M","M","M","R","M","R","T","R","E","?","?","E","R","B",null,"M","$","M","?","M","E","M","R","T","M","M","M","E","M","R","B",null],"character_chosen":"THE_SILENT","items_purchased":["Dramatic Entrance","Peace Pipe","Medical Kit"],"campfire_rested":6,"item_purchase_floors":[11,36,36],"current_hp_per_floor":[68,68,68,68,68,61,61,52,52,52,52,52,15,15,36,5,70,70,70,70,59,37,58,57,57,57,70,70,56,56,48,69,37,70,70,70,70,70,59,59,58,70,70,69,69,69,68,68,70,67],"gold":233,"neow_bonus":"ONE_RARE_RELIC","is_prod":false,"is_daily":false,"chose_seed":false,"campfire_upgraded":3,"win_rate":0,"timestamp":1557986211,"path_taken":["M","?","M","M","?","E","R","E","T","R","$","M","E","?","R","BOSS","M","?","M","?","M","R","M","R","T","R","E","?","?","E","R","BOSS","M","$","M","?","M","E","M","R","T","M","?","M","E","M","R","BOSS"],"build_version":"2019-01-23","purchased_purges":0,"victory":true,"max_hp_per_floor":[70,70,70,70,70,70,70,70,70,70,70,70,70,70,70,70,70,70,70,70,70,70,70,70,70,70,70,70,70,70,70,70,70,70,70,70,70,70,70,70,70,70,70,70,70,70,70,70,70,70],"card_choices":[{"not_picked":["Expertise","Cloak And Dagger"],"picked":"Footwork","floor":1},{"not_picked":["Underhanded Strike","Dodge and Roll"],"picked":"Deadly Poison","floor":3},{"not_picked":["Sucker Punch","Infinite Blades"],"picked":"Flying Knee","floor":4},{"not_picked":["Eviscerate","Backflip"],"picked":"Dagger Spray","floor":5},{"not_picked":["Concentrate","Dash"],"picked":"Night Terror","floor":6},{"not_picked":["Dagger Throw","Reflex"],"picked":"Calculated Gamble","floor":8},{"not_picked":["Flying Knee","All Out Attack","Deflect","Sucker Punch"],"picked":"SKIP","floor":12},{"not_picked":["Venomology","Acrobatics","Quick Slash"],"picked":"Deflect","floor":13},{"not_picked":["Phantasmal Killer+1","Corpse Explosion+1","Doppelganger+1"],"picked":"Die Die Die","floor":16},{"not_picked":["Dash","All Out Attack+1","Cloak And Dagger+1"],"picked":"PiercingWail+1","floor":18},{"not_picked":["Infinite Blades+1","Predator+1","Dodge and Roll+1"],"picked":"Distraction+1","floor":20},{"not_picked":["Bullet Time+1","Sucker Punch","Dagger Throw"],"picked":"Crippling Poison+1","floor":21},{"not_picked":["Deadly Poison+1","Blade Dance+1","Distraction+1"],"picked":"Deflect+1","floor":22},{"not_picked":["Reflex+1","Accuracy","Flying Knee+1","Dagger Spray+1"],"picked":"SKIP","floor":24},{"not_picked":["Blur+1","Dash","Outmaneuver+1","Quick Slash"],"picked":"SKIP","floor":28},{"not_picked":["Choke+1","Predator","Bane"],"picked":"Backflip+1","floor":31},{"not_picked":["Die Die Die","Wraith Form v2","Malaise+1"],"picked":"Adrenaline+1","floor":33},{"not_picked":["Dash","Flechettes","Dagger Throw+1","Prepared+1"],"picked":"SKIP","floor":35},{"not_picked":["Outmaneuver+1","Quick Slash","Slice","Poisoned Stab+1"],"picked":"SKIP","floor":37},{"not_picked":["Riddle With Holes+1","Footwork+1","Storm of Steel+1","Deadly Poison+1"],"picked":"SKIP","floor":39},{"not_picked":["Prepared+1","Bane+1","Flying Knee","Blur+1"],"picked":"SKIP","floor":40},{"not_picked":["Poisoned Stab+1","Blade Dance+1","Dagger Throw+1"],"picked":"Deflect+1","floor":41},{"not_picked":["Skewer","Wraith Form v2","Dodge and Roll+1","Backflip+1"],"picked":"SKIP","floor":44},{"not_picked":["Bane","Blur+1","Dagger Throw"],"picked":"Terror+1","floor":45},{"not_picked":["Backflip+1","PiercingWail+1","Prepared+1","Leg Sweep+1"],"picked":"SKIP","floor":46},{"not_picked":["Flying Knee","Deadly Poison+1","PiercingWail+1"],"picked":"Setup+1","floor":47},{"not_picked":["Slice+1","Escape Plan+1","Calculated Gamble+1","Backflip+1"],"picked":"SKIP","floor":48}],"player_experience":204335,"relics_obtained":[{"floor":6,"key":"PreservedInsect"},{"floor":8,"key":"Dead Branch"},{"floor":9,"key":"Question Card"},{"floor":13,"key":"Toxic Egg 2"},{"floor":26,"key":"Pen Nib"},{"floor":28,"key":"Omamori"},{"floor":29,"key":"Torii"},{"floor":29,"key":"Mercury Hourglass"},{"floor":31,"key":"Darkstone Periapt"},{"floor":40,"key":"Paper Crane"},{"floor":43,"key":"Bronze Scales"},{"floor":47,"key":"Dodecahedron"}],"event_choices":[{"damage_healed":0,"gold_gain":0,"player_choice":"Upgraded","damage_taken":0,"max_hp_gain":0,"max_hp_loss":0,"event_name":"Upgrade Shrine","floor":2,"gold_loss":0,"cards_upgraded":["Survivor"]},{"damage_healed":0,"gold_gain":0,"player_choice":"Fled","damage_taken":0,"max_hp_gain":0,"max_hp_loss":0,"event_name":"Scrap Ooze","floor":14,"gold_loss":0},{"cards_removed":["Strike_G"],"damage_healed":0,"gold_gain":0,"player_choice":"Upgrade and Remove","damage_taken":0,"max_hp_gain":0,"max_hp_loss":0,"event_name":"Designer","floor":19,"gold_loss":90,"cards_upgraded":["Strike_G"]},{"damage_healed":0,"gold_gain":0,"player_choice":"Fight","damage_taken":0,"max_hp_gain":0,"max_hp_loss":0,"event_name":"Colosseum","floor":29,"gold_loss":0},{"damage_healed":0,"gold_gain":0,"player_choice":"Fought Nobs","damage_taken":0,"max_hp_gain":0,"max_hp_loss":0,"event_name":"Colosseum","floor":29,"gold_loss":0},{"damage_healed":0,"gold_gain":0,"player_choice":"Forge","damage_taken":0,"max_hp_gain":0,"max_hp_loss":0,"event_name":"Accursed Blacksmith","floor":30,"gold_loss":0,"cards_upgraded":["Dramatic Entrance"]},{"cards_removed":["Defend_G"],"damage_healed":0,"gold_gain":0,"player_choice":"Offered Basic","damage_taken":0,"max_hp_gain":0,"max_hp_loss":0,"event_name":"Bonfire Elementals","floor":38,"gold_loss":0}],"is_beta":false,"boss_relics":[{"not_picked":["Cursed Key","Tiny House"],"picked":"Philosopher\u0027s Stone"},{"not_picked":["HoveringKite","Black Star"],"picked":"Fusion Hammer"}],"items_purged_floors":[],"is_endless":false,"potions_floor_spawned":[1,3,4,6,20,24,29,31,33,40,41,44,47,48],"ascension_level":1}