{"gold_per_floor":[119,131,141,153,165,198,198,231,231,189,189,206,237,249,249,349,349,362,377,377,377,21,51,51,71,95,130,150,166,185,135,135,135],"floor_reached":33,"playtime":3068,"items_purged":["Regret","Strike_R"],"score":311,"play_id":"fd149d67-e871-4403-9a08-bb19d77e1d9d","local_time":"20190129180135","is_ascension_mode":false,"campfire_choices":[{"data":"1","floor":15,"key":"LIFT"},{"floor":24,"key":"REST"},{"floor":32,"key":"REST"}],"neow_cost":"NONE","seed_source_timestamp":974319037695135,"circlet_count":0,"master_deck":["Strike_R","Strike_R","Strike_R","Defend_R","Defend_R","Defend_R","Defend_R","Bash","Burning Pact","True Grit","Shockwave","Shrug It Off","Pommel Strike+1","Anger","Clash","Inflame+1","Power Through","Armaments","Reaper","Double Tap","Anger+1","Shockwave+1","Decay","Anger","Shrug It Off","Swift Strike","Fiend Fire","Uppercut+1","Clash+1","Metallicize+1","Dual Wield+1"],"relics":["Burning Blood","Dodecahedron","Smiling Mask","Juzu Bracelet","Question Card","Girya","Black Star","Whetstone","Lantern","Regal Pillow","Red Skull","Oddly Smooth Stone","Anchor"],"potions_floor_usage":[8,8,13,16,23,28,33],"damage_taken":[{"damage":3,"enemies":"Small Slimes","floor":1,"turns":5},{"damage":10,"enemies":"Cultist","floor":2,"turns":6},{"damage":2,"enemies":"Jaw Worm","floor":3,"turns":5},{"damage":10,"enemies":"Blue Slaver","floor":4,"turns":7},{"damage":2,"enemies":"Looter","floor":5,"turns":4},{"damage":27,"enemies":"Lagavulin","floor":6,"turns":8},{"damage":3,"enemies":"3 Sentries","floor":8,"turns":4},{"damage":4,"enemies":"Exordium Wildlife","floor":12,"turns":4},{"damage":11,"enemies":"Gremlin Nob","floor":13,"turns":4},{"damage":5,"enemies":"2 Fungi Beasts","floor":14,"turns":4},{"damage":36,"enemies":"Hexaghost","floor":16,"turns":8},{"damage":27,"enemies":"Shell Parasite","floor":18,"turns":8},{"damage":27,"enemies":"Spheric Guardian","floor":19,"turns":6},{"damage":54,"enemies":"Book of Stabbing","floor":23,"turns":6},{"damage":14,"enemies":"Chosen and Byrds","floor":25,"turns":6},{"damage":59,"enemies":"Slavers","floor":27,"turns":7},{"damage":20,"enemies":"3 Cultists","floor":28,"turns":4},{"damage":11,"enemies":"Snake Plant","floor":29,"turns":4},{"damage":9,"enemies":"Centurion and Healer","floor":30,"turns":4},{"damage":102,"enemies":"Collector","floor":33,"turns":6}],"seed_played":"-1444150825807139904","potions_obtained":[{"floor":2,"key":"Explosive Potion"},{"floor":3,"key":"FearPotion"},{"floor":6,"key":"Explosive Potion"},{"floor":12,"key":"PowerPotion"},{"floor":14,"key":"GamblersBrew"},{"floor":18,"key":"AttackPotion"},{"floor":27,"key":"Energy Potion"},{"floor":28,"key":"BloodPotion"}],"is_trial":false,"path_per_floor":["M","M","M","M","M","E","?","E","T","?","?","M","E","M","R","B",null,"M","M","?","?","$","E","R","M","T","E","M","M","M","$","R","B"],"character_chosen":"IRONCLAD","items_purchased":["Anger","Whetstone","Shrug It Off","Swift Strike"],"campfire_rested":2,"item_purchase_floors":[22,22,22,22],"current_hp_per_floor":[80,76,80,76,80,59,59,62,62,62,62,64,59,60,60,30,80,70,57,57,57,57,17,56,48,48,22,41,49,46,46,80,0],"gold":135,"neow_bonus":"TRANSFORM_CARD","is_prod":false,"is_daily":false,"chose_seed":false,"campfire_upgraded":0,"win_rate":0.0,"timestamp":1548802895,"path_taken":["M","M","M","M","M","E","?","E","T","?","?","M","E","M","R","BOSS","M","M","?","?","$","E","R","M","T","E","M","M","M","$","R","BOSS"],"build_version":"2019-01-23","purchased_purges":2,"victory":false,"max_hp_per_floor":[80,80,80,80,80,80,80,80,80,80,80,80,80,80,80,80,80,80,80,80,80,80,80,80,80,80,80,80,80,80,80,80,80],"card_choices":[{"not_picked":["Havoc","Anger"],"picked":"True Grit","floor":1},{"not_picked":["Fire Breathing","Power Through"],"picked":"Shockwave","floor":2},{"not_picked":["True Grit","Havoc"],"picked":"Shrug It Off","floor":3},{"not_picked":["True Grit","Cleave"],"picked":"Pommel Strike","floor":4},{"not_picked":["Hemokinesis","Heavy Blade"],"picked":"Anger","floor":5},{"not_picked":["Cleave","Feed"],"picked":"Clash","floor":6},{"not_picked":["Entrench","Body Slam"],"picked":"Inflame","floor":8},{"not_picked":["Flame Barrier","Reckless Charge","Thunderclap"],"picked":"Power Through","floor":12},{"not_picked":["Warcry","Thunderclap","Hemokinesis"],"picked":"Armaments","floor":13},{"not_picked":["Anger","Inflame","Carnage"],"picked":"Reaper","floor":14},{"not_picked":["Berserk","Feed","Barricade"],"picked":"Double Tap","floor":16},{"not_picked":["True Grit","Twin Strike","Havoc"],"picked":"Anger","floor":18},{"not_picked":["Iron Wave","Warcry","Body Slam"],"picked":"Shockwave+1","floor":19},{"not_picked":["Ghostly Armor","Sever Soul+1","Havoc"],"picked":"Fiend Fire","floor":23},{"not_picked":["Warcry","Sword Boomerang","Perfected Strike+1"],"picked":"Uppercut+1","floor":25},{"not_picked":["Clothesline+1","Rampage","Barricade"],"picked":"Clash+1","floor":27},{"not_picked":["Twin Strike","Sword Boomerang+1","Iron Wave"],"picked":"Metallicize+1","floor":28},{"not_picked":["Sword Boomerang","Heavy Blade","Pummel","Shrug It Off"],"picked":"SKIP","floor":29},{"not_picked":["Anger","Exhume","Ghostly Armor+1"],"picked":"Dual Wield+1","floor":30}],"player_experience":64429,"relics_obtained":[{"floor":6,"key":"Dodecahedron"},{"floor":8,"key":"Juzu Bracelet"},{"floor":9,"key":"Question Card"},{"floor":13,"key":"Girya"},{"floor":23,"key":"Lantern"},{"floor":23,"key":"Regal Pillow"},{"floor":26,"key":"Red Skull"},{"floor":27,"key":"Oddly Smooth Stone"},{"floor":27,"key":"Anchor"}],"event_choices":[{"damage_healed":0,"gold_gain":0,"player_choice":"Box","damage_taken":0,"relics_obtained":["Smiling Mask"],"max_hp_gain":0,"max_hp_loss":0,"event_name":"Big Fish","floor":7,"gold_loss":0,"cards_obtained":["Regret"]},{"damage_healed":0,"gold_gain":0,"player_choice":"Left Gold","damage_taken":0,"max_hp_gain":0,"max_hp_loss":0,"event_name":"World of Goop","floor":10,"gold_loss":42},{"damage_healed":0,"gold_gain":0,"player_choice":"Upgraded","damage_taken":0,"max_hp_gain":0,"max_hp_loss":0,"event_name":"Upgrade Shrine","floor":11,"gold_loss":0,"cards_upgraded":["Inflame"]},{"damage_healed":0,"gold_gain":0,"player_choice":"Ignored","damage_taken":0,"max_hp_gain":0,"max_hp_loss":0,"event_name":"Ghosts","floor":20,"gold_loss":0},{"damage_healed":0,"gold_gain":0,"player_choice":"Smashed Altar","damage_taken":0,"max_hp_gain":0,"max_hp_loss":0,"event_name":"Forgotten Altar","floor":21,"gold_loss":0,"cards_obtained":["Decay"]}],"is_beta":false,"boss_relics":[{"not_picked":["Velvet Choker","Fusion Hammer"],"picked":"Black Star"}],"items_purged_floors":[22,31],"is_endless":false,"potions_floor_spawned":[2,3,6,12,14,18,27,28],"killed_by":"Collector","ascension_level":0}