{"gold_per_floor":[111,121,121,133,4,4,39,39,39,66,78,43,43,56,56,56],"floor_reached":16,"playtime":511,"items_purged":["Decay"],"score":195,"play_id":"d932b300-c8ef-4e88-83d8-9074647232bd","local_time":"20190630222010","is_ascension_mode":true,"campfire_choices":[{"data":"True Grit","floor":6,"key":"SMITH"},{"data":"Sever Soul","floor":15,"key":"SMITH"}],"neow_cost":"CURSE","seed_source_timestamp":1553226640515839,"circlet_count":0,"master_deck":["AscendersBane","Strike_R","Strike_R","Strike_R","Strike_R","Strike_R","Defend_R","Defend_R","Defend_R","Defend_R","Bash","Feed","True Grit+1","Sever Soul+1","Seeing Red+1","True Grit+1","Limit Break+1","Armaments+1","Disarm+1"],"relics":["Burning Blood","Toxic Egg 2","Ancient Tea Set","Blue Candle","Oddly Smooth Stone","WingedGreaves"],"potions_floor_usage":[7,11,16],"damage_taken":[{"damage":11,"enemies":"2 Louse","floor":1,"turns":5},{"damage":7,"enemies":"Small Slimes","floor":2,"turns":4},{"damage":9,"enemies":"Jaw Worm","floor":4,"turns":4},{"damage":24,"enemies":"Gremlin Nob","floor":7,"turns":4},{"damage":0,"enemies":"2 Fungi Beasts","floor":11,"turns":4},{"damage":30,"enemies":"Large Slime","floor":14,"turns":8},{"damage":45,"enemies":"Hexaghost","floor":16,"turns":13}],"seed_played":"2266274821738340131","potions_obtained":[{"floor":1,"key":"Ancient Potion"},{"floor":7,"key":"Energy Potion"},{"floor":14,"key":"AttackPotion"}],"is_trial":false,"path_per_floor":["M","M","?","M","$","R","E","?","T","T","M","?","T","M","R","B"],"character_chosen":"IRONCLAD","items_purchased":["True Grit+1"],"campfire_rested":0,"item_purchase_floors":[5],"current_hp_per_floor":[66,68,50,50,50,50,32,32,32,32,41,62,62,42,42,0],"gold":56,"neow_bonus":"THREE_RARE_CARDS","is_prod":false,"is_daily":false,"chose_seed":false,"campfire_upgraded":2,"win_rate":0,"timestamp":1561958410,"path_taken":["M","M","?","M","$","R","E","?","T","?","M","?","?","M","R","BOSS"],"build_version":"2019-01-23","purchased_purges":1,"victory":false,"max_hp_per_floor":[78,81,81,84,84,84,84,84,84,84,87,87,87,91,91,91],"card_choices":[{"not_picked":["Juggernaut","Offering"],"picked":"Feed","floor":0},{"not_picked":["Havoc","Cleave"],"picked":"True Grit","floor":1},{"not_picked":["Wild Strike","Intimidate"],"picked":"Sever Soul","floor":2},{"not_picked":["Burning Pact+1","Warcry+1"],"picked":"Seeing Red+1","floor":4},{"not_picked":["Flex+1","Reckless Charge"],"picked":"Limit Break+1","floor":7},{"not_picked":["Anger","Headbutt"],"picked":"Armaments+1","floor":11},{"not_picked":["Shrug It Off+1","Headbutt"],"picked":"Disarm+1","floor":14}],"player_experience":1106185,"relics_obtained":[{"floor":7,"key":"Ancient Tea Set"},{"floor":9,"key":"Blue Candle"},{"floor":10,"key":"Oddly Smooth Stone"},{"floor":13,"key":"WingedGreaves"}],"event_choices":[{"damage_healed":0,"gold_gain":0,"player_choice":"Success","damage_taken":18,"relics_obtained":["Toxic Egg 2"],"max_hp_gain":0,"max_hp_loss":0,"event_name":"Scrap Ooze","floor":3,"gold_loss":0},{"damage_healed":0,"gold_gain":0,"player_choice":"Ignored","damage_taken":0,"max_hp_gain":0,"max_hp_loss":0,"event_name":"Shining Light","floor":8,"gold_loss":0},{"damage_healed":21,"gold_gain":0,"player_choice":"Healed","damage_taken":0,"max_hp_gain":0,"max_hp_loss":0,"event_name":"The Cleric","floor":12,"gold_loss":35}],"is_beta":false,"boss_relics":[],"items_purged_floors":[5],"is_endless":false,"potions_floor_spawned":[1,7,14],"killed_by":"Hexaghost","ascension_level":19}