{"gold_per_floor":[113,132,58,69,79,108,108,108,159,194,72,92,92,170,170,274,274,289,30,30,30,120,120,135,154,154,154,154,171,171,181,181,181],"floor_reached":33,"playtime":1244,"items_purged":[],"score":383,"play_id":"06343d1a-245d-41d9-8b82-b71eae1e5ea0","local_time":"20190228225931","is_ascension_mode":true,"campfire_choices":[{"floor":7,"key":"REST"},{"floor":13,"key":"REST"},{"data":"Bouncing Flask","floor":15,"key":"SMITH"},{"floor":23,"key":"REST"},{"data":"Noxious Fumes","floor":28,"key":"SMITH"},{"floor":30,"key":"REST"},{"floor":32,"key":"REST"}],"neow_cost":"NONE","seed_source_timestamp":1136037861992715,"circlet_count":0,"master_deck":["AscendersBane","Defend_G","Defend_G","Defend_G","Defend_G","Defend_G","Strike_G","Strike_G","Strike_G","Survivor","Neutralize","Deflect","Terror","Noxious Fumes+1","Backstab","Caltrops","Cloak And Dagger","Slice","Bouncing Flask+1","Poisoned Stab","Adrenaline","Well Laid Plans+1","RitualDagger","Masterful Stab","Bouncing Flask+1","Bouncing Flask","Poisoned Stab"],"relics":["Ring of the Snake","Matryoshka","Anchor","Snake Skull","Bronze Scales","Sozu","Question Card","Nilry\u0027s Codex","Centennial Puzzle","Frozen Egg 2"],"potions_floor_usage":[6,16,33],"damage_taken":[{"damage":0,"enemies":"Cultist","floor":1,"turns":5},{"damage":4,"enemies":"Jaw Worm","floor":2,"turns":6},{"damage":6,"enemies":"2 Louse","floor":4,"turns":4},{"damage":5,"enemies":"Blue Slaver","floor":5,"turns":4},{"damage":33,"enemies":"3 Sentries","floor":6,"turns":9},{"damage":21,"enemies":"Lagavulin","floor":10,"turns":7},{"damage":0,"enemies":"2 Fungi Beasts","floor":12,"turns":3},{"damage":11,"enemies":"The Guardian","floor":16,"turns":7},{"damage":0,"enemies":"3 Byrds","floor":18,"turns":3},{"damage":5,"enemies":"Shell Parasite","floor":24,"turns":3},{"damage":13,"enemies":"Chosen and Byrds","floor":25,"turns":5},{"damage":0,"enemies":"Centurion and Healer","floor":29,"turns":4},{"damage":18,"enemies":"3 Cultists","floor":31,"turns":4},{"damage":64,"enemies":"Champ","floor":33,"turns":7}],"seed_played":"-5732416870441699825","potions_obtained":[{"floor":5,"key":"Swift Potion"},{"floor":10,"key":"Poison Potion"},{"floor":12,"key":"SteroidPotion"},{"floor":16,"key":"Fire Potion"}],"is_trial":false,"path_per_floor":["M","M","$","M","M","E","R","?","T","E","$","M","R","?","R","B",null,"M","$","?","?","?","R","M","M","T","?","R","M","R","M","R","B"],"character_chosen":"THE_SILENT","items_purchased":["Noxious Fumes","Bouncing Flask","Poisoned Stab","Question Card"],"campfire_rested":5,"item_purchase_floors":[3,11,11,19],"current_hp_per_floor":[70,66,66,60,55,22,45,45,45,24,24,24,47,47,47,36,67,67,67,51,45,31,54,49,36,36,36,36,36,59,41,64,0],"gold":181,"neow_bonus":"TEN_PERCENT_HP_BONUS","is_prod":false,"is_daily":false,"chose_seed":false,"campfire_upgraded":2,"win_rate":0,"timestamp":1551412771,"path_taken":["M","M","$","M","M","E","R","?","T","E","?","M","R","?","R","BOSS","M","$","?","?","?","R","?","M","T","?","R","M","R","M","R","BOSS"],"build_version":"2019-01-23","purchased_purges":0,"victory":false,"max_hp_per_floor":[77,77,77,77,77,77,77,77,77,77,77,77,77,77,77,77,77,77,77,77,77,77,77,77,77,77,77,77,77,77,77,77,77],"card_choices":[{"not_picked":["Blade Dance","Acrobatics"],"picked":"Deflect","floor":1},{"not_picked":["Reflex","Caltrops"],"picked":"Terror","floor":2},{"not_picked":["Underhanded Strike","Blade Dance"],"picked":"Backstab","floor":4},{"not_picked":["Outmaneuver","Backstab"],"picked":"Caltrops","floor":5},{"not_picked":["Setup","Slice"],"picked":"Cloak And Dagger","floor":6},{"not_picked":["Doppelganger","Calculated Gamble"],"picked":"Slice","floor":10},{"not_picked":["Underhanded Strike","Reflex","Outmaneuver"],"picked":"SKIP","floor":12},{"not_picked":["Unload","Phantasmal Killer"],"picked":"Adrenaline","floor":16},{"not_picked":["Crippling Poison","Slice"],"picked":"Well Laid Plans+1","floor":18},{"not_picked":["Blade Dance","Expertise","Flying Knee"],"picked":"Masterful Stab","floor":24},{"not_picked":["Deflect","Dodge and Roll","Bane"],"picked":"Bouncing Flask+1","floor":25},{"not_picked":["Eviscerate+1","Expertise","Outmaneuver"],"picked":"Bouncing Flask","floor":29},{"not_picked":["Dodge and Roll","Predator","Slice"],"picked":"Poisoned Stab","floor":31}],"player_experience":344757,"relics_obtained":[{"floor":6,"key":"Matryoshka"},{"floor":9,"key":"Anchor"},{"floor":9,"key":"Snake Skull"},{"floor":10,"key":"Bronze Scales"},{"floor":20,"key":"Nilry\u0027s Codex"},{"floor":26,"key":"Centennial Puzzle"},{"floor":26,"key":"Frozen Egg 2"}],"event_choices":[{"cards_removed":["Strike_G"],"damage_healed":0,"gold_gain":0,"player_choice":"Offered Basic","damage_taken":0,"max_hp_gain":0,"max_hp_loss":0,"event_name":"Bonfire Elementals","floor":8,"gold_loss":0},{"damage_healed":0,"gold_gain":78,"player_choice":"Gained Gold","damage_taken":0,"max_hp_gain":0,"max_hp_loss":0,"event_name":"Golden Wing","floor":14,"gold_loss":0},{"damage_healed":0,"gold_gain":0,"player_choice":"Obtained Book","damage_taken":16,"max_hp_gain":0,"max_hp_loss":0,"event_name":"Cursed Tome","floor":20,"gold_loss":0},{"damage_healed":0,"gold_gain":0,"player_choice":"Joined the Cult","damage_taken":6,"max_hp_gain":0,"max_hp_loss":0,"event_name":"Nest","floor":21,"gold_loss":0,"cards_obtained":["RitualDagger"]},{"damage_healed":0,"gold_gain":90,"player_choice":"GOLD ","damage_taken":14,"max_hp_gain":0,"max_hp_loss":0,"event_name":"Knowing Skull","floor":22,"potions_obtained":[],"gold_loss":0,"cards_obtained":[]},{"cards_removed":["Strike_G"],"damage_healed":0,"gold_gain":0,"player_choice":"Purged","damage_taken":0,"max_hp_gain":0,"max_hp_loss":0,"event_name":"Purifier","floor":27,"gold_loss":0}],"is_beta":false,"boss_relics":[{"not_picked":["Busted Crown","Coffee Dripper"],"picked":"Sozu"}],"items_purged_floors":[],"is_endless":false,"potions_floor_spawned":[5,10,12,16,18],"killed_by":"Champ","ascension_level":10}