{"gold_per_floor":[112,122,132,144,219,246,89,117,117,117,149,52,52,52,52,156,156,122,140,140,140,140],"floor_reached":22,"playtime":1671,"items_purged":[],"score":202,"play_id":"5a5257fd-1392-4965-b37a-3422cc8feed6","local_time":"20190128173004","is_ascension_mode":false,"campfire_choices":[{"data":"Demon Form","floor":10,"key":"SMITH"},{"floor":13,"key":"REST"},{"floor":15,"key":"REST"}],"neow_cost":"NONE","seed_source_timestamp":887426031911813,"circlet_count":0,"master_deck":["Strike_R","Strike_R","Strike_R","Strike_R","Strike_R","Defend_R","Defend_R","Defend_R","Defend_R","Bash","Pommel Strike","Power Through","Metallicize","Clothesline","Demon Form+1","Uppercut","Cleave","Reaper","Blood for Blood","Carnage","Warcry+1","Headbutt+1"],"relics":["Burning Blood","Bottled Tornado","Blood Vial","Juzu Bracelet","Toxic Egg 2","Prayer Wheel","Pen Nib","Black Star","Dream Catcher"],"potions_floor_usage":[6,8,11],"damage_taken":[{"damage":8,"enemies":"2 Louse","floor":1,"turns":3},{"damage":6,"enemies":"Jaw Worm","floor":2,"turns":3},{"damage":1,"enemies":"Cultist","floor":3,"turns":3},{"damage":7,"enemies":"3 Louse","floor":4,"turns":5},{"damage":23,"enemies":"3 Sentries","floor":6,"turns":10},{"damage":24,"enemies":"Gremlin Nob","floor":8,"turns":5},{"damage":26,"enemies":"3 Sentries","floor":11,"turns":7},{"damage":39,"enemies":"The Guardian","floor":16,"turns":10},{"damage":27,"enemies":"2 Thieves","floor":18,"turns":5},{"damage":6,"enemies":"Chosen","floor":19,"turns":6},{"damage":75,"enemies":"Colosseum Slavers","floor":20,"turns":8},{"damage":13,"enemies":"Shelled Parasite and Fungi","floor":22,"turns":2}],"seed_played":"-3145980371199123876","potions_obtained":[{"floor":2,"key":"SkillPotion"},{"floor":3,"key":"EssenceOfSteel"},{"floor":6,"key":"Fire Potion"},{"floor":16,"key":"SteroidPotion"}],"is_trial":false,"path_per_floor":["M","M","M","M","?","E","$","E","T","R","E","?","R","?","R","B",null,"M","M","?","?","M"],"character_chosen":"IRONCLAD","items_purchased":["Blood Vial"],"campfire_rested":2,"item_purchase_floors":[7],"current_hp_per_floor":[86,86,88,87,76,59,59,43,43,43,25,25,51,51,77,46,88,67,69,10,10,0],"gold":140,"neow_bonus":"TEN_PERCENT_HP_BONUS","is_prod":false,"is_daily":false,"chose_seed":false,"campfire_upgraded":1,"win_rate":0.0,"timestamp":1548714604,"path_taken":["M","M","M","M","?","E","$","E","T","R","E","?","R","?","R","BOSS","M","M","?","?","M"],"build_version":"2019-01-23","purchased_purges":0,"victory":false,"max_hp_per_floor":[88,88,88,88,88,88,88,88,88,88,88,88,88,88,88,88,88,88,88,88,88,88],"card_choices":[{"not_picked":["Entrench","Battle Trance"],"picked":"Pommel Strike","floor":1},{"not_picked":["Corruption","Body Slam"],"picked":"Power Through","floor":2},{"not_picked":["Ghostly Armor","Havoc"],"picked":"Metallicize","floor":3},{"not_picked":["Heavy Blade","Ghostly Armor"],"picked":"Clothesline","floor":4},{"not_picked":["Anger","Havoc"],"picked":"Demon Form","floor":6},{"not_picked":["Havoc","Thunderclap"],"picked":"Uppercut","floor":8},{"not_picked":["Twin Strike","Brutality"],"picked":"Cleave","floor":11},{"not_picked":["Limit Break+1","Juggernaut"],"picked":"Reaper","floor":16},{"not_picked":["Combust","Bloodletting+1"],"picked":"Blood for Blood","floor":18},{"not_picked":["Corruption","Combust"],"picked":"Carnage","floor":18},{"not_picked":["Body Slam+1","Headbutt"],"picked":"Warcry+1","floor":19},{"not_picked":["Rupture+1","Uppercut"],"picked":"Headbutt+1","floor":19}],"player_experience":51404,"relics_obtained":[{"floor":6,"key":"Bottled Tornado"},{"floor":8,"key":"Juzu Bracelet"},{"floor":9,"key":"Toxic Egg 2"},{"floor":11,"key":"Prayer Wheel"}],"event_choices":[{"damage_healed":0,"gold_gain":75,"player_choice":"Gather Gold","damage_taken":11,"max_hp_gain":0,"max_hp_loss":0,"event_name":"World of Goop","floor":5,"gold_loss":0},{"damage_healed":0,"gold_gain":0,"player_choice":"Paid Gold","damage_taken":0,"relics_obtained":["Pen Nib"],"max_hp_gain":0,"max_hp_loss":0,"event_name":"WeMeetAgain","floor":12,"gold_loss":97},{"damage_healed":0,"gold_gain":0,"player_choice":"Ignored","damage_taken":0,"max_hp_gain":0,"max_hp_loss":0,"event_name":"Liars Game","floor":14,"gold_loss":0},{"damage_healed":0,"gold_gain":0,"player_choice":"Fight","damage_taken":0,"max_hp_gain":0,"max_hp_loss":0,"event_name":"Colosseum","floor":20,"gold_loss":0},{"damage_healed":0,"gold_gain":0,"player_choice":"Fled From Nobs","damage_taken":0,"max_hp_gain":0,"max_hp_loss":0,"event_name":"Colosseum","floor":20,"gold_loss":0},{"damage_healed":0,"gold_gain":0,"player_choice":"Opened","damage_taken":0,"relics_obtained":["Dream Catcher"],"max_hp_gain":0,"max_hp_loss":0,"event_name":"The Mausoleum","floor":21,"gold_loss":0}],"is_beta":false,"boss_relics":[{"not_picked":["Empty Cage","White Beast Statue"],"picked":"Black Star"}],"items_purged_floors":[],"is_endless":false,"potions_floor_spawned":[2,3,6,16,20],"killed_by":"Shelled Parasite and Fungi","ascension_level":0}