{"gold_per_floor":[111,111,125,143,24,59,59,10,88,88,101,26,26,42,42,139,189,207,225,242,92,111,111,145,170,182,194],"floor_reached":27,"playtime":2379,"items_purged":["Bash"],"score":285,"play_id":"a09fcf31-0e38-4f78-b01f-f0d2f35f049a","local_time":"20190130152440","is_ascension_mode":false,"campfire_choices":[{"data":"True Grit","floor":7,"key":"SMITH"},{"data":"Rage","floor":10,"key":"SMITH"},{"data":"Pommel Strike","floor":13,"key":"SMITH"},{"data":"Disarm","floor":15,"key":"SMITH"},{"floor":23,"key":"REST"}],"neow_cost":"PERCENT_DAMAGE","seed_source_timestamp":1051994316382914,"circlet_count":0,"master_deck":["Strike_R","Strike_R","Strike_R+1","Strike_R","Strike_R","Defend_R","Defend_R","Defend_R","Defend_R","Feed","Rage+1","Spot Weakness","Clash","Flex","Pommel Strike+1","True Grit+1","Spot Weakness","Clash","Shrug It Off+1","Disarm+1","Barricade+1","True Grit","Rampage+1","Fire Breathing+1","Anger+1","Blood for Blood+1","Clash+1"],"relics":["Burning Blood","Oddly Smooth Stone","Frozen Egg 2","Tiny House","Whetstone","MawBank","Darkstone Periapt"],"potions_floor_usage":[6,16,16,22,24,25,27],"damage_taken":[{"damage":8,"enemies":"Small Slimes","floor":1,"turns":3},{"damage":1,"enemies":"Cultist","floor":3,"turns":4},{"damage":0,"enemies":"2 Louse","floor":4,"turns":3},{"damage":29,"enemies":"3 Sentries","floor":6,"turns":8},{"damage":7,"enemies":"Large Slime","floor":11,"turns":5},{"damage":2,"enemies":"Blue Slaver","floor":14,"turns":3},{"damage":41,"enemies":"Slime Boss","floor":16,"turns":14},{"damage":17,"enemies":"Spheric Guardian","floor":18,"turns":7},{"damage":11,"enemies":"Shell Parasite","floor":19,"turns":7},{"damage":33,"enemies":"Cultist and Chosen","floor":20,"turns":10},{"damage":26,"enemies":"Centurion and Healer","floor":22,"turns":7},{"damage":65,"enemies":"Slavers","floor":24,"turns":9},{"damage":23,"enemies":"Snecko","floor":25,"turns":6},{"damage":24,"enemies":"Book of Stabbing","floor":27,"turns":4}],"seed_played":"-2062661774129093353","potions_obtained":[{"floor":1,"key":"Fire Potion"},{"floor":3,"key":"GamblersBrew"},{"floor":11,"key":"Ancient Potion"},{"floor":16,"key":"BloodPotion"},{"floor":17,"key":"PowerPotion"},{"floor":20,"key":"Weak Potion"},{"floor":22,"key":"PowerPotion"}],"is_trial":false,"path_per_floor":["M","?","M","M","$","E","R","$","T","R","M","$","R","M","R","B",null,"M","M","M","$","M","R","E","M","T","E"],"character_chosen":"IRONCLAD","items_purchased":["Flex","Pommel Strike","True Grit","Clash","Whetstone"],"campfire_rested":1,"item_purchase_floors":[5,5,5,8,21],"current_hp_per_floor":[57,83,86,86,86,66,66,66,66,66,68,68,68,72,72,40,100,92,90,66,66,59,92,33,16,16,0],"gold":194,"neow_bonus":"THREE_RARE_CARDS","is_prod":false,"is_daily":false,"chose_seed":false,"campfire_upgraded":4,"win_rate":0.0,"timestamp":1548879880,"path_taken":["M","?","M","M","$","E","R","$","T","R","?","$","R","M","R","BOSS","M","M","M","$","?","R","E","?","T","E"],"build_version":"2019-01-23","purchased_purges":1,"victory":false,"max_hp_per_floor":[83,83,86,86,86,89,89,89,89,89,92,92,92,92,92,95,100,103,106,109,109,112,112,112,112,112,112],"card_choices":[{"not_picked":["Double Tap","Berserk"],"picked":"Feed","floor":0},{"not_picked":["Infernal Blade","Twin Strike"],"picked":"Rage","floor":1},{"not_picked":["Warcry","Clothesline"],"picked":"Spot Weakness","floor":3},{"not_picked":["Iron Wave","Twin Strike"],"picked":"Clash","floor":4},{"not_picked":["Wild Strike","Perfected Strike"],"picked":"Spot Weakness","floor":6},{"not_picked":["Sword Boomerang","Thunderclap"],"picked":"Shrug It Off","floor":11},{"not_picked":["Searing Blow","Fire Breathing+1"],"picked":"Disarm","floor":14},{"not_picked":["Bludgeon","Fiend Fire"],"picked":"Barricade+1","floor":16},{"not_picked":["Rage","Anger"],"picked":"True Grit","floor":17},{"not_picked":["Body Slam","Corruption+1"],"picked":"Rampage","floor":18},{"not_picked":["Body Slam","Blood for Blood"],"picked":"Fire Breathing+1","floor":19},{"not_picked":["Burning Pact+1","Feel No Pain+1"],"picked":"Anger+1","floor":20},{"not_picked":["Pommel Strike","Feel No Pain+1"],"picked":"Blood for Blood+1","floor":22},{"not_picked":["Thunderclap","Rupture+1"],"picked":"Clash+1","floor":24},{"not_picked":["Pommel Strike","Clothesline","Headbutt"],"picked":"SKIP","floor":25}],"player_experience":80982,"relics_obtained":[{"floor":6,"key":"Oddly Smooth Stone"},{"floor":9,"key":"Frozen Egg 2"},{"floor":24,"key":"MawBank"},{"floor":26,"key":"Darkstone Periapt"}],"event_choices":[{"damage_healed":26,"gold_gain":0,"player_choice":"Full Heal","damage_taken":0,"max_hp_gain":0,"max_hp_loss":0,"event_name":"Wheel of Change","floor":2,"gold_loss":0}],"is_beta":false,"boss_relics":[{"not_picked":["Calling Bell","Runic Cube"],"picked":"Tiny House"}],"items_purged_floors":[12],"is_endless":false,"potions_floor_spawned":[1,3,11,16,20,22],"killed_by":"Book of Stabbing","ascension_level":0}