{"gold_per_floor":[110,127,146,146,166,199,199,212,238,238,14,14,14,44,44,44],"floor_reached":16,"playtime":972,"items_purged":[],"score":110,"play_id":"e64d8a1c-afe1-4cbd-b85c-a3b2d972b52b","local_time":"20190506225945","is_ascension_mode":false,"campfire_choices":[{"data":"Rage","floor":10,"key":"SMITH"},{"data":"Fire Breathing","floor":13,"key":"SMITH"},{"floor":15,"key":"REST"}],"neow_cost":"NONE","seed_source_timestamp":739984403467949,"circlet_count":0,"master_deck":["Strike_R","Strike_R","Strike_R","Strike_R","Strike_R","Defend_R","Defend_R","Defend_R","Defend_R","Bash","Clash+1","Rage+1","Fire Breathing+1","Armaments+1","Twin Strike","Armaments","Shrug It Off","Battle Trance"],"relics":["Burning Blood","Omamori","Lantern","Bag of Preparation","Bag of Marbles"],"potions_floor_usage":[6,6,14],"damage_taken":[{"damage":6,"enemies":"Jaw Worm","floor":1,"turns":3},{"damage":0,"enemies":"2 Louse","floor":2,"turns":3},{"damage":0,"enemies":"Cultist","floor":3,"turns":3},{"damage":7,"enemies":"Gremlin Gang","floor":5,"turns":6},{"damage":20,"enemies":"Lagavulin","floor":6,"turns":4},{"damage":7,"enemies":"Blue Slaver","floor":8,"turns":4},{"damage":9,"enemies":"3 Sentries","floor":14,"turns":8},{"damage":81,"enemies":"Slime Boss","floor":16,"turns":15}],"seed_played":"2868087497392166229","potions_obtained":[{"floor":1,"key":"SteroidPotion"},{"floor":3,"key":"Strength Potion"},{"floor":8,"key":"EssenceOfSteel"}],"is_trial":false,"path_per_floor":["M","M","M","?","M","E","?","M","T","R","$","?","R","E","R","B"],"character_chosen":"IRONCLAD","items_purchased":["Bag of Preparation","Battle Trance"],"campfire_rested":1,"item_purchase_floors":[11,11],"current_hp_per_floor":[80,80,80,64,63,49,69,68,68,68,68,68,68,65,80,0],"gold":44,"neow_bonus":"THREE_CARDS","is_prod":false,"is_daily":false,"chose_seed":false,"campfire_upgraded":2,"win_rate":0,"timestamp":1557208785,"path_taken":["M","M","M","?","M","E","?","M","T","R","$","?","R","E","R","BOSS"],"build_version":"2019-01-23","purchased_purges":0,"victory":false,"max_hp_per_floor":[80,80,80,80,80,80,80,80,80,80,80,80,80,80,80,80],"card_choices":[{"not_picked":["Whirlwind","Clothesline"],"picked":"Clash","floor":0},{"not_picked":["Ghostly Armor","Flame Barrier"],"picked":"Rage","floor":1},{"not_picked":["Warcry","Heavy Blade"],"picked":"Fire Breathing","floor":2},{"not_picked":["Wild Strike","True Grit"],"picked":"Armaments","floor":3},{"not_picked":["Clothesline","Flex"],"picked":"Twin Strike","floor":5},{"not_picked":["Evolve","Heavy Blade"],"picked":"Armaments","floor":6},{"not_picked":["Perfected Strike","Anger"],"picked":"Shrug It Off","floor":8},{"not_picked":["Heavy Blade","Fiend Fire","Warcry"],"picked":"SKIP","floor":14}],"player_experience":126242,"relics_obtained":[{"floor":6,"key":"Omamori"},{"floor":9,"key":"Lantern"},{"floor":14,"key":"Bag of Marbles"}],"event_choices":[{"damage_healed":0,"gold_gain":0,"player_choice":"Entered Light","damage_taken":16,"max_hp_gain":0,"max_hp_loss":0,"event_name":"Shining Light","floor":4,"gold_loss":0,"cards_upgraded":["Armaments","Clash"]},{"damage_healed":20,"gold_gain":0,"player_choice":"Healed and dodged fight","damage_taken":0,"max_hp_gain":0,"max_hp_loss":0,"event_name":"Mushrooms","floor":7,"gold_loss":0,"cards_obtained":["Parasite"]},{"damage_healed":0,"gold_gain":0,"player_choice":"Leave","damage_taken":0,"max_hp_gain":0,"max_hp_loss":0,"event_name":"The Cleric","floor":12,"gold_loss":0}],"is_beta":false,"boss_relics":[],"items_purged_floors":[],"is_endless":false,"potions_floor_spawned":[1,3,8],"killed_by":"Slime Boss","ascension_level":0}