{"gold_per_floor":[110,126,145,145,157,157,186,205,205,222,241,241,21,32,32,128,128,139,139,151,151,169,202,202,219,219,219,238,248,298,46,46,147,147,162,189,201,201,211,211,211],"floor_reached":41,"playtime":2461,"items_purged":["Defend_R","Writhe"],"score":486,"play_id":"0da4ffb7-2bf1-4004-9665-b46f5649c9a4","local_time":"20190603182551","is_ascension_mode":true,"campfire_choices":[{"data":"Whirlwind","floor":6,"key":"SMITH"},{"floor":15,"key":"REST"},{"floor":27,"key":"REST"},{"floor":32,"key":"REST"},{"data":"Dark Embrace","floor":40,"key":"SMITH"}],"neow_cost":"NONE","seed_source_timestamp":683512240149980,"circlet_count":0,"master_deck":["Strike_R+1","Strike_R+1","Strike_R+1","Strike_R+1","Strike_R+1","Defend_R+1","Defend_R+1","Defend_R+1","Bash+1","Thunderclap","Whirlwind+1","Flame Barrier","Decay","Rage","Impervious","Sentinel","Second Wind","Anger","Feed","Shrug It Off","Dark Embrace+1","Pommel Strike+1","Evolve","Wild Strike+1","Offering","Impervious","Wild Strike+1","Feel No Pain+1"],"relics":["Burning Blood","Pantograph","Mummified Hand","Anchor","Sozu","MutagenicStrength","Letter Opener","Mercury Hourglass","Darkstone Periapt","Potion Belt","Runic Pyramid","Ancient Tea Set"],"potions_floor_usage":[7,8,11,16,18],"damage_taken":[{"damage":9,"enemies":"Jaw Worm","floor":1,"turns":3},{"damage":1,"enemies":"Cultist","floor":2,"turns":3},{"damage":6,"enemies":"Small Slimes","floor":3,"turns":4},{"damage":16,"enemies":"Looter","floor":5,"turns":4},{"damage":30,"enemies":"Gremlin Nob","floor":7,"turns":4},{"damage":19,"enemies":"Large Slime","floor":8,"turns":7},{"damage":10,"enemies":"Red Slaver","floor":10,"turns":4},{"damage":11,"enemies":"Exordium Wildlife","floor":11,"turns":3},{"damage":2,"enemies":"Gremlin Gang","floor":14,"turns":3},{"damage":48,"enemies":"The Guardian","floor":16,"turns":13},{"damage":0,"enemies":"Spheric Guardian","floor":18,"turns":3},{"damage":12,"enemies":"Shell Parasite","floor":20,"turns":5},{"damage":0,"enemies":"Snake Plant","floor":22,"turns":4},{"damage":23,"enemies":"Gremlin Leader","floor":23,"turns":8},{"damage":26,"enemies":"Snecko","floor":25,"turns":5},{"damage":17,"enemies":"Shelled Parasite and Fungi","floor":28,"turns":6},{"damage":21,"enemies":"Centurion and Healer","floor":29,"turns":6},{"damage":69,"enemies":"Automaton","floor":33,"turns":11},{"damage":12,"enemies":"Orb Walker","floor":35,"turns":4},{"damage":11,"enemies":"3 Darklings","floor":37,"turns":3},{"damage":16,"enemies":"Sphere and 2 Shapes","floor":39,"turns":6},{"damage":100,"enemies":"Giant Head","floor":41,"turns":8}],"seed_played":"-5410564186586491310","potions_obtained":[{"floor":5,"key":"Energy Potion"},{"floor":7,"key":"BloodPotion"},{"floor":10,"key":"Weak Potion"},{"floor":14,"key":"Explosive Potion"},{"floor":16,"key":"Fire Potion"}],"is_trial":false,"path_per_floor":["M","M","M","?","M","R","E","M","T","M","M","?","$","M","R","B",null,"M","?","M","?","M","E","?","M","T","R","M","M","T","$","R","B",null,"M","T","M","?","M","R","E"],"character_chosen":"IRONCLAD","items_purchased":["Anchor","Offering"],"campfire_rested":3,"item_purchase_floors":[13,31],"current_hp_per_floor":[77,80,80,80,70,70,46,41,41,37,32,32,32,36,60,38,80,83,83,77,77,83,69,69,52,52,78,70,55,55,55,82,29,92,89,89,84,84,77,77,0],"gold":211,"neow_bonus":"UPGRADE_CARD","is_prod":false,"is_daily":false,"chose_seed":false,"campfire_upgraded":2,"win_rate":0,"timestamp":1559611551,"path_taken":["M","M","M","?","M","R","E","?","T","?","M","?","?","M","R","BOSS","M","?","M","?","M","E","?","M","T","R","M","M","?","?","R","BOSS","M","?","M","?","M","R","E"],"build_version":"2019-01-23","purchased_purges":2,"victory":false,"max_hp_per_floor":[80,80,80,80,80,80,80,80,80,80,80,80,80,80,80,80,80,83,83,83,83,83,86,86,89,89,89,92,92,92,92,92,92,92,95,95,95,95,98,98,98],"card_choices":[{"not_picked":["Heavy Blade","Second Wind"],"picked":"Thunderclap","floor":1},{"not_picked":["Dual Wield","Warcry"],"picked":"Whirlwind","floor":2},{"not_picked":["Twin Strike","Body Slam"],"picked":"Flame Barrier","floor":3},{"not_picked":["Perfected Strike","Clash"],"picked":"Rage","floor":5},{"not_picked":["Disarm","Juggernaut"],"picked":"Impervious","floor":7},{"not_picked":["Clothesline","Pommel Strike"],"picked":"Sentinel","floor":8},{"not_picked":["Battle Trance","Combust"],"picked":"Second Wind","floor":10},{"not_picked":["Heavy Blade","Anger","Iron Wave"],"picked":"SKIP","floor":11},{"not_picked":["Heavy Blade","Iron Wave"],"picked":"Anger","floor":14},{"not_picked":["Demon Form","Brutality"],"picked":"Feed","floor":16},{"not_picked":["Armaments","Whirlwind"],"picked":"Shrug It Off","floor":18},{"not_picked":["Wild Strike","Clash+1","Anger"],"picked":"SKIP","floor":20},{"not_picked":["Pommel Strike","Cleave"],"picked":"Dark Embrace","floor":22},{"not_picked":["Havoc","Corruption"],"picked":"Pommel Strike+1","floor":23},{"not_picked":["Iron Wave+1","Inflame"],"picked":"Evolve","floor":25},{"not_picked":["Havoc","Hemokinesis"],"picked":"Wild Strike+1","floor":28},{"not_picked":["Brutality","Perfected Strike+1","Shrug It Off"],"picked":"SKIP","floor":29},{"not_picked":["Barricade","Bludgeon"],"picked":"Impervious","floor":33},{"not_picked":["Shrug It Off+1","Searing Blow","Disarm+1"],"picked":"SKIP","floor":35},{"not_picked":["Iron Wave","Ghostly Armor","Twin Strike"],"picked":"SKIP","floor":37},{"not_picked":["Pommel Strike","Cleave+1"],"picked":"Feel No Pain+1","floor":39}],"player_experience":284082,"relics_obtained":[{"floor":7,"key":"Pantograph"},{"floor":9,"key":"Mummified Hand"},{"floor":23,"key":"Letter Opener"},{"floor":26,"key":"Darkstone Periapt"},{"floor":30,"key":"Potion Belt"},{"floor":36,"key":"Ancient Tea Set"}],"event_choices":[{"damage_healed":0,"gold_gain":0,"player_choice":"Cursed","damage_taken":0,"max_hp_gain":0,"max_hp_loss":0,"event_name":"Wheel of Change","floor":4,"gold_loss":0,"cards_obtained":["Decay"]},{"damage_healed":0,"gold_gain":0,"player_choice":"Fled","damage_taken":0,"max_hp_gain":0,"max_hp_loss":0,"event_name":"Scrap Ooze","floor":12,"gold_loss":0},{"damage_healed":0,"gold_gain":0,"player_choice":"Simplicity","damage_taken":0,"max_hp_gain":0,"max_hp_loss":0,"event_name":"Back to Basics","floor":19,"gold_loss":0,"cards_upgraded":["Strike_R","Strike_R","Strike_R","Strike_R","Strike_R","Defend_R","Defend_R","Defend_R"]},{"damage_healed":0,"gold_gain":0,"player_choice":"Inject Mutagens","damage_taken":0,"relics_obtained":["MutagenicStrength"],"max_hp_gain":0,"max_hp_loss":0,"event_name":"Drug Dealer","floor":21,"gold_loss":0},{"damage_healed":0,"gold_gain":0,"player_choice":"Opened","damage_taken":0,"relics_obtained":["Mercury Hourglass"],"max_hp_gain":0,"max_hp_loss":0,"event_name":"The Mausoleum","floor":24,"gold_loss":0,"cards_obtained":["Writhe"]},{"damage_healed":0,"gold_gain":0,"player_choice":"Copied","damage_taken":0,"max_hp_gain":0,"max_hp_loss":0,"event_name":"Duplicator","floor":38,"gold_loss":0,"cards_obtained":["Wild Strike"]}],"is_beta":false,"boss_relics":[{"not_picked":["Black Blood","Velvet Choker"],"picked":"Sozu"},{"not_picked":["Tiny House","Astrolabe"],"picked":"Runic Pyramid"}],"items_purged_floors":[13,31],"is_endless":false,"potions_floor_spawned":[5,7,10,14,16,18,25,28,29,33,35,39],"killed_by":"Giant Head","ascension_level":2}