{"gold_per_floor":[119,119,51,67,87,122,122,102,125,125,141,160,178,205,205,205],"floor_reached":16,"playtime":879,"items_purged":[],"score":134,"play_id":"acbd651b-7572-465b-853e-9659c60c8d52","local_time":"20190629154026","is_ascension_mode":true,"campfire_choices":[{"data":"Corruption","floor":7,"key":"SMITH"},{"floor":10,"key":"REST"},{"data":"Immolate","floor":15,"key":"SMITH"}],"neow_cost":"NONE","seed_source_timestamp":570931501206785,"circlet_count":0,"master_deck":["Strike_R","Strike_R","Strike_R","Strike_R","Defend_R","Defend_R","Defend_R","Defend_R","Bash","Corruption+1","Dual Wield","Thunderclap","Sever Soul","Immolate+1","Pommel Strike","Pommel Strike","Combust","Shrug It Off"],"relics":["Burning Blood","Juzu Bracelet","Omamori","Blood Vial"],"potions_floor_usage":[4,6,6,16,16],"damage_taken":[{"damage":7,"enemies":"2 Louse","floor":1,"turns":3},{"damage":5,"enemies":"Cultist","floor":4,"turns":4},{"damage":8,"enemies":"Jaw Worm","floor":5,"turns":5},{"damage":30,"enemies":"3 Sentries","floor":6,"turns":8},{"damage":0,"enemies":"Large Slime","floor":11,"turns":5},{"damage":7,"enemies":"Looter","floor":12,"turns":3},{"damage":9,"enemies":"Red Slaver","floor":13,"turns":2},{"damage":32,"enemies":"Gremlin Nob","floor":14,"turns":4},{"damage":53,"enemies":"Slime Boss","floor":16,"turns":7}],"seed_played":"6120633159019467051","potions_obtained":[{"floor":0,"key":"FearPotion"},{"floor":0,"key":"Ancient Potion"},{"floor":0,"key":"SkillPotion"},{"floor":4,"key":"Poison Potion"},{"floor":6,"key":"PowerPotion"},{"floor":8,"key":"LiquidBronze"},{"floor":12,"key":"GamblersBrew"}],"is_trial":false,"path_per_floor":["M","?","$","M","M","E","R","?","T","R","M","M","M","E","R","B"],"character_chosen":"IRONCLAD","items_purchased":["Dual Wield"],"campfire_rested":1,"item_purchase_floors":[3],"current_hp_per_floor":[79,79,79,80,78,54,54,54,54,78,80,79,76,50,50,0],"gold":205,"neow_bonus":"THREE_SMALL_POTIONS","is_prod":false,"is_daily":false,"chose_seed":false,"campfire_upgraded":2,"win_rate":0,"timestamp":1561848026,"path_taken":["M","?","$","M","M","E","R","?","T","R","M","M","M","E","R","BOSS"],"build_version":"2019-01-23","purchased_purges":0,"victory":false,"max_hp_per_floor":[80,80,80,80,80,80,80,80,80,80,80,80,80,80,80,80],"card_choices":[{"not_picked":["Armaments","Infernal Blade"],"picked":"Corruption","floor":1},{"not_picked":["Blood for Blood","Twin Strike"],"picked":"Thunderclap","floor":4},{"not_picked":["Fire Breathing","Disarm"],"picked":"Sever Soul","floor":5},{"not_picked":["Perfected Strike","Pommel Strike"],"picked":"Immolate","floor":6},{"not_picked":["Clash","Flex"],"picked":"Pommel Strike","floor":11},{"not_picked":["Twin Strike","Havoc"],"picked":"Pommel Strike","floor":12},{"not_picked":["True Grit","Ghostly Armor"],"picked":"Combust","floor":13},{"not_picked":["Dropkick","Seeing Red"],"picked":"Shrug It Off","floor":14}],"player_experience":526586,"relics_obtained":[{"floor":6,"key":"Juzu Bracelet"},{"floor":9,"key":"Omamori"},{"floor":14,"key":"Blood Vial"}],"event_choices":[{"cards_removed":["Strike_R"],"damage_healed":0,"gold_gain":0,"player_choice":"Offered Basic","damage_taken":0,"max_hp_gain":0,"max_hp_loss":0,"event_name":"Bonfire Elementals","floor":2,"gold_loss":0},{"damage_healed":0,"gold_gain":0,"player_choice":"Bought 1 Potion","damage_taken":0,"max_hp_gain":0,"max_hp_loss":0,"event_name":"The Woman in Blue","floor":8,"gold_loss":0}],"is_beta":false,"boss_relics":[],"items_purged_floors":[],"is_endless":false,"potions_floor_spawned":[4,6,11,12],"killed_by":"Slime Boss","ascension_level":4}