{"gold_per_floor":[119,119,44,9,27,52,164,189,228,240,252,297,325,402,414,524,536,567,579,591,603,632,644,682,316,316,316,316,330,42,53,53,149,149,165,179,4,0,14,14,30,45,45,57,57,57,71,85,85,85],"floor_reached":50,"playtime":3304,"items_purged":["Strike_B","Fission","Recycle"],"score":615,"play_id":"1e7c8e9b-1c4d-4001-9064-54824274f88d","local_time":"20190211153752","is_ascension_mode":true,"campfire_choices":[{"data":"Fusion","floor":10,"key":"SMITH"},{"floor":15,"key":"REST"},{"floor":23,"key":"REST"},{"floor":28,"key":"REST"},{"floor":32,"key":"REST"},{"data":"Echo Form","floor":40,"key":"SMITH"},{"floor":49,"key":"REST"}],"neow_cost":"NONE","seed_source_timestamp":38224900992143,"circlet_count":0,"master_deck":["Zap+1","Dualcast","Trip+1","Doom and Gloom","Go for the Eyes","Fusion+1","Self Repair","Sunder","FTL","Echo Form+1","Stack","Doom and Gloom","Coolheaded","Gash","RitualDagger","Darkness","Glacier","Beam Cell+1","Lockon+1","Hologram+1","Rebound+1","Conserve Battery","Electrodynamics","Writhe","Redo+1","Parasite","Auto Shields"],"relics":["Cracked Core","MawBank","Bag of Marbles","Juzu Bracelet","Pear","Pandora\u0027s Box","Peace Pipe","Membership Card","Molten Egg 2","Shuriken","War Paint","Bird Faced Urn","Nuclear Battery","DataDisk","ClockworkSouvenir","Red Mask","Meat on the Bone"],"potions_floor_usage":[24,24,33,33,33,33,33,33,41,48],"damage_taken":[{"damage":0,"enemies":"2 Louse","floor":1,"turns":2},{"damage":0,"enemies":"Jaw Worm","floor":5,"turns":3},{"damage":25,"enemies":"3 Sentries","floor":6,"turns":8},{"damage":0,"enemies":"Small Slimes","floor":8,"turns":1},{"damage":8,"enemies":"Gremlin Nob","floor":12,"turns":3},{"damage":10,"enemies":"Red Slaver","floor":13,"turns":2},{"damage":48,"enemies":"Gremlin Nob","floor":14,"turns":5},{"damage":18,"enemies":"Slime Boss","floor":16,"turns":9},{"damage":25,"enemies":"Chosen","floor":18,"turns":5},{"damage":21,"enemies":"3 Byrds","floor":22,"turns":4},{"damage":27,"enemies":"Gremlin Leader","floor":24,"turns":6},{"damage":43,"enemies":"Snake Plant","floor":29,"turns":5},{"damage":17,"enemies":"Cultist and Chosen","floor":31,"turns":5},{"damage":29,"enemies":"Champ","floor":33,"turns":9},{"damage":17,"enemies":"3 Darklings","floor":35,"turns":4},{"damage":0,"enemies":"3 Shapes","floor":36,"turns":3},{"damage":29,"enemies":"Maw","floor":39,"turns":7},{"damage":39,"enemies":"Jaw Worm Horde","floor":41,"turns":3},{"damage":21,"enemies":"Spire Growth","floor":42,"turns":5},{"damage":27,"enemies":"3 Darklings","floor":44,"turns":4},{"damage":29,"enemies":"Sphere and 2 Shapes","floor":47,"turns":5},{"damage":7,"enemies":"Writhing Mass","floor":48,"turns":5},{"damage":73,"enemies":"Donu and Deca","floor":50,"turns":6}],"seed_played":"8368199939263237087","potions_obtained":[{"floor":5,"key":"Block Potion"},{"floor":8,"key":"GamblersBrew"},{"floor":13,"key":"Swift Potion"},{"floor":16,"key":"FocusPotion"},{"floor":24,"key":"GamblersBrew"},{"floor":31,"key":"EntropicBrew"},{"floor":36,"key":"SteroidPotion"},{"floor":47,"key":"Weak Potion"}],"is_trial":false,"path_per_floor":["M","?","$","?","M","E","?","M","T","R","?","E","M","?","R","B",null,"M","?","?","?","M","R","E","$","T","?","R","M","$","M","R","B",null,"M","M","$","?","M","R","M","M","T","M","?","?","M","M","R","B"],"character_chosen":"DEFECT","items_purchased":["Membership Card","Molten Egg 2","War Paint","Bird Faced Urn","DataDisk","ClockworkSouvenir"],"campfire_rested":5,"item_purchase_floors":[25,25,30,30,37,37],"current_hp_per_floor":[75,60,60,75,75,50,50,50,50,50,75,67,64,33,58,47,76,58,42,42,36,29,56,36,36,36,36,63,34,34,28,55,48,80,65,74,74,74,58,58,41,24,24,13,36,36,30,39,66,0],"gold":85,"neow_bonus":"RANDOM_COLORLESS","is_prod":false,"is_daily":false,"chose_seed":false,"campfire_upgraded":2,"win_rate":0,"timestamp":1549917472,"path_taken":["M","?","$","?","M","E","?","?","T","R","?","E","M","?","R","BOSS","M","?","?","?","M","R","E","$","T","?","R","M","$","M","R","BOSS","M","M","$","?","M","R","M","M","T","M","?","?","M","M","R","BOSS"],"build_version":"2019-01-23","purchased_purges":3,"victory":false,"max_hp_per_floor":[75,75,75,75,75,75,75,75,75,75,75,75,75,85,85,85,85,85,90,90,90,90,90,90,90,90,90,90,90,90,90,90,90,90,90,90,90,90,90,90,90,90,90,90,90,90,90,90,90,90],"card_choices":[{"not_picked":["Reinforced Body","Reprogram"],"picked":"Doom and Gloom","floor":1},{"not_picked":["Steam Power","Turbo"],"picked":"Go for the Eyes","floor":5},{"not_picked":["Double Energy","Chaos"],"picked":"Fusion","floor":6},{"not_picked":["Barrage","Redo"],"picked":"Self Repair","floor":8},{"not_picked":["Rebound","Gash"],"picked":"Sunder","floor":12},{"not_picked":["Ball Lightning","Rainbow"],"picked":"Defragment","floor":13},{"not_picked":["Gash","Streamline"],"picked":"FTL","floor":14},{"not_picked":["Fission","All For One"],"picked":"Echo Form","floor":16},{"not_picked":["Sweeping Beam","Coolheaded","Barrage"],"picked":"SKIP","floor":18},{"not_picked":["Hologram","Streamline"],"picked":"Darkness","floor":22},{"not_picked":["Darkness","Electrodynamics"],"picked":"Glacier","floor":24},{"not_picked":["Turbo+1","Hello World+1"],"picked":"Beam Cell+1","floor":29},{"not_picked":["Go for the Eyes+1","Turbo+1"],"picked":"Lockon+1","floor":31},{"not_picked":["Compile Driver+1","Leap"],"picked":"Hologram+1","floor":35},{"not_picked":["Compile Driver+1","Skim","Steam"],"picked":"SKIP","floor":36},{"not_picked":["Steam","Cold Snap+1"],"picked":"Rebound+1","floor":39},{"not_picked":["Cold Snap+1","Recycle"],"picked":"Conserve Battery","floor":41},{"not_picked":["Sweeping Beam+1","Rebound+1","Hello World+1"],"picked":"SKIP","floor":42},{"not_picked":["Coolheaded+1","Stack"],"picked":"Electrodynamics","floor":44},{"not_picked":["Rebound+1","Self Repair+1"],"picked":"Redo+1","floor":47},{"not_picked":["Coolheaded","Redo"],"picked":"Auto Shields","floor":48}],"player_experience":221659,"relics_obtained":[{"floor":6,"key":"MawBank"},{"floor":9,"key":"Bag of Marbles"},{"floor":12,"key":"Juzu Bracelet"},{"floor":14,"key":"Pear"},{"floor":24,"key":"Peace Pipe"},{"floor":26,"key":"Shuriken"},{"floor":43,"key":"Meat on the Bone"}],"event_choices":[{"damage_healed":0,"gold_gain":0,"player_choice":"Entered Light","damage_taken":15,"max_hp_gain":0,"max_hp_loss":0,"event_name":"Shining Light","floor":2,"gold_loss":0,"cards_upgraded":["Defend_B","Defend_B"]},{"damage_healed":18,"gold_gain":0,"player_choice":"Healed","damage_taken":0,"max_hp_gain":0,"max_hp_loss":0,"event_name":"The Cleric","floor":4,"gold_loss":35},{"damage_healed":0,"gold_gain":100,"player_choice":"Pray","damage_taken":0,"max_hp_gain":0,"max_hp_loss":0,"event_name":"Golden Shrine","floor":7,"gold_loss":0},{"damage_healed":25,"gold_gain":0,"player_choice":"Banana","damage_taken":0,"max_hp_gain":0,"max_hp_loss":0,"event_name":"Big Fish","floor":11,"gold_loss":0},{"damage_healed":0,"gold_gain":0,"player_choice":"Searched \u00271\u0027 times","damage_taken":0,"max_hp_gain":0,"max_hp_loss":0,"event_name":"Dead Adventurer","floor":14,"gold_loss":0},{"damage_healed":0,"gold_gain":0,"player_choice":"Shed Blood","damage_taken":21,"max_hp_gain":5,"max_hp_loss":0,"event_name":"Forgotten Altar","floor":19,"gold_loss":0},{"cards_removed":["Fission"],"damage_healed":0,"gold_gain":0,"player_choice":"Elegance","damage_taken":0,"max_hp_gain":0,"max_hp_loss":0,"event_name":"Back to Basics","floor":20,"gold_loss":0},{"damage_healed":0,"gold_gain":0,"player_choice":"Joined the Cult","damage_taken":6,"max_hp_gain":0,"max_hp_loss":0,"event_name":"Nest","floor":21,"gold_loss":0,"cards_obtained":["RitualDagger"]},{"damage_healed":0,"gold_gain":0,"player_choice":"Ignored","damage_taken":0,"max_hp_gain":0,"max_hp_loss":0,"event_name":"Vampires","floor":27,"gold_loss":0},{"damage_healed":0,"gold_gain":0,"player_choice":"Paid","damage_taken":0,"relics_obtained":["Red Mask"],"max_hp_gain":0,"max_hp_loss":0,"event_name":"Tomb of Lord Red Mask","floor":38,"gold_loss":4},{"damage_healed":23,"gold_gain":0,"player_choice":"Writhe","damage_taken":0,"max_hp_gain":0,"max_hp_loss":0,"event_name":"Winding Halls","floor":45,"gold_loss":0,"cards_obtained":["Writhe"]},{"cards_removed":["Defragment"],"damage_healed":0,"gold_gain":0,"player_choice":"Removed Power","damage_taken":0,"max_hp_gain":0,"max_hp_loss":0,"event_name":"Falling","floor":46,"gold_loss":0}],"is_beta":false,"boss_relics":[{"not_picked":["Eternal Feather","Calling Bell"],"picked":"Pandora\u0027s Box"},{"not_picked":["FrozenCore","Coffee Dripper"],"picked":"Nuclear Battery"}],"items_purged_floors":[3,25,30],"is_endless":false,"potions_floor_spawned":[5,8,13,16,18,24,31,36,47],"killed_by":"Donu and Deca","ascension_level":5}