{"gold_per_floor":[116,129,129,147,147,175,175,15,41,41,51,67,93,103,103,181,181,195,195,195,195,215,215,242,242,268,193,211,111,111,111,111,183,183,195,195,195,195,206,206,206],"floor_reached":41,"playtime":1070,"items_purged":["Strike_R","Strike_R"],"score":859,"play_id":"24bb8198-7eb2-42f7-90a6-3765f9d19b13","local_time":"20190411175311","is_ascension_mode":true,"campfire_choices":[{"data":"Armaments","floor":7,"key":"SMITH"},{"data":"Demon Form","floor":15,"key":"SMITH"},{"data":"Pummel","floor":23,"key":"SMITH"},{"floor":25,"key":"REST"},{"floor":32,"key":"REST"},{"data":"Entrench","floor":40,"key":"SMITH"}],"neow_cost":"NONE","seed_source_timestamp":145645475468067,"circlet_count":0,"master_deck":["AscendersBane","Strike_R","Strike_R","Defend_R","Bash+1","Iron Wave","Armaments+1","Demon Form+1","Whirlwind","Pummel+1","Offering","Shrug It Off","Shrug It Off","Impervious","Rage+1","Berserk+1","Juggernaut+1","Good Instincts","Entrench+1"],"relics":["Burning Blood","NeowsBlessing","Bag of Preparation","Bag of Marbles","Anchor","Sozu","Magic Flower","Ancient Tea Set","Astrolabe"],"potions_floor_usage":[22,41],"damage_taken":[{"damage":0,"enemies":"Cultist","floor":1,"turns":1},{"damage":0,"enemies":"2 Louse","floor":2,"turns":2},{"damage":0,"enemies":"Jaw Worm","floor":4,"turns":1},{"damage":32,"enemies":"Gremlin Nob","floor":6,"turns":4},{"damage":6,"enemies":"Exordium Wildlife","floor":11,"turns":3},{"damage":3,"enemies":"2 Fungi Beasts","floor":12,"turns":4},{"damage":27,"enemies":"Lagavulin","floor":13,"turns":7},{"damage":0,"enemies":"3 Louse","floor":14,"turns":2},{"damage":23,"enemies":"Slime Boss","floor":16,"turns":9},{"damage":7,"enemies":"Spheric Guardian","floor":18,"turns":3},{"damage":17,"enemies":"2 Thieves","floor":22,"turns":3},{"damage":25,"enemies":"Book of Stabbing","floor":24,"turns":4},{"damage":25,"enemies":"Chosen and Byrds","floor":28,"turns":6},{"damage":35,"enemies":"Champ","floor":33,"turns":10},{"damage":6,"enemies":"Orb Walker","floor":35,"turns":3},{"damage":0,"enemies":"3 Shapes","floor":39,"turns":3},{"damage":100,"enemies":"Reptomancer","floor":41,"turns":3}],"seed_played":"-4080825858368083908","potions_obtained":[{"floor":4,"key":"EssenceOfSteel"},{"floor":6,"key":"BloodPotion"},{"floor":14,"key":"FearPotion"}],"is_trial":false,"path_per_floor":["M","M","?","M","?","E","R","$","T","$","M","M","E","M","R","B",null,"M","$","?","?","M","R","E","R","T","$","M","$","?","?","R","B",null,"M","?","?","?","M","R","E"],"character_chosen":"IRONCLAD","items_purchased":["Demon Form"],"campfire_rested":2,"item_purchase_floors":[8],"current_hp_per_floor":[74,75,75,75,75,49,49,49,49,49,49,52,31,37,37,20,61,60,60,60,60,49,49,30,52,52,52,36,36,36,36,58,32,64,67,67,67,67,75,75,0],"gold":206,"neow_bonus":"THREE_ENEMY_KILL","is_prod":false,"is_daily":false,"chose_seed":false,"campfire_upgraded":4,"win_rate":0,"timestamp":1555019591,"path_taken":["M","?","?","M","?","E","R","?","T","$","M","M","E","?","R","BOSS","M","$","?","?","?","R","E","R","T","$","M","?","?","?","R","BOSS","M","?","?","?","?","R","E"],"build_version":"2019-01-23","purchased_purges":2,"victory":false,"max_hp_per_floor":[75,75,75,75,75,75,75,75,75,75,75,75,75,75,75,75,75,75,75,75,75,75,75,75,75,75,75,75,75,75,75,75,75,75,75,75,75,75,75,75,75],"card_choices":[{"not_picked":["Wild Strike","Ghostly Armor","Corruption"],"picked":"SKIP","floor":1},{"not_picked":["Bloodletting","Rupture"],"picked":"Iron Wave","floor":2},{"not_picked":["Cleave","Twin Strike"],"picked":"Armaments","floor":4},{"not_picked":["Heavy Blade","Power Through","Sword Boomerang"],"picked":"SKIP","floor":6},{"not_picked":["Iron Wave","Rupture","Body Slam"],"picked":"SKIP","floor":11},{"not_picked":["Fire Breathing","Wild Strike","Power Through"],"picked":"SKIP","floor":12},{"not_picked":["Iron Wave","Warcry"],"picked":"Whirlwind","floor":13},{"not_picked":["Anger","Feed"],"picked":"Pummel","floor":14},{"not_picked":["Juggernaut","Feed"],"picked":"Offering","floor":16},{"not_picked":["Warcry","Wild Strike+1","Sword Boomerang"],"picked":"SKIP","floor":18},{"not_picked":["Perfected Strike","Carnage"],"picked":"Shrug It Off","floor":22},{"not_picked":["True Grit","Twin Strike","Sever Soul"],"picked":"SKIP","floor":24},{"not_picked":["Flex","Perfected Strike"],"picked":"Shrug It Off","floor":28},{"not_picked":["Berserk","Juggernaut"],"picked":"Impervious","floor":33},{"not_picked":["Armaments+1","Thunderclap+1","Perfected Strike"],"picked":"SKIP","floor":35},{"not_picked":["Secret Technique","Mayhem"],"picked":"Good Instincts","floor":36},{"not_picked":["Shockwave","Inflame"],"picked":"Entrench","floor":39}],"player_experience":560499,"relics_obtained":[{"floor":6,"key":"Bag of Preparation"},{"floor":9,"key":"Bag of Marbles"},{"floor":13,"key":"Anchor"},{"floor":24,"key":"Magic Flower"},{"floor":26,"key":"Ancient Tea Set"}],"event_choices":[{"damage_healed":0,"gold_gain":0,"player_choice":"Grow","damage_taken":0,"max_hp_gain":0,"max_hp_loss":0,"event_name":"Living Wall","floor":3,"gold_loss":0,"cards_upgraded":["Bash"]},{"damage_healed":0,"gold_gain":0,"player_choice":"Ignored","damage_taken":0,"max_hp_gain":0,"max_hp_loss":0,"event_name":"Liars Game","floor":5,"gold_loss":0},{"damage_healed":0,"gold_gain":0,"player_choice":"Ignored","damage_taken":0,"max_hp_gain":0,"max_hp_loss":0,"event_name":"Ghosts","floor":20,"gold_loss":0},{"damage_healed":0,"gold_gain":0,"player_choice":"Got Potions","damage_taken":0,"max_hp_gain":0,"max_hp_loss":0,"event_name":"Lab","floor":21,"gold_loss":0},{"damage_healed":0,"gold_gain":0,"player_choice":"Ignored","damage_taken":0,"max_hp_gain":0,"max_hp_loss":0,"event_name":"The Mausoleum","floor":30,"gold_loss":0},{"damage_healed":0,"gold_gain":0,"player_choice":"Ignored","damage_taken":0,"max_hp_gain":0,"max_hp_loss":0,"event_name":"Vampires","floor":31,"gold_loss":0},{"damage_healed":0,"gold_gain":0,"player_choice":"Memory 1","damage_taken":0,"max_hp_gain":0,"max_hp_loss":0,"event_name":"SensoryStone","floor":36,"gold_loss":0},{"cards_removed":["Defend_R"],"damage_healed":0,"gold_gain":0,"player_choice":"Removed Skill","damage_taken":0,"max_hp_gain":0,"max_hp_loss":0,"event_name":"Falling","floor":37,"gold_loss":0},{"damage_healed":0,"gold_gain":0,"player_choice":"Ignored","damage_taken":0,"max_hp_gain":0,"max_hp_loss":0,"event_name":"Tomb of Lord Red Mask","floor":38,"gold_loss":0}],"is_beta":false,"boss_relics":[{"not_picked":["Snecko Eye","Pandora\u0027s Box"],"picked":"Sozu"},{"not_picked":["Runic Dome","Eternal Feather"],"picked":"Astrolabe"}],"items_purged_floors":[27,29],"is_endless":false,"potions_floor_spawned":[4,6,12,13,14,28,33,35],"killed_by":"Reptomancer","ascension_level":20}