{"gold_per_floor":[110,120,120,140,65,83,102,102,176,126,161,223,223,258,258,363,363,363,363,318,318,318,318],"floor_reached":23,"playtime":1362,"items_purged":["Strike_R"],"score":223,"play_id":"a4642860-babc-42f2-a111-2f6294579aaf","local_time":"20190603105227","is_ascension_mode":true,"campfire_choices":[{"data":"Corruption","floor":8,"key":"SMITH"},{"data":"Rampage","floor":13,"key":"SMITH"},{"data":"Flame Barrier","floor":15,"key":"SMITH"}],"neow_cost":"NONE","seed_source_timestamp":657408828724465,"circlet_count":0,"master_deck":["Strike_R","Strike_R","Strike_R","Defend_R","Defend_R","Defend_R","Defend_R","Bash","Headbutt","Flame Barrier+1","Cleave","Headbutt","Corruption+1","Rampage+1","Whirlwind","Double Tap+1","Armaments+1","Burning Pact+1","Warcry+1"],"relics":["Burning Blood","NeowsBlessing","Toxic Egg 2","Girya","Dream Catcher","FossilizedHelix","Ectoplasm","Molten Egg 2"],"potions_floor_usage":[12,16,16,16,21,22],"damage_taken":[{"damage":0,"enemies":"2 Louse","floor":1,"turns":1},{"damage":0,"enemies":"Jaw Worm","floor":2,"turns":1},{"damage":0,"enemies":"Cultist","floor":4,"turns":1},{"damage":0,"enemies":"2 Fungi Beasts","floor":6,"turns":2},{"damage":5,"enemies":"3 Louse","floor":7,"turns":4},{"damage":24,"enemies":"3 Sentries","floor":11,"turns":7},{"damage":18,"enemies":"Lagavulin Event","floor":12,"turns":5},{"damage":3,"enemies":"Gremlin Nob","floor":14,"turns":3},{"damage":21,"enemies":"Hexaghost","floor":16,"turns":10},{"damage":0,"enemies":"Chosen","floor":18,"turns":3},{"damage":11,"enemies":"2 Thieves","floor":20,"turns":3},{"damage":13,"enemies":"Snecko","floor":21,"turns":5},{"damage":15,"enemies":"Shelled Parasite and Fungi","floor":22,"turns":4},{"damage":65,"enemies":"Gremlin Leader","floor":23,"turns":6}],"seed_played":"6680307858501245279","potions_obtained":[{"floor":2,"key":"Dexterity Potion"},{"floor":4,"key":"BloodPotion"},{"floor":11,"key":"Explosive Potion"},{"floor":12,"key":"Block Potion"},{"floor":16,"key":"Poison Potion"},{"floor":20,"key":"Swift Potion"},{"floor":21,"key":"Energy Potion"}],"is_trial":false,"path_per_floor":["M","M","?","M","$","M","M","R","T","?","E","?","R","E","R","B",null,"M","?","M","M","M","E"],"character_chosen":"IRONCLAD","items_purchased":[],"campfire_rested":0,"item_purchase_floors":[],"current_hp_per_floor":[80,80,85,85,85,85,85,85,85,85,67,55,55,58,58,51,85,85,85,80,73,64,0],"gold":318,"neow_bonus":"THREE_ENEMY_KILL","is_prod":false,"is_daily":false,"chose_seed":false,"campfire_upgraded":3,"win_rate":0,"timestamp":1559584347,"path_taken":["M","M","?","M","$","M","M","R","T","?","E","?","R","E","R","BOSS","M","?","M","?","M","E"],"build_version":"2019-01-23","purchased_purges":1,"victory":false,"max_hp_per_floor":[80,80,85,85,85,85,85,85,85,85,85,85,85,85,85,85,85,85,85,85,85,85,85],"card_choices":[{"not_picked":["Pommel Strike","Clothesline"],"picked":"Headbutt","floor":1},{"not_picked":["Wild Strike","True Grit"],"picked":"Flame Barrier","floor":2},{"not_picked":["Twin Strike","Havoc"],"picked":"Cleave","floor":4},{"not_picked":["Metallicize","Heavy Blade"],"picked":"Headbutt","floor":6},{"not_picked":["Headbutt","Barricade"],"picked":"Corruption","floor":7},{"not_picked":["Searing Blow","Reckless Charge","Burning Pact+1"],"picked":"SKIP","floor":11},{"not_picked":["Iron Wave","Intimidate+1"],"picked":"Rampage","floor":12},{"not_picked":["Thunderclap","Perfected Strike"],"picked":"Whirlwind","floor":14},{"not_picked":["Barricade","Immolate"],"picked":"Double Tap+1","floor":16},{"not_picked":["Shockwave+1","Iron Wave","Twin Strike"],"picked":"SKIP","floor":18},{"not_picked":["Corruption","Body Slam+1"],"picked":"Armaments+1","floor":20},{"not_picked":["True Grit+1","Reckless Charge+1"],"picked":"Burning Pact+1","floor":21},{"not_picked":["Hemokinesis+1","Pommel Strike+1"],"picked":"Warcry+1","floor":22}],"player_experience":281277,"relics_obtained":[{"floor":9,"key":"Toxic Egg 2"},{"floor":11,"key":"Girya"},{"floor":12,"key":"Dream Catcher"},{"floor":14,"key":"FossilizedHelix"}],"event_choices":[{"damage_healed":0,"gold_gain":0,"player_choice":"Donut","damage_taken":0,"max_hp_gain":5,"max_hp_loss":0,"event_name":"Big Fish","floor":3,"gold_loss":0},{"cards_removed":["Strike_R"],"damage_healed":0,"gold_gain":0,"player_choice":"Card Removal","damage_taken":0,"max_hp_gain":0,"max_hp_loss":0,"event_name":"The Cleric","floor":10,"gold_loss":50},{"damage_healed":0,"gold_gain":0,"player_choice":"Searched \u00272\u0027 times","damage_taken":0,"max_hp_gain":0,"max_hp_loss":0,"event_name":"Dead Adventurer","floor":12,"gold_loss":0},{"damage_healed":0,"gold_gain":0,"player_choice":"Gave Potion","damage_taken":0,"relics_obtained":["Molten Egg 2"],"max_hp_gain":0,"max_hp_loss":0,"event_name":"WeMeetAgain","floor":19,"gold_loss":0}],"is_beta":false,"boss_relics":[{"not_picked":["Philosopher\u0027s Stone","Pandora\u0027s Box"],"picked":"Ectoplasm"}],"items_purged_floors":[5],"is_endless":false,"potions_floor_spawned":[2,4,11,12,14,16,20,21],"killed_by":"Gremlin Leader","ascension_level":2}