{"gold_per_floor":[113,126,146,159,170,170,170,189,189,154,166,184,195,211,211,211],"floor_reached":16,"playtime":1022,"items_purged":[],"score":100,"play_id":"f832db7f-b55e-4c2a-9dd9-3b23228529d8","local_time":"20190701020338","is_ascension_mode":false,"campfire_choices":[{"data":"Caltrops","floor":6,"key":"SMITH"},{"data":"Expertise","floor":15,"key":"SMITH"}],"neow_cost":"NONE","seed_source_timestamp":694590046372146,"circlet_count":0,"master_deck":["Defend_G","Defend_G","Defend_G","Defend_G","Defend_G","Strike_G","Strike_G","Strike_G","Strike_G","Strike_G","Survivor","Neutralize","PiercingWail","All Out Attack","Caltrops+1","Prepared","Blur","Dash","Expertise+1"],"relics":["Ring of the Snake","Letter Opener"],"potions_floor_usage":[8,12,14,16,16],"damage_taken":[{"damage":1,"enemies":"Small Slimes","floor":1,"turns":4},{"damage":16,"enemies":"Jaw Worm","floor":2,"turns":9},{"damage":6,"enemies":"Cultist","floor":3,"turns":4},{"damage":18,"enemies":"Large Slime","floor":4,"turns":12},{"damage":2,"enemies":"Lots of Slimes","floor":5,"turns":4},{"damage":3,"enemies":"Exordium Wildlife","floor":8,"turns":6},{"damage":0,"enemies":"Looter","floor":11,"turns":4},{"damage":0,"enemies":"Gremlin Gang","floor":12,"turns":2},{"damage":0,"enemies":"3 Louse","floor":13,"turns":4},{"damage":0,"enemies":"2 Fungi Beasts","floor":14,"turns":3},{"damage":57,"enemies":"Slime Boss","floor":16,"turns":12}],"seed_played":"-7726340173631207877","potions_obtained":[{"floor":4,"key":"Fire Potion"},{"floor":5,"key":"Ancient Potion"},{"floor":8,"key":"Fire Potion"},{"floor":13,"key":"Dexterity Potion"},{"floor":14,"key":"SkillPotion"}],"is_trial":false,"path_per_floor":["M","M","M","M","M","R","?","M","T","?","M","M","M","M","R","B"],"character_chosen":"THE_SILENT","items_purchased":[],"campfire_rested":0,"item_purchase_floors":[],"current_hp_per_floor":[76,60,54,36,34,34,34,31,31,50,50,50,50,50,50,0],"gold":211,"neow_bonus":"TEN_PERCENT_HP_BONUS","is_prod":false,"is_daily":false,"chose_seed":false,"campfire_upgraded":2,"win_rate":0,"timestamp":1561971818,"path_taken":["M","M","M","M","M","R","?","M","T","?","M","M","M","M","R","BOSS"],"build_version":"2019-01-23","purchased_purges":0,"victory":false,"max_hp_per_floor":[77,77,77,77,77,77,77,77,77,77,77,77,77,77,77,77],"card_choices":[{"not_picked":["Deflect","Reflex"],"picked":"PiercingWail","floor":1},{"not_picked":["Blade Dance","Accuracy","Deflect"],"picked":"SKIP","floor":2},{"not_picked":["Poisoned Stab","Leg Sweep"],"picked":"All Out Attack","floor":3},{"not_picked":["Calculated Gamble","Outmaneuver"],"picked":"Caltrops","floor":4},{"not_picked":["Terror","Outmaneuver"],"picked":"Prepared","floor":5},{"not_picked":["Accuracy","Dodge and Roll"],"picked":"Blur","floor":8},{"not_picked":["Setup","Slice","Catalyst"],"picked":"SKIP","floor":11},{"not_picked":["Endless Agony","Masterful Stab"],"picked":"Dash","floor":12},{"not_picked":["All Out Attack","Dagger Throw"],"picked":"Expertise","floor":13},{"not_picked":["Flying Knee","Blade Dance","Poisoned Stab"],"picked":"SKIP","floor":14}],"player_experience":563586,"relics_obtained":[{"floor":9,"key":"Letter Opener"}],"event_choices":[{"damage_healed":0,"gold_gain":0,"player_choice":"Ignored","damage_taken":0,"max_hp_gain":0,"max_hp_loss":0,"event_name":"Shining Light","floor":7,"gold_loss":0},{"damage_healed":19,"gold_gain":0,"player_choice":"Healed","damage_taken":0,"max_hp_gain":0,"max_hp_loss":0,"event_name":"The Cleric","floor":10,"gold_loss":35}],"is_beta":false,"boss_relics":[],"items_purged_floors":[],"is_endless":false,"potions_floor_spawned":[4,5,8,13,14],"killed_by":"Slime Boss","ascension_level":0}