{"gold_per_floor":[367,377,152,164,184,184,204,261,261,226,254,206,206,224,224,299,299,317,327,28,78,278,278,294,294,350,365,382,382,427,178,178,178],"floor_reached":33,"playtime":1220,"items_purged":["Pain","Dark Embrace"],"score":482,"play_id":"949b3c92-1553-4784-b230-8d5ce805fe9d","local_time":"20190627215630","is_ascension_mode":true,"campfire_choices":[{"data":"Sword Boomerang","floor":6,"key":"SMITH"},{"data":"True Grit","floor":15,"key":"SMITH"},{"data":"Juggernaut","floor":23,"key":"SMITH"},{"floor":25,"key":"REST"},{"floor":32,"key":"REST"}],"neow_cost":"CURSE","seed_source_timestamp":1291896739311218,"circlet_count":0,"master_deck":["AscendersBane","Strike_R","Strike_R","Strike_R","Defend_R","Defend_R","Defend_R","Defend_R","Bash","True Grit+1","Carnage","Shrug It Off","Sword Boomerang+1","Shockwave","Iron Wave","Disarm","Clothesline","Parasite","Dark Embrace","Juggernaut+1","Power Through","Havoc","Metallicize","Whirlwind","Impervious","Evolve","Discovery"],"relics":["Burning Blood","Vajra","Art of War","Question Card","Charon\u0027s Ashes","Lizard Tail","TheAbacus","Tiny Chest","Centennial Puzzle"],"potions_floor_usage":[8,11,11,18,19,19,33],"damage_taken":[{"damage":17,"enemies":"Jaw Worm","floor":1,"turns":3},{"damage":10,"enemies":"Small Slimes","floor":2,"turns":3},{"damage":4,"enemies":"2 Louse","floor":4,"turns":2},{"damage":13,"enemies":"Looter","floor":5,"turns":2},{"damage":15,"enemies":"Blue Slaver","floor":7,"turns":4},{"damage":34,"enemies":"Gremlin Nob","floor":8,"turns":4},{"damage":19,"enemies":"3 Sentries","floor":11,"turns":8},{"damage":14,"enemies":"Lots of Slimes","floor":14,"turns":4},{"damage":17,"enemies":"The Guardian","floor":16,"turns":17},{"damage":33,"enemies":"3 Byrds","floor":18,"turns":7},{"damage":41,"enemies":"Spheric Guardian","floor":19,"turns":6},{"damage":28,"enemies":"Centurion and Healer","floor":24,"turns":9},{"damage":21,"enemies":"Snecko","floor":27,"turns":7},{"damage":18,"enemies":"Chosen and Byrds","floor":28,"turns":6},{"damage":53,"enemies":"Automaton","floor":33,"turns":6}],"seed_played":"-976931516442811140","potions_obtained":[{"floor":4,"key":"LiquidBronze"},{"floor":7,"key":"PowerPotion"},{"floor":8,"key":"Block Potion"},{"floor":14,"key":"GamblersBrew"},{"floor":16,"key":"Ancient Potion"},{"floor":18,"key":"Explosive Potion"}],"is_trial":false,"path_per_floor":["M","M","$","M","M","R","M","?","T","?","E","?","?","M","R","B",null,"M","M","$","?","?","R","M","R","T","M","M","?","T","$","R","B"],"character_chosen":"IRONCLAD","items_purchased":["Vajra","Shrug It Off","TheAbacus","Discovery","AttackPotion"],"campfire_rested":2,"item_purchase_floors":[3,3,20,31,31],"current_hp_per_floor":[57,53,53,55,48,48,39,11,11,29,16,16,34,26,26,15,60,33,43,43,43,43,43,21,43,43,28,16,16,16,16,38,0],"gold":178,"neow_bonus":"TWO_FIFTY_GOLD","is_prod":false,"is_daily":false,"chose_seed":false,"campfire_upgraded":3,"win_rate":0,"timestamp":1561697790,"path_taken":["M","M","$","M","M","R","M","?","T","?","E","?","?","M","R","BOSS","M","M","$","?","?","R","M","R","T","?","M","?","?","$","R","BOSS"],"build_version":"2019-01-23","purchased_purges":2,"victory":false,"max_hp_per_floor":[75,75,75,75,75,75,75,75,75,75,75,75,75,75,75,75,75,75,75,75,75,75,75,75,75,75,75,75,75,75,75,75,75],"card_choices":[{"not_picked":["Warcry","Iron Wave"],"picked":"True Grit","floor":1},{"not_picked":["Exhume","Rampage"],"picked":"Carnage","floor":2},{"not_picked":["Body Slam","Iron Wave"],"picked":"Sword Boomerang","floor":4},{"not_picked":["Havoc","Armaments"],"picked":"Shockwave","floor":5},{"not_picked":["Dual Wield","Wild Strike"],"picked":"Iron Wave","floor":7},{"not_picked":["Twin Strike","Wild Strike"],"picked":"Disarm","floor":8},{"not_picked":["Armaments","Anger","Iron Wave"],"picked":"Clothesline","floor":11},{"not_picked":["Blood for Blood","Armaments","Dual Wield"],"picked":"Dark Embrace","floor":14},{"not_picked":["Brutality","Demon Form","Double Tap"],"picked":"Juggernaut","floor":16},{"not_picked":["Clothesline","Body Slam","Seeing Red"],"picked":"Power Through","floor":18},{"not_picked":["Wild Strike+1","Armaments","Headbutt"],"picked":"Havoc","floor":19},{"not_picked":["Clothesline","Pommel Strike","Shockwave"],"picked":"Metallicize","floor":24},{"not_picked":["Clash","Iron Wave","Twin Strike+1"],"picked":"Whirlwind","floor":27},{"not_picked":["Inflame","Dropkick+1","Shrug It Off"],"picked":"Impervious","floor":28}],"player_experience":1090519,"relics_obtained":[{"floor":8,"key":"Art of War"},{"floor":9,"key":"Question Card"},{"floor":11,"key":"Charon\u0027s Ashes"},{"floor":26,"key":"Tiny Chest"},{"floor":30,"key":"Centennial Puzzle"}],"event_choices":[{"damage_healed":0,"gold_gain":0,"player_choice":"Searched \u00271\u0027 times","damage_taken":0,"max_hp_gain":0,"max_hp_loss":0,"event_name":"Dead Adventurer","floor":8,"gold_loss":0},{"damage_healed":18,"gold_gain":0,"player_choice":"Healed","damage_taken":0,"max_hp_gain":0,"max_hp_loss":0,"event_name":"The Cleric","floor":10,"gold_loss":35},{"damage_healed":0,"gold_gain":0,"player_choice":"Left Gold","damage_taken":0,"max_hp_gain":0,"max_hp_loss":0,"event_name":"World of Goop","floor":12,"gold_loss":48},{"damage_healed":18,"gold_gain":0,"player_choice":"Healed and dodged fight","damage_taken":0,"max_hp_gain":0,"max_hp_loss":0,"event_name":"Mushrooms","floor":13,"gold_loss":0,"cards_obtained":["Parasite"]},{"damage_healed":0,"gold_gain":50,"player_choice":"Stole From Cult","damage_taken":0,"max_hp_gain":0,"max_hp_loss":0,"event_name":"Nest","floor":21,"gold_loss":0},{"damage_healed":0,"gold_gain":200,"player_choice":"Gold","damage_taken":0,"max_hp_gain":0,"max_hp_loss":0,"event_name":"Wheel of Change","floor":22,"gold_loss":0},{"damage_healed":0,"gold_gain":0,"cards_transformed":["Strike_R","Strike_R"],"player_choice":"Became Test Subject","damage_taken":0,"max_hp_gain":0,"max_hp_loss":0,"event_name":"Drug Dealer","floor":29,"gold_loss":0,"cards_obtained":["Evolve","Dark Embrace"]}],"is_beta":false,"boss_relics":[{"not_picked":["Runic Pyramid","Calling Bell"],"picked":"Lizard Tail"}],"items_purged_floors":[20,31],"is_endless":false,"potions_floor_spawned":[4,7,8,14,16,18],"killed_by":"Automaton","ascension_level":19}