{"gold_per_floor":[118,92,167,181,181,213,227,247,274,274,49,67,138,170,170,266,266,286,305,305,305,305,305,305,332,383,395,320,320,320,7,7,7],"floor_reached":33,"playtime":1060,"items_purged":["Strike_R"],"score":442,"play_id":"8cec46f0-e3a6-48f0-b221-6e6be22b394f","local_time":"20190314164945","is_ascension_mode":true,"campfire_choices":[{"data":"Body Slam","floor":10,"key":"SMITH"},{"data":"Limit Break","floor":15,"key":"SMITH"},{"data":"Spot Weakness","floor":23,"key":"SMITH"},{"data":"Flame Barrier","floor":30,"key":"SMITH"},{"floor":32,"key":"REST"}],"neow_cost":"NONE","seed_source_timestamp":2320043573761259,"circlet_count":0,"master_deck":["AscendersBane","Strike_R","Strike_R+1","Strike_R","Strike_R","Defend_R","Defend_R","Defend_R","Defend_R+1","Bash","Body Slam+1","Iron Wave","Thunderclap","Flame Barrier+1","Cleave","Clothesline","Limit Break+1","Disarm","Immolate","Spot Weakness+1","Whirlwind","Ghostly Armor","Limit Break+1","Shrug It Off","Entrench"],"relics":["Burning Blood","NeowsBlessing","Strawberry","Blood Vial","PreservedInsect","Bag of Preparation","Velvet Choker","Juzu Bracelet","Red Mask","Boot","Brimstone"],"potions_floor_usage":[12,16,27,33,33],"damage_taken":[{"damage":0,"enemies":"Jaw Worm","floor":1,"turns":1},{"damage":0,"enemies":"Small Slimes","floor":4,"turns":1},{"damage":0,"enemies":"Lagavulin","floor":6,"turns":1},{"damage":1,"enemies":"2 Louse","floor":7,"turns":4},{"damage":15,"enemies":"Large Slime","floor":8,"turns":9},{"damage":6,"enemies":"Looter","floor":12,"turns":3},{"damage":30,"enemies":"3 Sentries","floor":14,"turns":6},{"damage":21,"enemies":"The Guardian","floor":16,"turns":10},{"damage":0,"enemies":"Chosen","floor":18,"turns":4},{"damage":8,"enemies":"3 Byrds","floor":19,"turns":3},{"damage":8,"enemies":"Masked Bandits","floor":25,"turns":3},{"damage":34,"enemies":"Sentry and Sphere","floor":27,"turns":6},{"damage":82,"enemies":"Automaton","floor":33,"turns":6}],"seed_played":"2733628400561831505","potions_obtained":[{"floor":6,"key":"Strength Potion"},{"floor":8,"key":"Poison Potion"},{"floor":12,"key":"GamblersBrew"},{"floor":19,"key":"EssenceOfSteel"},{"floor":27,"key":"SneckoOil"}],"is_trial":false,"path_per_floor":["M","$","?","M","?","E","M","M","T","R","$","M","?","E","R","B",null,"M","M","?","?","T","R","?","?","T","M","$","?","R","$","R","B"],"character_chosen":"IRONCLAD","items_purchased":["Iron Wave","PreservedInsect","Limit Break","Brimstone","Shrug It Off","Entrench"],"campfire_rested":1,"item_purchase_floors":[2,11,11,31,31,31],"current_hp_per_floor":[78,78,67,73,57,70,75,66,66,66,66,68,68,46,46,33,74,82,82,65,65,65,65,65,65,65,39,39,39,39,39,66,0],"gold":7,"neow_bonus":"THREE_ENEMY_KILL","is_prod":false,"is_daily":false,"chose_seed":false,"campfire_upgraded":4,"win_rate":0,"timestamp":1552596585,"path_taken":["M","$","?","M","?","E","M","M","T","R","$","M","?","E","R","BOSS","M","M","?","?","?","R","?","?","T","M","$","?","R","$","R","BOSS"],"build_version":"2019-01-23","purchased_purges":1,"victory":false,"max_hp_per_floor":[80,80,80,80,80,87,87,87,87,87,87,87,87,87,87,87,87,87,87,92,92,92,92,92,92,92,92,92,92,92,92,92,92],"card_choices":[{"not_picked":["Perfected Strike","Headbutt"],"picked":"Body Slam","floor":1},{"not_picked":["Perfected Strike","Pommel Strike"],"picked":"Thunderclap","floor":4},{"not_picked":["Anger","Bloodletting"],"picked":"Flame Barrier","floor":6},{"not_picked":["Havoc","Burning Pact"],"picked":"Cleave","floor":7},{"not_picked":["Anger","Warcry"],"picked":"Clothesline","floor":8},{"not_picked":["Headbutt","Clash","Second Wind"],"picked":"SKIP","floor":12},{"not_picked":["Heavy Blade","Dual Wield"],"picked":"Disarm","floor":14},{"not_picked":["Brutality","Berserk"],"picked":"Immolate","floor":16},{"not_picked":["Dropkick","Searing Blow"],"picked":"Spot Weakness","floor":18},{"not_picked":["Perfected Strike","Flex"],"picked":"Whirlwind","floor":19},{"not_picked":["Anger+1","Thunderclap","Whirlwind"],"picked":"SKIP","floor":27}],"player_experience":386156,"relics_obtained":[{"floor":6,"key":"Strawberry"},{"floor":9,"key":"Blood Vial"},{"floor":14,"key":"Bag of Preparation"},{"floor":22,"key":"Juzu Bracelet"},{"floor":25,"key":"Red Mask"},{"floor":26,"key":"Boot"}],"event_choices":[{"damage_healed":0,"gold_gain":75,"player_choice":"Gather Gold","damage_taken":11,"max_hp_gain":0,"max_hp_loss":0,"event_name":"World of Goop","floor":3,"gold_loss":0},{"damage_healed":0,"gold_gain":0,"player_choice":"Entered Light","damage_taken":16,"max_hp_gain":0,"max_hp_loss":0,"event_name":"Shining Light","floor":5,"gold_loss":0,"cards_upgraded":["Strike_R","Defend_R"]},{"damage_healed":0,"gold_gain":71,"player_choice":"Gained Gold","damage_taken":0,"max_hp_gain":0,"max_hp_loss":0,"event_name":"Golden Wing","floor":13,"gold_loss":0},{"damage_healed":0,"gold_gain":0,"player_choice":"Shed Blood","damage_taken":22,"max_hp_gain":5,"max_hp_loss":0,"event_name":"Forgotten Altar","floor":20,"gold_loss":0},{"damage_healed":0,"gold_gain":0,"player_choice":"Ignored","damage_taken":0,"max_hp_gain":0,"max_hp_loss":0,"event_name":"Ghosts","floor":21,"gold_loss":0},{"damage_healed":0,"gold_gain":0,"player_choice":"Read","damage_taken":0,"max_hp_gain":0,"max_hp_loss":0,"event_name":"The Library","floor":24,"gold_loss":0,"cards_obtained":["Ghostly Armor"]},{"damage_healed":0,"gold_gain":0,"player_choice":"Fought Bandits","damage_taken":0,"max_hp_gain":0,"max_hp_loss":0,"event_name":"Masked Bandits","floor":25,"gold_loss":0},{"damage_healed":0,"gold_gain":0,"player_choice":"Copied","damage_taken":0,"max_hp_gain":0,"max_hp_loss":0,"event_name":"Duplicator","floor":29,"gold_loss":0,"cards_obtained":["Limit Break"]}],"is_beta":false,"boss_relics":[{"not_picked":["White Beast Statue","Runic Dome"],"picked":"Velvet Choker"}],"items_purged_floors":[28],"is_endless":false,"potions_floor_spawned":[6,8,12,14,19,27],"killed_by":"Automaton","ascension_level":12}