{"gold_per_floor":[113,126,201,48,223,223,254,268,268,292,292,311,98,98,98,98],"floor_reached":16,"playtime":741,"items_purged":["Defend_G"],"score":157,"play_id":"73c15d61-562f-46d8-9592-604d045a7c5f","local_time":"20180825150608","is_ascension_mode":true,"campfire_choices":[{"data":"Deadly Poison","floor":6,"key":"SMITH"},{"floor":11,"key":"REST"},{"data":"Chrysalis","floor":15,"key":"SMITH"}],"neow_cost":"NONE","seed_source_timestamp":771977836141432,"circlet_count":0,"master_deck":["Defend_G","Defend_G","Defend_G","Defend_G","Strike_G","Strike_G","Strike_G","Strike_G","Strike_G","Survivor","Neutralize","AscendersBane","Deadly Poison+1","Cloak And Dagger","Escape Plan","Catalyst","Doubt","Poisoned Stab","Calculated Gamble","Chrysalis+1"],"relics":["Ring of the Snake","StoneCalendar","Mummified Hand","Juzu Bracelet"],"potions_floor_usage":[12,12,16],"damage_taken":[{"damage":0,"enemies":"Jaw Worm","floor":1,"turns":4},{"damage":1,"enemies":"Cultist","floor":2,"turns":5},{"damage":36,"enemies":"3 Sentries","floor":7,"turns":13},{"damage":1,"enemies":"2 Louse","floor":8,"turns":3},{"damage":8,"enemies":"Large Slime","floor":12,"turns":7},{"damage":32,"enemies":"The Guardian","floor":16,"turns":9}],"seed_played":"-4448966421901326077","potions_obtained":[{"floor":7,"key":"PowerPotion"},{"floor":8,"key":"EssenceOfSteel"}],"is_trial":false,"path_per_floor":["M","M","?","$","?","R","E","M","T","T","R","M","$","?","R"],"character_chosen":"THE_SILENT","items_purchased":["Catalyst","Chrysalis"],"campfire_rested":1,"item_purchase_floors":[4,13],"current_hp_per_floor":[63,62,51,51,51,51,15,14,14,14,35,27,27,27,27,0],"gold":98,"neow_bonus":"THREE_CARDS","is_prod":false,"is_daily":false,"chose_seed":false,"campfire_upgraded":2,"win_rate":0,"timestamp":1535234768,"path_taken":["M","M","?","$","?","R","E","?","T","?","R","M","?","?","R","BOSS"],"build_version":"2018-08-23v2","purchased_purges":1,"victory":false,"max_hp_per_floor":[70,70,70,70,70,70,70,70,70,70,70,70,70,70,70,70],"card_choices":[{"not_picked":["Reflex","Finisher"],"picked":"Deadly Poison","floor":0},{"not_picked":["Slice","Blade Dance"],"picked":"Cloak And Dagger","floor":1},{"not_picked":["Slice","Reflex"],"picked":"Escape Plan","floor":2},{"not_picked":["PiercingWail","Masterful Stab"],"picked":"Poisoned Stab","floor":7},{"not_picked":["Blade Dance","Flechettes","Eviscerate"],"picked":"SKIP","floor":8},{"not_picked":["Tactician","Terror"],"picked":"Calculated Gamble","floor":12}],"player_experience":719296,"relics_obtained":[{"floor":7,"key":"StoneCalendar"},{"floor":9,"key":"Mummified Hand"},{"floor":10,"key":"Juzu Bracelet"}],"event_choices":[{"event_name":"World of Goop","player_choice":"Gather Gold","floor":3,"damage_taken":0},{"event_name":"Liars Game","player_choice":"agreed","floor":5,"damage_taken":0},{"event_name":"Golden Idol","player_choice":"Ignored","floor":14,"damage_taken":0}],"is_beta":false,"boss_relics":[],"items_purged_floors":[4],"is_endless":false,"potions_floor_spawned":[7,8],"killed_by":"The Guardian","ascension_level":12}