{"gold_per_floor":[17,37,47,63,113,113,145,158,158,158],"floor_reached":10,"playtime":525,"items_purged":[],"score":133,"play_id":"3b9c2851-d091-4b54-8bd3-df5731bd0db1","local_time":"20190618193745","is_ascension_mode":true,"campfire_choices":[{"data":"Predator","floor":6,"key":"SMITH"}],"neow_cost":"NO_GOLD","seed_source_timestamp":506672802480748,"circlet_count":0,"master_deck":["AscendersBane","Defend_G","Defend_G","Defend_G","Defend_G","Defend_G","Strike_G","Strike_G","Strike_G","Strike_G","Strike_G","Survivor","Neutralize","Predator+1","Sucker Punch","Leg Sweep","Prepared","Caltrops","Tactician"],"relics":["Ring of the Snake","Ginger","Pen Nib","Meat on the Bone"],"potions_floor_usage":[4,7,7],"damage_taken":[{"damage":10,"enemies":"Small Slimes","floor":1,"turns":3},{"damage":0,"enemies":"Cultist","floor":2,"turns":3},{"damage":0,"enemies":"Jaw Worm","floor":3,"turns":4},{"damage":4,"enemies":"Looter","floor":4,"turns":4},{"damage":7,"enemies":"3 Sentries","floor":7,"turns":10},{"damage":14,"enemies":"Large Slime","floor":8,"turns":7},{"damage":37,"enemies":"Gremlin Nob","floor":10,"turns":4}],"seed_played":"-664873808554176164","potions_obtained":[{"floor":1,"key":"GamblersBrew"},{"floor":3,"key":"SpeedPotion"},{"floor":4,"key":"Explosive Potion"}],"is_trial":false,"path_per_floor":["M","M","M","M","?","R","E","M","T","E"],"character_chosen":"THE_SILENT","items_purchased":[],"campfire_rested":0,"item_purchase_floors":[],"current_hp_per_floor":[49,49,49,45,45,45,38,24,24,0],"gold":158,"neow_bonus":"ONE_RARE_RELIC","is_prod":false,"is_daily":false,"chose_seed":false,"campfire_upgraded":1,"win_rate":0,"timestamp":1560911865,"path_taken":["M","M","M","M","?","R","E","?","T","E"],"build_version":"2019-01-23","purchased_purges":0,"victory":false,"max_hp_per_floor":[66,66,66,66,66,66,66,66,66,66],"card_choices":[{"not_picked":["Prepared","Cloak And Dagger"],"picked":"Predator","floor":1},{"not_picked":["Dodge and Roll","Dagger Throw"],"picked":"Sucker Punch","floor":2},{"not_picked":["Heel Hook","Finisher"],"picked":"Leg Sweep","floor":3},{"not_picked":["Sucker Punch","Backflip"],"picked":"Prepared","floor":4},{"not_picked":["Accuracy","Slice"],"picked":"Caltrops","floor":7},{"not_picked":["Dagger Throw","Backstab"],"picked":"Tactician","floor":8}],"player_experience":1033266,"relics_obtained":[{"floor":7,"key":"Pen Nib"},{"floor":9,"key":"Meat on the Bone"}],"event_choices":[{"damage_healed":0,"gold_gain":50,"player_choice":"Pray","damage_taken":0,"max_hp_gain":0,"max_hp_loss":0,"event_name":"Golden Shrine","floor":5,"gold_loss":0}],"is_beta":false,"boss_relics":[],"items_purged_floors":[],"is_endless":false,"potions_floor_spawned":[1,3,4],"killed_by":"Gremlin Nob","ascension_level":18}