{"gold_per_floor":[114,114,214,114,79,79,110,124,148,148,174,186,11,28,28,28],"floor_reached":16,"playtime":624,"items_purged":["Regret","Strike_G"],"score":173,"play_id":"4fd1482c-5498-4505-a6d3-92a1dc4dbc66","local_time":"20180819094056","is_ascension_mode":true,"campfire_choices":[{"data":"Backflip","floor":6,"key":"SMITH"},{"data":"Neutralize","floor":10,"key":"SMITH"},{"data":"Infinite Blades","floor":15,"key":"SMITH"}],"neow_cost":"","seed_source_timestamp":234176320326321,"circlet_count":0,"master_deck":["Defend_G","Defend_G","Defend_G","Defend_G","Defend_G","Strike_G","Strike_G","Strike_G","Strike_G","Survivor","Neutralize+1","AscendersBane","All Out Attack","Backflip+1","Predator","Deflect","Blur","Infinite Blades+1"],"relics":["Ring of the Snake","Matryoshka","Mummified Hand","Ninja Scroll","Potion Belt","Anchor"],"potions_floor_usage":[11,11,16],"damage_taken":[{"damage":3,"enemies":"Jaw Worm","floor":1,"turns":4},{"damage":21,"enemies":"3 Sentries","floor":7,"turns":9},{"damage":0,"enemies":"2 Louse","floor":8,"turns":3},{"damage":19,"enemies":"Lagavulin","floor":11,"turns":7},{"damage":0,"enemies":"Cultist","floor":12,"turns":3},{"damage":0,"enemies":"Exordium Thugs","floor":14,"turns":4},{"damage":47,"enemies":"Slime Boss","floor":16,"turns":10}],"seed_played":"-1124734608241492549","potions_obtained":[{"floor":1,"key":"LiquidBronze"},{"floor":7,"key":"FearPotion"},{"floor":11,"key":"Regen Potion"}],"is_trial":false,"path_per_floor":["M","?","?","$","?","R","E","M","T","R","E","M","$","M","R"],"character_chosen":"THE_SILENT","items_purchased":["Backflip","Infinite Blades"],"campfire_rested":0,"item_purchase_floors":[4,13],"current_hp_per_floor":[60,60,60,60,70,70,49,49,49,49,30,30,30,30,30,0],"gold":28,"neow_bonus":"","is_prod":false,"is_daily":false,"chose_seed":false,"campfire_upgraded":3,"win_rate":0,"timestamp":1534696856,"path_taken":["M","?","?","$","?","R","E","M","T","R","E","?","$","M","R","BOSS"],"build_version":"2018-08-16","purchased_purges":2,"victory":false,"max_hp_per_floor":[70,70,70,70,70,70,70,70,70,70,70,70,70,70,70,70],"card_choices":[{"not_picked":["Accuracy","Masterful Stab"],"picked":"All Out Attack","floor":1},{"not_picked":["Concentrate","Underhanded Strike"],"picked":"Predator","floor":7},{"not_picked":["PiercingWail","Reflex"],"picked":"Deflect","floor":8},{"not_picked":["Dagger Throw","Well Laid Plans"],"picked":"Blur","floor":11},{"not_picked":["Poisoned Stab","Accuracy","Underhanded Strike"],"picked":"SKIP","floor":12},{"not_picked":["Dagger Throw","Blade Dance","Slice"],"picked":"SKIP","floor":14}],"player_experience":782668,"relics_obtained":[{"floor":7,"key":"Mummified Hand"},{"floor":9,"key":"Ninja Scroll"},{"floor":9,"key":"Potion Belt"},{"floor":11,"key":"Anchor"}],"event_choices":[{"event_name":"Big Fish","player_choice":"Box","floor":2,"damage_taken":0},{"event_name":"Golden Shrine","player_choice":"Pray","floor":3,"damage_taken":0},{"event_name":"The Cleric","player_choice":"Healed","floor":5,"damage_taken":0}],"is_beta":true,"boss_relics":[],"items_purged_floors":[4,13],"is_endless":false,"potions_floor_spawned":[1,7,11],"killed_by":"Slime Boss","ascension_level":12}