{"gold_per_floor":[118,118,133,147,208,208,358,389,389,389,401,44,91,110,110,183,183,195,195,195,30,41,41,51,51,78,98,98],"floor_reached":28,"playtime":827,"items_purged":["Doubt"],"score":428,"play_id":"021644ac-8169-4b25-9e90-ebad5970fb43","local_time":"20190512113919","is_ascension_mode":true,"campfire_choices":[{"data":"Gash","floor":6,"key":"SMITH"},{"data":"Sunder","floor":10,"key":"SMITH"},{"data":"Gash","floor":15,"key":"SMITH"},{"floor":23,"key":"REST"}],"neow_cost":"NONE","seed_source_timestamp":40937322476654,"circlet_count":0,"master_deck":["AscendersBane","Strike_B+1","Strike_B+1","Strike_B+1","Strike_B+1","Defend_B+1","Defend_B+1","Defend_B+1","Defend_B+1","Zap","Dualcast","Sunder+1","Doom and Gloom","Ball Lightning","Gash+1","White Noise","Reprogram","Gash+1","Biased Cognition","Self Repair","All For One","Coolheaded","Hologram"],"relics":["Cracked Core","Unceasing Top","Vajra","Letter Opener","Pantograph","Anchor","Black Star","Dream Catcher"],"potions_floor_usage":[4,4,25,27],"damage_taken":[{"damage":6,"enemies":"Cultist","floor":1,"turns":3},{"damage":0,"enemies":"Small Slimes","floor":3,"turns":3},{"damage":1,"enemies":"2 Louse","floor":4,"turns":2},{"damage":16,"enemies":"Gremlin Nob","floor":8,"turns":3},{"damage":0,"enemies":"Blue Slaver","floor":11,"turns":3},{"damage":0,"enemies":"Exordium Wildlife","floor":14,"turns":4},{"damage":40,"enemies":"Hexaghost","floor":16,"turns":7},{"damage":32,"enemies":"2 Thieves","floor":18,"turns":5},{"damage":19,"enemies":"Spheric Guardian","floor":22,"turns":4},{"damage":0,"enemies":"Centurion and Healer","floor":24,"turns":7},{"damage":0,"enemies":"Book of Stabbing","floor":25,"turns":1},{"damage":17,"enemies":"Snake Plant","floor":27,"turns":3},{"damage":50,"enemies":"Shelled Parasite and Fungi","floor":28,"turns":5}],"seed_played":"3052854009182757402","potions_obtained":[{"floor":3,"key":"Energy Potion"},{"floor":4,"key":"Fruit Juice"},{"floor":8,"key":"SteroidPotion"},{"floor":18,"key":"Weak Potion"},{"floor":20,"key":"SmokeBomb"},{"floor":20,"key":"AttackPotion"}],"is_trial":false,"path_per_floor":["M","?","M","M","?","R","?","E","T","R","M","$","T","M","R","B",null,"M","?","?","$","M","R","M","E","T","M","M"],"character_chosen":"DEFECT","items_purchased":["Pantograph","All For One"],"campfire_rested":1,"item_purchase_floors":[12,21],"current_hp_per_floor":[58,47,47,51,51,51,51,35,35,35,35,35,35,35,35,20,62,30,30,30,30,18,40,47,54,54,44,0],"gold":98,"neow_bonus":"THREE_CARDS","is_prod":false,"is_daily":false,"chose_seed":false,"campfire_upgraded":3,"win_rate":0,"timestamp":1557686359,"path_taken":["M","?","M","M","?","R","?","E","T","R","M","$","?","M","R","BOSS","M","?","?","$","M","R","M","E","T","M","M"],"build_version":"2019-01-23","purchased_purges":1,"victory":false,"max_hp_per_floor":[71,71,71,76,76,76,76,76,76,76,76,76,76,76,76,76,76,76,76,76,76,76,76,76,76,76,76,76],"card_choices":[{"not_picked":["Cold Snap","Hello World"],"picked":"Sunder","floor":0},{"not_picked":["Beam Cell","Fusion"],"picked":"Doom and Gloom","floor":1},{"not_picked":["Redo","Go for the Eyes"],"picked":"Ball Lightning","floor":3},{"not_picked":["Recycle","Leap"],"picked":"Gash","floor":4},{"not_picked":["Compile Driver","Sweeping Beam"],"picked":"White Noise","floor":8},{"not_picked":["Compile Driver","Stack"],"picked":"Reprogram","floor":11},{"not_picked":["Hologram","Conserve Battery"],"picked":"Gash","floor":14},{"not_picked":["Amplify","Meteor Strike"],"picked":"Biased Cognition","floor":16},{"not_picked":["Auto Shields","Cold Snap"],"picked":"Self Repair","floor":18},{"not_picked":["Aggregate","Streamline"],"picked":"Coolheaded","floor":22},{"not_picked":["Rebound","Beam Cell+1"],"picked":"Hologram","floor":24},{"not_picked":["Ball Lightning","Darkness+1","Chill"],"picked":"SKIP","floor":27}],"player_experience":923943,"relics_obtained":[{"floor":8,"key":"Vajra"},{"floor":9,"key":"Letter Opener"},{"floor":13,"key":"Anchor"},{"floor":26,"key":"Dream Catcher"}],"event_choices":[{"damage_healed":0,"gold_gain":0,"player_choice":"Success","damage_taken":11,"relics_obtained":["Unceasing Top"],"max_hp_gain":0,"max_hp_loss":0,"event_name":"Scrap Ooze","floor":2,"gold_loss":0},{"damage_healed":0,"gold_gain":61,"player_choice":"Gained Gold","damage_taken":0,"max_hp_gain":0,"max_hp_loss":0,"event_name":"Golden Wing","floor":5,"gold_loss":0},{"damage_healed":0,"gold_gain":150,"player_choice":"AGREE","damage_taken":0,"max_hp_gain":0,"max_hp_loss":0,"event_name":"Liars Game","floor":7,"gold_loss":0,"cards_obtained":["Doubt"]},{"damage_healed":0,"gold_gain":0,"player_choice":"Simplicity","damage_taken":0,"max_hp_gain":0,"max_hp_loss":0,"event_name":"Back to Basics","floor":19,"gold_loss":0,"cards_upgraded":["Strike_B","Strike_B","Strike_B","Strike_B","Defend_B","Defend_B","Defend_B","Defend_B"]},{"damage_healed":0,"gold_gain":0,"player_choice":"Got Potions","damage_taken":0,"max_hp_gain":0,"max_hp_loss":0,"event_name":"Lab","floor":20,"gold_loss":0}],"is_beta":false,"boss_relics":[{"not_picked":["Velvet Choker","White Beast Statue"],"picked":"Black Star"}],"items_purged_floors":[12],"is_endless":false,"potions_floor_spawned":[3,4,8,18,22],"killed_by":"Shelled Parasite and Fungi","ascension_level":16}