{"gold_per_floor":[112,112,112,123,123,148,148,148,148,73,131,131,29,46,46,46],"floor_reached":16,"playtime":481,"items_purged":[],"score":236,"play_id":"5710d47a-4779-4b00-8926-259ea952e873","local_time":"20190407104559","is_ascension_mode":true,"campfire_choices":[{"data":"Neutralize","floor":7,"key":"SMITH"},{"floor":12,"key":"REST"},{"data":"Skewer","floor":15,"key":"SMITH"}],"neow_cost":"NONE","seed_source_timestamp":147245844566250,"circlet_count":0,"master_deck":["AscendersBane","Defend_G","Defend_G","Defend_G","Defend_G","Defend_G","Strike_G","Strike_G","Strike_G","Survivor","Neutralize+1","Footwork","Sucker Punch+1","Footwork","Panacea","Skewer+1"],"relics":["Ring of the Snake","NeowsBlessing","GremlinMask","Matryoshka","Strawberry","Ornamental Fan","Tiny Chest"],"potions_floor_usage":[16,16],"damage_taken":[{"damage":0,"enemies":"2 Louse","floor":1,"turns":1},{"damage":0,"enemies":"Jaw Worm","floor":4,"turns":1},{"damage":0,"enemies":"Lagavulin","floor":6,"turns":2},{"damage":27,"enemies":"3 Sentries","floor":11,"turns":16},{"damage":3,"enemies":"Cultist","floor":14,"turns":5},{"damage":30,"enemies":"Slime Boss","floor":16,"turns":11}],"seed_played":"546647051657153490","potions_obtained":[{"floor":1,"key":"Weak Potion"},{"floor":14,"key":"Poison Potion"}],"is_trial":false,"path_per_floor":["M","?","?","M","?","E","R","?","T","?","E","R","$","M","R","B"],"character_chosen":"THE_SILENT","items_purchased":["Panacea"],"campfire_rested":1,"item_purchase_floors":[13],"current_hp_per_floor":[59,59,59,59,59,59,59,52,59,59,32,53,53,50,50,20],"gold":46,"neow_bonus":"THREE_ENEMY_KILL","is_prod":false,"is_daily":false,"chose_seed":false,"campfire_upgraded":2,"win_rate":0,"timestamp":1554648359,"path_taken":["M","?","?","?","?","E","R","?","T","?","E","R","$","M","R","BOSS"],"build_version":"2019-01-23","purchased_purges":0,"victory":false,"max_hp_per_floor":[66,66,66,66,66,66,66,66,73,73,73,73,73,73,73,73],"card_choices":[{"not_picked":["Dodge and Roll","Deadly Poison"],"picked":"Footwork","floor":1},{"not_picked":["Well Laid Plans","Poisoned Stab"],"picked":"Sucker Punch","floor":4},{"not_picked":["Poisoned Stab","PiercingWail","Flechettes"],"picked":"SKIP","floor":6},{"not_picked":["Dagger Spray","Backflip"],"picked":"Footwork","floor":11},{"not_picked":["Expertise","Deflect"],"picked":"Skewer","floor":14}],"player_experience":532124,"relics_obtained":[{"floor":6,"key":"Matryoshka"},{"floor":9,"key":"Strawberry"},{"floor":9,"key":"Ornamental Fan"},{"floor":11,"key":"Tiny Chest"}],"event_choices":[{"damage_healed":0,"gold_gain":0,"player_choice":"Ignored","damage_taken":0,"max_hp_gain":0,"max_hp_loss":0,"event_name":"Shining Light","floor":2,"gold_loss":0},{"damage_healed":0,"gold_gain":0,"player_choice":"Trade","damage_taken":0,"relics_obtained":["GremlinMask"],"max_hp_gain":0,"max_hp_loss":0,"event_name":"FaceTrader","floor":3,"gold_loss":0},{"damage_healed":0,"gold_gain":0,"player_choice":"Grow","damage_taken":0,"max_hp_gain":0,"max_hp_loss":0,"event_name":"Living Wall","floor":5,"gold_loss":0,"cards_upgraded":["Sucker Punch"]},{"cards_removed":["Strike_G"],"damage_healed":0,"gold_gain":0,"player_choice":"Card Removal","damage_taken":7,"max_hp_gain":0,"max_hp_loss":0,"event_name":"Golden Wing","floor":8,"gold_loss":0},{"cards_removed":["Strike_G"],"damage_healed":0,"gold_gain":0,"player_choice":"Card Removal","damage_taken":0,"max_hp_gain":0,"max_hp_loss":0,"event_name":"The Cleric","floor":10,"gold_loss":75}],"is_beta":false,"boss_relics":[],"items_purged_floors":[],"is_endless":false,"potions_floor_spawned":[1,14],"killed_by":"Slime Boss","ascension_level":16}