{"gold_per_floor":[111,111,111,111,4,43,15,15,40,54,92,92,110,131,131,251,251,266,191,216,240,240,270,288,288,311,323,335,347,379,405,417,429],"floor_reached":33,"playtime":1677,"items_purged":["Injury"],"score":426,"play_id":"6bfd9f1a-6716-4e83-95f7-27153dc819df","local_time":"20190315220529","is_ascension_mode":true,"campfire_choices":[{"floor":8,"key":"REST"},{"floor":12,"key":"REST"},{"data":"Bouncing Flask","floor":15,"key":"SMITH"},{"floor":25,"key":"REST"},{"data":"Crippling Poison","floor":27,"key":"SMITH"},{"data":"Footwork","floor":29,"key":"SMITH"},{"data":"Leg Sweep","floor":32,"key":"SMITH"}],"neow_cost":"NONE","seed_source_timestamp":2424770752019128,"circlet_count":0,"master_deck":["AscendersBane","Defend_G","Defend_G","Defend_G","Defend_G","Defend_G","Strike_G","Strike_G","Strike_G","Strike_G","Survivor","Neutralize+1","Cloak And Dagger","Footwork+1","Bouncing Flask+1","Poisoned Stab","Crippling Poison+1","Well Laid Plans","Backstab","Corpse Explosion","Accuracy+1","Deflect","Deflect+1","Slice+1","Writhe","Leg Sweep+1","Quick Slash+1"],"relics":["Ring of the Snake","Juzu Bracelet","Bloody Idol","Mummified Hand","Art of War","Blood Vial","Bag of Preparation","Cursed Key","Potion Belt","MawBank"],"potions_floor_usage":[11,21,33,33,33],"damage_taken":[{"damage":6,"enemies":"Small Slimes","floor":1,"turns":4},{"damage":30,"enemies":"3 Sentries","floor":6,"turns":14},{"damage":6,"enemies":"Jaw Worm","floor":10,"turns":5},{"damage":24,"enemies":"Lagavulin","floor":11,"turns":5},{"damage":0,"enemies":"Cultist","floor":13,"turns":4},{"damage":0,"enemies":"Blue Slaver","floor":14,"turns":3},{"damage":16,"enemies":"Hexaghost","floor":16,"turns":9},{"damage":9,"enemies":"Shell Parasite","floor":18,"turns":4},{"damage":11,"enemies":"2 Thieves","floor":20,"turns":4},{"damage":19,"enemies":"Cultist and Chosen","floor":21,"turns":6},{"damage":22,"enemies":"Book of Stabbing","floor":23,"turns":7},{"damage":6,"enemies":"Snake Plant","floor":24,"turns":5},{"damage":0,"enemies":"Snecko","floor":30,"turns":5},{"damage":4,"enemies":"Cultist and Chosen","floor":31,"turns":3},{"damage":86,"enemies":"Champ","floor":33,"turns":17}],"seed_played":"-3965749340608892923","potions_obtained":[{"floor":10,"key":"AttackPotion"},{"floor":11,"key":"SpeedPotion"},{"floor":14,"key":"Ancient Potion"},{"floor":21,"key":"GamblersBrew"},{"floor":23,"key":"SpeedPotion"}],"is_trial":false,"path_per_floor":["M","?","?","?","$","E","?","R","T","M","E","R","M","M","R","B",null,"M","$","M","M","?","E","M","R","T","R","?","R","M","M","R","B"],"character_chosen":"THE_SILENT","items_purchased":["Footwork","Bouncing Flask"],"campfire_rested":3,"item_purchase_floors":[5,5],"current_hp_per_floor":[57,57,54,54,54,24,24,45,45,41,19,40,42,44,44,30,60,53,53,44,27,27,12,13,34,39,44,49,54,66,70,70,0],"gold":429,"neow_bonus":"RANDOM_COMMON_RELIC","is_prod":false,"is_daily":false,"chose_seed":false,"campfire_upgraded":4,"win_rate":0,"timestamp":1552701929,"path_taken":["M","?","?","?","$","E","?","R","T","M","E","R","M","M","R","BOSS","M","$","M","M","?","E","M","R","T","R","?","R","M","M","R","BOSS"],"build_version":"2019-01-23","purchased_purges":1,"victory":false,"max_hp_per_floor":[70,70,70,70,70,70,70,70,70,70,70,70,70,70,70,70,70,70,70,70,70,70,70,70,70,70,70,70,70,70,70,70,70],"card_choices":[{"not_picked":["Predator","Sucker Punch"],"picked":"Cloak And Dagger","floor":1},{"not_picked":["Riddle With Holes","Reflex"],"picked":"Poisoned Stab","floor":6},{"not_picked":["Blade Dance","Backflip"],"picked":"Crippling Poison","floor":10},{"not_picked":["Prepared","Distraction"],"picked":"Well Laid Plans","floor":11},{"not_picked":["Deflect","Choke"],"picked":"Backstab","floor":13},{"not_picked":["Outmaneuver","Calculated Gamble","Concentrate"],"picked":"SKIP","floor":14},{"not_picked":["Storm of Steel","Envenom"],"picked":"Corpse Explosion","floor":16},{"not_picked":["Poisoned Stab","Flying Knee"],"picked":"Accuracy+1","floor":18},{"not_picked":["Poisoned Stab","Bouncing Flask","Acrobatics"],"picked":"SKIP","floor":20},{"not_picked":["Acrobatics","Prepared"],"picked":"Deflect","floor":21},{"not_picked":["Prepared+1","Outmaneuver"],"picked":"Deflect+1","floor":23},{"not_picked":["Concentrate","Prepared"],"picked":"Slice+1","floor":24},{"not_picked":["Eviscerate+1","Choke","Flying Knee"],"picked":"SKIP","floor":30},{"not_picked":["Leg Sweep","Distraction"],"picked":"Quick Slash+1","floor":31}],"player_experience":397743,"relics_obtained":[{"floor":6,"key":"Art of War"},{"floor":9,"key":"Blood Vial"},{"floor":11,"key":"Bag of Preparation"},{"floor":23,"key":"Potion Belt"},{"floor":26,"key":"MawBank"}],"event_choices":[{"damage_healed":0,"gold_gain":0,"player_choice":"Take Wound","damage_taken":0,"relics_obtained":["Golden Idol"],"max_hp_gain":0,"max_hp_loss":0,"event_name":"Golden Idol","floor":2,"gold_loss":0,"cards_obtained":["Injury"]},{"damage_healed":0,"gold_gain":0,"player_choice":"Success","damage_taken":3,"relics_obtained":["Mummified Hand"],"max_hp_gain":0,"max_hp_loss":0,"event_name":"Scrap Ooze","floor":3,"gold_loss":0},{"damage_healed":0,"gold_gain":0,"player_choice":"Upgraded","damage_taken":0,"max_hp_gain":0,"max_hp_loss":0,"event_name":"Upgrade Shrine","floor":4,"gold_loss":0,"cards_upgraded":["Neutralize"]},{"damage_healed":0,"gold_gain":0,"player_choice":"Left Gold","damage_taken":0,"max_hp_gain":0,"max_hp_loss":0,"event_name":"World of Goop","floor":7,"gold_loss":28},{"damage_healed":0,"gold_gain":0,"player_choice":"Gave Idol","damage_taken":0,"relics_obtained":["Bloody Idol"],"max_hp_gain":0,"max_hp_loss":0,"event_name":"Forgotten Altar","floor":22,"relics_lost":["Golden Idol"],"gold_loss":0},{"damage_healed":0,"gold_gain":0,"cards_transformed":["Regret","Strike_G"],"player_choice":"Became Test Subject","damage_taken":0,"max_hp_gain":0,"max_hp_loss":0,"event_name":"Drug Dealer","floor":28,"gold_loss":0,"cards_obtained":["Writhe","Leg Sweep"]}],"is_beta":false,"boss_relics":[{"not_picked":["Empty Cage","Orrery"],"picked":"Cursed Key"}],"items_purged_floors":[19],"is_endless":false,"potions_floor_spawned":[10,11,14,18,21,23],"killed_by":"Champ","ascension_level":11}