{"gold_per_floor":[218,234,247,322,13,40,40,103,126,138,184,196,240,271,283,295],"floor_reached":16,"playtime":1110,"items_purged":[],"score":160,"play_id":"e1933236-3c54-430c-9de0-1d029abb32fa","local_time":"20190625194016","is_ascension_mode":true,"campfire_choices":[{"floor":7,"key":"REST"},{"floor":15,"key":"REST"}],"neow_cost":"NONE","seed_source_timestamp":471979609137400,"circlet_count":0,"master_deck":["Strike_R","Strike_R","Strike_R","Strike_R","Strike_R","Defend_R","Defend_R","Defend_R","Defend_R","Bash","Spot Weakness+1","Heavy Blade","Heavy Blade","Armaments+1","Sentinel+1","Rampage","Dual Wield+1","Havoc+1","Uppercut"],"relics":["Burning Blood","Toxic Egg 2","Ancient Tea Set","Tiny Chest","MawBank","Shuriken","The Courier"],"potions_floor_usage":[6,11,14],"damage_taken":[{"damage":11,"enemies":"2 Louse","floor":1,"turns":2},{"damage":11,"enemies":"Jaw Worm","floor":2,"turns":4},{"damage":3,"enemies":"Small Slimes","floor":3,"turns":3},{"damage":37,"enemies":"3 Sentries","floor":6,"turns":7},{"damage":33,"enemies":"Lagavulin","floor":8,"turns":8},{"damage":8,"enemies":"Gremlin Nob","floor":11,"turns":3},{"damage":17,"enemies":"3 Sentries","floor":13,"turns":7},{"damage":6,"enemies":"Looter","floor":14,"turns":3},{"damage":68,"enemies":"Hexaghost","floor":16,"turns":9}],"seed_played":"-686949195350569210","potions_obtained":[{"floor":1,"key":"Strength Potion"},{"floor":8,"key":"Strength Potion"},{"floor":11,"key":"Poison Potion"}],"is_trial":false,"path_per_floor":["M","M","M","?","$","E","R","E","T","?","E","?","E","M","R","B"],"character_chosen":"IRONCLAD","items_purchased":["Toxic Egg 2","Armaments+1"],"campfire_rested":2,"item_purchase_floors":[5,5],"current_hp_per_floor":[75,70,73,62,62,31,55,28,28,28,26,52,41,41,65,0],"gold":295,"neow_bonus":"HUNDRED_GOLD","is_prod":false,"is_daily":false,"chose_seed":false,"campfire_upgraded":0,"win_rate":0,"timestamp":1561488016,"path_taken":["M","M","M","?","$","E","R","E","T","?","E","?","E","M","R","BOSS"],"build_version":"2019-01-23","purchased_purges":0,"victory":false,"max_hp_per_floor":[80,80,80,80,80,80,80,80,80,80,80,80,80,80,80,80],"card_choices":[{"not_picked":["True Grit","Cleave"],"picked":"Spot Weakness","floor":1},{"not_picked":["Dual Wield","Entrench"],"picked":"Heavy Blade","floor":2},{"not_picked":["Carnage","Thunderclap"],"picked":"Heavy Blade","floor":3},{"not_picked":["Offering+1","Perfected Strike"],"picked":"Sentinel+1","floor":6},{"not_picked":["Whirlwind","Headbutt"],"picked":"Rampage","floor":8},{"not_picked":["Power Through+1","Armaments+1"],"picked":"Dual Wield+1","floor":11},{"not_picked":["Sever Soul","Pummel"],"picked":"Havoc+1","floor":13},{"not_picked":["Perfected Strike","Bloodletting+1"],"picked":"Uppercut","floor":14}],"player_experience":850255,"relics_obtained":[{"floor":6,"key":"Ancient Tea Set"},{"floor":8,"key":"Tiny Chest"},{"floor":9,"key":"MawBank"},{"floor":11,"key":"Shuriken"},{"floor":13,"key":"The Courier"}],"event_choices":[{"damage_healed":0,"gold_gain":75,"player_choice":"Gather Gold","damage_taken":11,"max_hp_gain":0,"max_hp_loss":0,"event_name":"World of Goop","floor":4,"gold_loss":0},{"damage_healed":0,"gold_gain":0,"player_choice":"Grow","damage_taken":0,"max_hp_gain":0,"max_hp_loss":0,"event_name":"Living Wall","floor":10,"gold_loss":0,"cards_upgraded":["Spot Weakness"]},{"damage_healed":26,"gold_gain":0,"player_choice":"Banana","damage_taken":0,"max_hp_gain":0,"max_hp_loss":0,"event_name":"Big Fish","floor":12,"gold_loss":0}],"is_beta":false,"boss_relics":[],"items_purged_floors":[],"is_endless":false,"potions_floor_spawned":[1,8,11],"killed_by":"Hexaghost","ascension_level":5}