{"gold_per_floor":[114,128,128,128,145,145,159,194,194,194,210,243,262,282,282,381,381,392,410,325,325,325,351,351,351,351,365,380,390,407,84,84,84],"floor_reached":33,"playtime":1588,"items_purged":["Strike_G"],"score":308,"play_id":"9a671dd7-b2e9-4a8b-8ec9-64fa9e42ab4d","local_time":"20190615201052","is_ascension_mode":false,"campfire_choices":[{"data":"Deadly Poison","floor":6,"key":"SMITH"},{"floor":10,"key":"REST"},{"floor":15,"key":"REST"},{"floor":24,"key":"REST"},{"floor":32,"key":"REST"}],"neow_cost":"NONE","seed_source_timestamp":677848774831911,"circlet_count":0,"master_deck":["Defend_G","Defend_G","Defend_G","Defend_G","Defend_G","Strike_G","Strike_G+1","Strike_G","Strike_G+1","Survivor","Neutralize","Flechettes","Slice","Deadly Poison+1","Deadly Poison","Endless Agony","Cloak And Dagger","Dagger Spray","Footwork","Die Die Die","Die Die Die","Slice","Cloak And Dagger","Night Terror","Footwork","Finisher+1","Enlightenment"],"relics":["White Beast Statue","Bag of Preparation","Kunai","Mercury Hourglass","Sozu","Art of War","Centennial Puzzle","Turnip","Regal Pillow"],"potions_floor_usage":[5,7,8,8,11,13,14,16,19,25],"damage_taken":[{"damage":0,"enemies":"2 Louse","floor":1,"turns":2},{"damage":0,"enemies":"Small Slimes","floor":2,"turns":4},{"damage":1,"enemies":"Jaw Worm","floor":5,"turns":5},{"damage":0,"enemies":"2 Fungi Beasts","floor":7,"turns":3},{"damage":0,"enemies":"Gremlin Nob","floor":8,"turns":2},{"damage":1,"enemies":"Large Slime","floor":11,"turns":4},{"damage":24,"enemies":"3 Sentries","floor":12,"turns":9},{"damage":0,"enemies":"Exordium Wildlife","floor":13,"turns":2},{"damage":5,"enemies":"Exordium Thugs","floor":14,"turns":3},{"damage":46,"enemies":"Hexaghost","floor":16,"turns":10},{"damage":4,"enemies":"Shell Parasite","floor":18,"turns":4},{"damage":0,"enemies":"Chosen","floor":19,"turns":4},{"damage":27,"enemies":"Slavers","floor":23,"turns":5},{"damage":0,"enemies":"Snake Plant","floor":25,"turns":1},{"damage":17,"enemies":"Centurion and Healer","floor":27,"turns":4},{"damage":3,"enemies":"Chosen and Byrds","floor":28,"turns":4},{"damage":16,"enemies":"Shelled Parasite and Fungi","floor":29,"turns":5},{"damage":4,"enemies":"Centurion and Healer","floor":30,"turns":6},{"damage":72,"enemies":"Champ","floor":33,"turns":12}],"seed_played":"7864595571721638297","potions_obtained":[{"floor":1,"key":"PowerPotion"},{"floor":2,"key":"SteroidPotion"},{"floor":5,"key":"PowerPotion"},{"floor":7,"key":"SteroidPotion"},{"floor":8,"key":"FearPotion"},{"floor":11,"key":"SmokeBomb"},{"floor":12,"key":"GhostInAJar"},{"floor":13,"key":"PowerPotion"},{"floor":14,"key":"AttackPotion"},{"floor":16,"key":"Explosive Potion"}],"is_trial":false,"path_per_floor":["M","M","?","?","M","R","M","E","T","R","M","E","M","M","R","B",null,"M","M","?","?","?","E","R","M","T","M","M","M","M","$","R","B"],"character_chosen":"THE_SILENT","items_purchased":["Regal Pillow","Enlightenment"],"campfire_rested":4,"item_purchase_floors":[31,31],"current_hp_per_floor":[70,70,56,49,48,48,48,48,48,69,68,44,44,39,60,14,70,66,66,66,66,53,26,48,48,48,31,28,12,8,8,45,0],"gold":84,"neow_bonus":"BOSS_RELIC","is_prod":false,"is_daily":false,"chose_seed":false,"campfire_upgraded":1,"win_rate":0,"timestamp":1560654652,"path_taken":["M","M","?","?","M","R","M","E","T","R","M","E","M","M","R","BOSS","M","M","?","?","?","E","R","M","T","M","M","M","M","$","R","BOSS"],"build_version":"2019-01-23","purchased_purges":1,"victory":false,"max_hp_per_floor":[70,70,70,70,70,70,70,70,70,70,70,70,70,70,70,70,70,70,70,70,70,75,75,75,75,75,75,75,75,75,75,75,75],"card_choices":[{"not_picked":["Blade Dance","Leg Sweep"],"picked":"Flechettes","floor":1},{"not_picked":["Riddle With Holes","Bouncing Flask"],"picked":"Slice","floor":2},{"not_picked":["Dash","Accuracy"],"picked":"Deadly Poison","floor":5},{"not_picked":["Grand Finale","Outmaneuver"],"picked":"Deadly Poison","floor":7},{"not_picked":["Quick Slash","Sucker Punch"],"picked":"Endless Agony","floor":8},{"not_picked":["PiercingWail","Deadly Poison"],"picked":"Cloak And Dagger","floor":11},{"not_picked":["Quick Slash","Die Die Die"],"picked":"Dagger Spray","floor":12},{"not_picked":["Backflip","All Out Attack"],"picked":"Footwork","floor":13},{"not_picked":["Poisoned Stab","Flying Knee"],"picked":"Die Die Die","floor":14},{"not_picked":["Burst","Envenom"],"picked":"Die Die Die","floor":16},{"not_picked":["Riddle With Holes","Heel Hook+1"],"picked":"Slice","floor":18},{"not_picked":["Masterful Stab","Noxious Fumes"],"picked":"Cloak And Dagger","floor":19},{"not_picked":["Prepared","Masterful Stab"],"picked":"Night Terror","floor":23},{"not_picked":["Acrobatics+1","Dagger Spray+1"],"picked":"Footwork","floor":27},{"not_picked":["Deadly Poison+1","Tactician"],"picked":"Finisher+1","floor":28},{"not_picked":["Blade Dance","Accuracy","Heel Hook"],"picked":"SKIP","floor":29},{"not_picked":["Acrobatics+1","Dagger Throw","Dodge and Roll"],"picked":"SKIP","floor":30}],"player_experience":402338,"relics_obtained":[{"floor":8,"key":"Kunai"},{"floor":12,"key":"Mercury Hourglass"},{"floor":23,"key":"Centennial Puzzle"},{"floor":26,"key":"Turnip"}],"event_choices":[{"damage_healed":0,"gold_gain":0,"player_choice":"Entered Light","damage_taken":14,"max_hp_gain":0,"max_hp_loss":0,"event_name":"Shining Light","floor":3,"gold_loss":0,"cards_upgraded":["Strike_G","Strike_G"]},{"damage_healed":0,"gold_gain":0,"player_choice":"Success","damage_taken":7,"relics_obtained":["Bag of Preparation"],"max_hp_gain":0,"max_hp_loss":0,"event_name":"Scrap Ooze","floor":4,"gold_loss":0},{"damage_healed":0,"gold_gain":0,"player_choice":"Obtained Relic","damage_taken":0,"relics_obtained":["Art of War"],"max_hp_gain":0,"max_hp_loss":0,"event_name":"Addict","floor":20,"gold_loss":85},{"damage_healed":0,"gold_gain":0,"player_choice":"Ignored","damage_taken":0,"max_hp_gain":0,"max_hp_loss":0,"event_name":"The Mausoleum","floor":21,"gold_loss":0},{"damage_healed":0,"gold_gain":0,"player_choice":"Shed Blood","damage_taken":18,"max_hp_gain":5,"max_hp_loss":0,"event_name":"Forgotten Altar","floor":22,"gold_loss":0}],"is_beta":false,"boss_relics":[{"not_picked":["Astrolabe","Busted Crown"],"picked":"Sozu"}],"items_purged_floors":[31],"is_endless":false,"potions_floor_spawned":[1,2,5,7,8,11,12,13,14,16,18,19,23,25,27,28,29,30],"killed_by":"Champ","ascension_level":0}