{"gold_per_floor":[112,127,144,144,160,193,193,6,29,59,59,70,70,87,87,160,160,176,194,194,205,232,259,259,309,334,345,345,380,380,396,396,468,468,485,495,445,458,471,471,481,513,540,540,186,212,434,447,447,447],"floor_reached":50,"playtime":1569,"items_purged":[],"score":1463,"play_id":"1e0a7a23-41d8-4922-a4d6-e2e793c12536","local_time":"20190618192450","daily_mods":["Insanity","Uncertain Future","Lethality"],"is_ascension_mode":true,"campfire_choices":[{"data":"Armaments","floor":7.0,"key":"SMITH"},{"data":"Perfected Strike","floor":13.0,"key":"SMITH"},{"data":"Corruption","floor":15.0,"key":"SMITH"},{"data":"Spot Weakness","floor":28,"key":"SMITH"},{"data":"Inflame","floor":30,"key":"SMITH"},{"data":"Apotheosis","floor":32,"key":"SMITH"},{"floor":40,"key":"REST"},{"data":"Corruption","floor":44,"key":"SMITH"},{"data":"True Grit","floor":49,"key":"SMITH"}],"neow_cost":"","seed_source_timestamp":0,"circlet_count":0,"master_deck":["AscendersBane","Anger","True Grit","Cleave","Evolve","Heavy Blade","Infernal Blade","Bloodletting","Twin Strike","Anger","Perfected Strike+1","Pummel","Wild Strike","Iron Wave","Armaments+1","Clothesline","Cleave","Flex","Sentinel","Havoc","Corruption+1","Anger","Heavy Blade","Headbutt","Flex","Anger+1","Clash","Anger","Cleave","Flex","Sentinel","Burning Pact","Power Through","Sword Boomerang","Sword Boomerang","Seeing Red","Dual Wield","True Grit","Thunderclap","True Grit+1","Inflame+1","Whirlwind","Spot Weakness+1","Flex","Clothesline","Entrench+1","Twin Strike","Combust","Twin Strike","Havoc","Pommel Strike","Pommel Strike","Inflame","Iron Wave","Regret","Inflame","Pommel Strike","Apotheosis+1","Spot Weakness","Twin Strike","Pommel Strike","Reaper","Twin Strike+1","Perfected Strike","Decay","Pommel Strike","Twin Strike","Wild Strike+1","Normality","Fiend Fire+1","Thunderclap+1","Offering","Fiend Fire+1","Corruption+1","Inflame","Heavy Blade+1","Clash+1","Clash+1","Writhe","Demon Form","Dash+1","Melter+1"],"special_seed":0,"relics":["Burning Blood","Anchor","PreservedInsect","Bag of Preparation","Ornamental Fan","Cursed Key","Red Mask","Molten Egg 2","Blood Vial","Orichalcum","Snecko Eye","Sundial","Centennial Puzzle","PrismaticShard","Gambling Chip"],"potions_floor_usage":[22,36,50,50],"damage_taken":[{"damage":0.0,"enemies":"Cultist","floor":1.0,"turns":2.0},{"damage":0.0,"enemies":"2 Louse","floor":2.0,"turns":1.0},{"damage":0.0,"enemies":"Small Slimes","floor":3.0,"turns":1.0},{"damage":0.0,"enemies":"Blue Slaver","floor":5.0,"turns":2.0},{"damage":0.0,"enemies":"Gremlin Nob","floor":6.0,"turns":2.0},{"damage":7.0,"enemies":"3 Sentries","floor":10.0,"turns":3.0},{"damage":3.0,"enemies":"Large Slime","floor":12.0,"turns":1.0},{"damage":0.0,"enemies":"Lots of Slimes","floor":14.0,"turns":1.0},{"damage":5.0,"enemies":"Slime Boss","floor":16.0,"turns":4.0},{"damage":0,"enemies":"Spheric Guardian","floor":18,"turns":2},{"damage":0,"enemies":"Chosen","floor":19,"turns":2},{"damage":3,"enemies":"Centurion and Healer","floor":21,"turns":2},{"damage":0,"enemies":"Masked Bandits","floor":22,"turns":2},{"damage":0,"enemies":"Gremlin Leader","floor":23,"turns":2},{"damage":1,"enemies":"Cultist and Chosen","floor":27,"turns":3},{"damage":0,"enemies":"Slavers","floor":29,"turns":2},{"damage":0,"enemies":"Snake Plant","floor":31,"turns":1},{"damage":33,"enemies":"Champ","floor":33,"turns":7},{"damage":16,"enemies":"Orb Walker","floor":35,"turns":3},{"damage":10,"enemies":"3 Darklings","floor":36,"turns":2},{"damage":17,"enemies":"Maw","floor":38,"turns":6},{"damage":48,"enemies":"4 Shapes","floor":39,"turns":5},{"damage":11,"enemies":"Spire Growth","floor":41,"turns":4},{"damage":14,"enemies":"Giant Head","floor":42,"turns":5},{"damage":26,"enemies":"Reptomancer","floor":46,"turns":3},{"damage":0,"enemies":"Sphere and 2 Shapes","floor":48,"turns":1},{"damage":73,"enemies":"Donu and Deca","floor":50,"turns":4}],"seed_played":"9043017932190378801","potions_obtained":[{"floor":3.0,"key":"FearPotion"},{"floor":5.0,"key":"AttackPotion"},{"floor":10.0,"key":"BloodPotion"},{"floor":18,"key":"AttackPotion"},{"floor":33,"key":"AttackPotion"},{"floor":38,"key":"Dexterity Potion"},{"floor":39,"key":"PowerPotion"}],"is_trial":true,"path_per_floor":["M","M","M","?","M","E","R","$","T","E","?","M","R","M","R","B",null,"M","M","?","M","?","E","$","?","T","M","R","E","R","M","R","B",null,"M","M","?","M","M","R","M","E","T","R","$","E","?","M","R","B"],"character_chosen":"IRONCLAD","items_purchased":["Apotheosis","Demon Form","PrismaticShard"],"campfire_rested":1,"item_purchase_floors":[8,45,45],"current_hp_per_floor":[74,75,75,75,75,75,75,75,75,74,74,75,75,75,75,75,75,75,75,75,75,75,75,75,75,75,75,75,75,75,75,75,48,68,60,74,74,71,31,53,61,67,67,67,67,49,49,57,57,0],"gold":447,"neow_bonus":"","is_prod":false,"is_daily":false,"chose_seed":false,"campfire_upgraded":8,"win_rate":0,"timestamp":1560900290,"path_taken":["M","M","M","?","M","E","R","$","T","E","?","?","R","M","R","BOSS","M","M","?","M","?","E","$","?","T","M","R","E","R","M","R","BOSS","M","M","?","M","?","R","M","E","T","R","$","E","?","M","R","BOSS"],"build_version":"2019-01-23","purchased_purges":0,"victory":false,"max_hp_per_floor":[75,75,75,75,75,75,75,75,75,75,75,75,75,75,75,75,75,75,75,75,75,75,75,75,75,75,75,75,75,75,75,75,75,75,75,75,75,75,75,75,75,75,75,75,75,75,75,75,75,75],"card_choices":[{"not_picked":["Rupture","Body Slam"],"picked":"Pommel Strike","floor":1.0},{"not_picked":["Havoc","Pommel Strike"],"picked":"Inflame","floor":2.0},{"not_picked":["Sword Boomerang","Rampage"],"picked":"Iron Wave","floor":3.0},{"not_picked":["Warcry","Uppercut"],"picked":"Inflame","floor":5.0},{"not_picked":["Feel No Pain","Flex"],"picked":"Pommel Strike","floor":6.0},{"not_picked":["Uppercut","Combust"],"picked":"Spot Weakness","floor":10.0},{"not_picked":["Clash","Rage"],"picked":"Twin Strike","floor":12.0},{"not_picked":["Wild Strike","Disarm"],"picked":"Pommel Strike","floor":14.0},{"not_picked":["Brutality","Berserk"],"picked":"Reaper","floor":16.0},{"not_picked":["Wild Strike","Heavy Blade"],"picked":"Twin Strike+1","floor":18},{"not_picked":["Warcry+1","Rupture+1"],"picked":"Perfected Strike","floor":19},{"not_picked":["Feel No Pain","Second Wind"],"picked":"Pommel Strike","floor":21},{"not_picked":["Wild Strike","Pommel Strike"],"picked":"Twin Strike","floor":22},{"not_picked":["Evolve","Intimidate"],"picked":"Wild Strike","floor":23},{"not_picked":["Sentinel","Heavy Blade+1"],"picked":"Fiend Fire+1","floor":27},{"not_picked":["Power Through","Clothesline+1"],"picked":"Thunderclap+1","floor":29},{"not_picked":["Pommel Strike+1","Thunderclap+1"],"picked":"Offering","floor":31},{"not_picked":["Berserk","Barricade"],"picked":"Fiend Fire+1","floor":33},{"not_picked":["True Grit+1","Spot Weakness"],"picked":"Corruption","floor":35},{"not_picked":["Shrug It Off","Bloodletting"],"picked":"Inflame","floor":36},{"not_picked":["Anger+1","Bloodletting+1"],"picked":"Heavy Blade+1","floor":38},{"not_picked":["Anger+1","Cleave+1"],"picked":"Clash+1","floor":39},{"not_picked":["Anger+1","Cleave+1"],"picked":"Clash+1","floor":41},{"not_picked":["Sword Boomerang+1","Evolve","Feel No Pain+1"],"picked":"SKIP","floor":42},{"not_picked":["Armaments","Madness"],"picked":"Dash+1","floor":46},{"not_picked":["Quick Slash+1","Lockon+1"],"picked":"Melter+1","floor":48}],"player_experience":937427,"relics_obtained":[{"floor":6.0,"key":"PreservedInsect"},{"floor":9.0,"key":"Bag of Preparation"},{"floor":10.0,"key":"Ornamental Fan"},{"floor":22,"key":"Red Mask"},{"floor":23,"key":"Molten Egg 2"},{"floor":26,"key":"Blood Vial"},{"floor":29,"key":"Orichalcum"},{"floor":42,"key":"Sundial"},{"floor":43,"key":"Centennial Puzzle"},{"floor":46,"key":"Gambling Chip"}],"event_choices":[{"damage_healed":0.0,"max_hp_gain":0.0,"max_hp_loss":0.0,"gold_gain":0.0,"event_name":"Big Fish","player_choice":"Box","floor":4.0,"gold_loss":0.0,"damage_taken":0.0,"relics_obtained":["Anchor"],"cards_obtained":["Regret"]},{"damage_healed":0.0,"max_hp_gain":0.0,"max_hp_loss":0.0,"gold_gain":0.0,"event_name":"Lab","player_choice":"Got Potions","floor":11.0,"gold_loss":0.0,"damage_taken":0.0},{"damage_healed":0,"gold_gain":0,"player_choice":"Smashed Altar","damage_taken":0,"max_hp_gain":0,"max_hp_loss":0,"event_name":"Forgotten Altar","floor":20,"gold_loss":0,"cards_obtained":["Decay"]},{"damage_healed":0,"gold_gain":0,"player_choice":"Fought Bandits","damage_taken":0,"max_hp_gain":0,"max_hp_loss":0,"event_name":"Masked Bandits","floor":22,"gold_loss":0},{"damage_healed":0,"gold_gain":50,"player_choice":"Stole From Cult","damage_taken":0,"max_hp_gain":0,"max_hp_loss":0,"event_name":"Nest","floor":25,"gold_loss":0},{"damage_healed":0,"gold_gain":0,"player_choice":"Upgraded Two","damage_taken":0,"max_hp_gain":0,"max_hp_loss":0,"event_name":"Designer","floor":37,"gold_loss":50,"cards_upgraded":["Entrench","Anger"]},{"damage_healed":0,"gold_gain":222,"player_choice":"Wore Mask","damage_taken":0,"max_hp_gain":0,"max_hp_loss":0,"event_name":"Tomb of Lord Red Mask","floor":47,"gold_loss":0}],"is_beta":false,"boss_relics":[{"not_picked":["Ectoplasm","Runic Cube"],"picked":"Cursed Key"},{"not_picked":["Calling Bell","Runic Dome"],"picked":"Snecko Eye"}],"items_purged_floors":[],"is_endless":false,"potions_floor_spawned":[3,5,10,12,18,21,33,35,38,39,46],"killed_by":"Donu and Deca","ascension_level":15}