{"gold_per_floor":[113,288,301,39,54,82,82,101,101,114,114,143,93,113,113,218,218,218,218,218,218,218,218,0,0,0,0,0,0,0,0,0,0,0,0,0,0,0,0,0,0,0,0,0,0,0,0,0,0,0],"floor_reached":51,"playtime":2876,"items_purged":["Doubt","Writhe"],"score":903,"play_id":"a1843715-9924-4e56-be56-9090dda6c219","local_time":"20190213195220","is_ascension_mode":true,"campfire_choices":[{"data":"Adrenaline","floor":11,"key":"SMITH"},{"floor":15,"key":"REST"},{"floor":23,"key":"REST"},{"data":"Infinite Blades","floor":27,"key":"SMITH"},{"data":"Accuracy","floor":29,"key":"SMITH"},{"floor":32,"key":"REST"},{"data":"Burst","floor":40,"key":"SMITH"},{"data":"Accuracy","floor":42,"key":"SMITH"},{"data":"Adrenaline","floor":44,"key":"SMITH"},{"floor":49,"key":"REST"}],"neow_cost":"NONE","seed_source_timestamp":5413386840921,"circlet_count":0,"master_deck":["Survivor","Neutralize","Adrenaline+1","Caltrops","Caltrops","Masterful Stab","Cloak And Dagger","Slice","Dagger Spray","Die Die Die","Outmaneuver","Glass Knife","Infinite Blades+1","Cloak And Dagger","Leg Sweep","Blade Dance","Accuracy+1","Dash","Blade Dance","Blade Dance+1","Accuracy+1","Adrenaline+1","Flechettes","Masterful Stab","Tactician","Burst+1","Blur","Catalyst","Backflip","Backstab","Tools of the Trade","Parasite","Blur+1","Prepared+1","Parasite","Sucker Punch"],"relics":["Ring of the Snake","Lantern","Kunai","Meat on the Bone","Mercury Hourglass","Ectoplasm","Potion Belt","Red Mask","Turnip","Dodecahedron","Boot","Nunchaku","Pandora\u0027s Box","The Specimen","PreservedInsect"],"potions_floor_usage":[6,16,16,21,25,39,48,48,50],"damage_taken":[{"damage":0,"enemies":"Jaw Worm","floor":1,"turns":3},{"damage":3,"enemies":"Small Slimes","floor":3,"turns":4},{"damage":0,"enemies":"2 Louse","floor":5,"turns":2},{"damage":20,"enemies":"3 Sentries","floor":6,"turns":6},{"damage":0,"enemies":"Blue Slaver","floor":8,"turns":3},{"damage":2,"enemies":"Large Slime","floor":10,"turns":7},{"damage":27,"enemies":"Gremlin Nob","floor":12,"turns":4},{"damage":0,"enemies":"Exordium Thugs","floor":14,"turns":3},{"damage":56,"enemies":"Slime Boss","floor":16,"turns":10},{"damage":0,"enemies":"Shell Parasite","floor":18,"turns":5},{"damage":29,"enemies":"Masked Bandits","floor":20,"turns":3},{"damage":7,"enemies":"Colosseum Slavers","floor":21,"turns":3},{"damage":26,"enemies":"Colosseum Nobs","floor":21,"turns":5},{"damage":0,"enemies":"Spheric Guardian","floor":22,"turns":4},{"damage":16,"enemies":"Book of Stabbing","floor":25,"turns":6},{"damage":0,"enemies":"Centurion and Healer","floor":28,"turns":6},{"damage":1,"enemies":"Snake Plant","floor":30,"turns":3},{"damage":0,"enemies":"Chosen and Byrds","floor":31,"turns":4},{"damage":32,"enemies":"Automaton","floor":33,"turns":8},{"damage":5,"enemies":"Orb Walker","floor":35,"turns":2},{"damage":0,"enemies":"Mind Bloom Boss Battle","floor":37,"turns":5},{"damage":0,"enemies":"3 Shapes","floor":38,"turns":3},{"damage":25,"enemies":"Writhing Mass","floor":39,"turns":6},{"damage":9,"enemies":"3 Darklings","floor":41,"turns":5},{"damage":0,"enemies":"Sphere and 2 Shapes","floor":45,"turns":3},{"damage":26,"enemies":"Spire Growth","floor":46,"turns":5},{"damage":30,"enemies":"Writhing Mass","floor":48,"turns":7},{"damage":33,"enemies":"Donu and Deca","floor":50,"turns":9}],"seed_played":"4413149374963696515","potions_obtained":[{"floor":3,"key":"Explosive Potion"},{"floor":8,"key":"Energy Potion"},{"floor":12,"key":"LiquidBronze"},{"floor":14,"key":"PowerPotion"},{"floor":20,"key":"PowerPotion"},{"floor":22,"key":"Poison Potion"},{"floor":28,"key":"SneckoOil"},{"floor":31,"key":"Energy Potion"},{"floor":33,"key":"Weak Potion"},{"floor":37,"key":"SpeedPotion"},{"floor":38,"key":"AttackPotion"},{"floor":39,"key":"Block Potion"}],"is_trial":false,"path_per_floor":["M","?","M","$","M","E","?","M","T","M","R","E","?","M","R","B",null,"M","?","?","?","M","R","$","E","T","R","M","R","M","M","R","B",null,"M","?","?","M","M","R","M","R","T","R","M","M","?","M","R","B",null],"character_chosen":"THE_SILENT","items_purchased":["Masterful Stab","Lantern","Accuracy","Dash"],"campfire_rested":4,"item_purchase_floors":[4,4,24,24],"current_hp_per_floor":[63,63,60,60,60,40,33,33,33,43,43,28,28,40,61,17,57,57,57,40,31,43,64,64,48,48,48,48,48,47,47,68,36,62,57,57,57,57,44,44,47,47,47,47,47,33,61,31,49,28],"gold":0,"neow_bonus":"ONE_RANDOM_RARE_CARD","is_prod":false,"is_daily":false,"chose_seed":false,"campfire_upgraded":6,"win_rate":0,"timestamp":1550105540,"path_taken":["M","?","M","$","M","E","?","M","T","M","R","E","?","M","R","BOSS","M","?","?","?","M","R","?","E","T","R","M","R","M","M","R","BOSS","M","?","?","M","M","R","?","R","T","R","M","M","?","M","R","BOSS"],"build_version":"2019-01-23","purchased_purges":2,"victory":true,"max_hp_per_floor":[70,70,70,70,70,70,70,70,70,70,70,70,70,70,70,70,70,70,70,70,70,70,70,70,70,70,70,70,70,70,70,70,70,70,70,70,70,70,70,70,70,70,70,70,70,70,61,61,61,61],"card_choices":[{"not_picked":["Underhanded Strike","Tactician"],"picked":"Caltrops","floor":1},{"not_picked":["Flechettes","Dodge and Roll"],"picked":"Caltrops","floor":3},{"not_picked":["Endless Agony","Accuracy","Deadly Poison"],"picked":"SKIP","floor":5},{"not_picked":["Outmaneuver","Finisher"],"picked":"Cloak And Dagger","floor":6},{"not_picked":["Bane","Backflip"],"picked":"Slice","floor":8},{"not_picked":["Choke","Concentrate"],"picked":"Dagger Spray","floor":10},{"not_picked":["Setup","Outmaneuver"],"picked":"Die Die Die","floor":12},{"not_picked":["Quick Slash","PiercingWail"],"picked":"Outmaneuver","floor":14},{"not_picked":["Venomology","Grand Finale"],"picked":"Glass Knife","floor":16},{"not_picked":["Dash+1","Outmaneuver"],"picked":"Infinite Blades","floor":18},{"not_picked":["Endless Agony","Slice"],"picked":"Cloak And Dagger","floor":20},{"not_picked":["Poisoned Stab","Flying Knee"],"picked":"Leg Sweep","floor":21},{"not_picked":["Quick Slash","Underhanded Strike"],"picked":"Blade Dance","floor":22},{"not_picked":["Distraction","Poisoned Stab","Bane"],"picked":"SKIP","floor":25},{"not_picked":["Acrobatics","Catalyst"],"picked":"Blade Dance","floor":28},{"not_picked":["Dodge and Roll","Bullet Time"],"picked":"Blade Dance+1","floor":30},{"not_picked":["Dagger Throw","Dagger Spray"],"picked":"Accuracy","floor":31},{"not_picked":["Night Terror","Malaise"],"picked":"Adrenaline","floor":33},{"not_picked":["Prepared","Backflip","Crippling Poison"],"picked":"SKIP","floor":35},{"not_picked":["Deadly Poison+1","Poisoned Stab+1"],"picked":"Backstab","floor":37},{"not_picked":["Tools of the Trade","All Out Attack+1","Catalyst"],"picked":"SKIP","floor":38},{"not_picked":["All Out Attack+1","Catalyst"],"picked":"Tools of the Trade","floor":38},{"not_picked":["Backstab+1","Dodge and Roll"],"picked":"Blur+1","floor":39},{"not_picked":["Slice+1","Dagger Spray","Deflect"],"picked":"SKIP","floor":41},{"not_picked":["Dagger Throw+1","Distraction+1","Quick Slash"],"picked":"SKIP","floor":45},{"not_picked":["Dagger Spray","Bane"],"picked":"Prepared+1","floor":46},{"not_picked":["Deflect+1","Riddle With Holes+1"],"picked":"Sucker Punch","floor":48}],"player_experience":245141,"relics_obtained":[{"floor":6,"key":"Kunai"},{"floor":9,"key":"Meat on the Bone"},{"floor":12,"key":"Mercury Hourglass"},{"floor":20,"key":"Red Mask"},{"floor":21,"key":"Turnip"},{"floor":21,"key":"Dodecahedron"},{"floor":25,"key":"Boot"},{"floor":26,"key":"Nunchaku"},{"floor":37,"key":"The Specimen"},{"floor":43,"key":"PreservedInsect"}],"event_choices":[{"damage_healed":0,"gold_gain":175,"player_choice":"AGREE","damage_taken":0,"max_hp_gain":0,"max_hp_loss":0,"event_name":"Liars Game","floor":2,"gold_loss":0,"cards_obtained":["Doubt"]},{"cards_removed":["Strike_G"],"damage_healed":0,"gold_gain":0,"player_choice":"Card Removal","damage_taken":7,"max_hp_gain":0,"max_hp_loss":0,"event_name":"Golden Wing","floor":7,"gold_loss":0},{"cards_removed":["Strike_G"],"damage_healed":0,"gold_gain":0,"player_choice":"Card Removal","damage_taken":0,"max_hp_gain":0,"max_hp_loss":0,"event_name":"The Cleric","floor":13,"gold_loss":50},{"damage_healed":0,"gold_gain":0,"player_choice":"Opened","damage_taken":0,"relics_obtained":["Potion Belt"],"max_hp_gain":0,"max_hp_loss":0,"event_name":"The Mausoleum","floor":19,"gold_loss":0,"cards_obtained":["Writhe"]},{"damage_healed":0,"gold_gain":0,"player_choice":"Fought Bandits","damage_taken":0,"max_hp_gain":0,"max_hp_loss":0,"event_name":"Masked Bandits","floor":20,"gold_loss":0},{"damage_healed":0,"gold_gain":0,"player_choice":"Fight","damage_taken":0,"max_hp_gain":0,"max_hp_loss":0,"event_name":"Colosseum","floor":21,"gold_loss":0},{"damage_healed":0,"gold_gain":0,"player_choice":"Fought Nobs","damage_taken":0,"max_hp_gain":0,"max_hp_loss":0,"event_name":"Colosseum","floor":21,"gold_loss":0},{"cards_removed":["Wraith Form v2"],"damage_healed":0,"gold_gain":0,"player_choice":"Removed Power","damage_taken":0,"max_hp_gain":0,"max_hp_loss":0,"event_name":"Falling","floor":36,"gold_loss":0},{"damage_healed":0,"gold_gain":0,"player_choice":"Fight","damage_taken":0,"max_hp_gain":0,"max_hp_loss":0,"event_name":"MindBloom","floor":37,"gold_loss":0},{"damage_healed":61,"gold_gain":0,"player_choice":"Heal","damage_taken":0,"max_hp_gain":0,"max_hp_loss":9,"event_name":"The Moai Head","floor":47,"gold_loss":0}],"is_beta":false,"boss_relics":[{"not_picked":["Tiny House","Coffee Dripper"],"picked":"Ectoplasm"},{"not_picked":["Runic Pyramid","Fusion Hammer"],"picked":"Pandora\u0027s Box"}],"items_purged_floors":[4,24],"is_endless":false,"potions_floor_spawned":[3,8,12,14,20,22,28,31,33,37,38,39],"ascension_level":6}