{"gold_per_floor":[113,128,128,278,297,327,23,39,39,39,39,50,50,76,76,150,150,160,160,160],"floor_reached":20,"playtime":638,"items_purged":["Doubt"],"score":335,"play_id":"09d5f28d-dbcb-4450-bd0d-7bc30465ae44","local_time":"20190622214359","is_ascension_mode":true,"campfire_choices":[{"floor":10,"key":"REST"},{"data":"Uppercut","floor":13,"key":"SMITH"},{"data":"Perfected Strike","floor":15,"key":"SMITH"}],"neow_cost":"CURSE","seed_source_timestamp":859729189511356,"circlet_count":0,"master_deck":["AscendersBane","Strike_R","Strike_R","Strike_R","Strike_R+1","Strike_R","Defend_R","Defend_R","Defend_R","Defend_R","Bash","Dramatic Entrance+1","Flash of Steel","Writhe","Hemokinesis","Thunderclap","Perfected Strike+1","Pummel","Twin Strike","Uppercut+1","Iron Wave","Exhume","Clothesline","Pain"],"relics":["Burning Blood","Vajra","Chemical X","Centennial Puzzle","Whetstone","Odd Mushroom","Runic Pyramid","WarpedTongs"],"potions_floor_usage":[2,2,16,16],"damage_taken":[{"damage":8,"enemies":"Small Slimes","floor":1,"turns":2},{"damage":10,"enemies":"Jaw Worm","floor":2,"turns":2},{"damage":6,"enemies":"2 Louse","floor":5,"turns":3},{"damage":46,"enemies":"3 Sentries","floor":6,"turns":7},{"damage":11,"enemies":"Looter","floor":8,"turns":2},{"damage":7,"enemies":"Gremlin Gang","floor":12,"turns":3},{"damage":11,"enemies":"The Mushroom Lair","floor":14,"turns":3},{"damage":44,"enemies":"Hexaghost","floor":16,"turns":9},{"damage":26,"enemies":"Spheric Guardian","floor":18,"turns":4},{"damage":49,"enemies":"Shell Parasite","floor":20,"turns":4}],"seed_played":"-8770393945941984592","potions_obtained":[{"floor":1,"key":"Explosive Potion"},{"floor":2,"key":"Fruit Juice"},{"floor":8,"key":"Dexterity Potion"},{"floor":12,"key":"Swift Potion"}],"is_trial":false,"path_per_floor":["M","M","?","?","M","E","$","M","T","R","T","M","R","?","R","B",null,"M","?","M"],"character_chosen":"IRONCLAD","items_purchased":["Chemical X"],"campfire_rested":1,"item_purchase_floors":[7],"current_hp_per_floor":[66,67,72,72,72,32,32,27,27,52,52,51,51,46,46,8,66,46,46,0],"gold":160,"neow_bonus":"RANDOM_COLORLESS_2","is_prod":false,"is_daily":false,"chose_seed":false,"campfire_upgraded":2,"win_rate":0,"timestamp":1561265039,"path_taken":["M","M","?","?","M","E","$","M","T","R","?","M","R","?","R","BOSS","M","?","?"],"build_version":"2019-01-23","purchased_purges":1,"victory":false,"max_hp_per_floor":[75,80,85,85,85,85,85,85,85,85,85,85,85,85,85,85,85,85,85,85],"card_choices":[{"not_picked":["Headbutt","Heavy Blade"],"picked":"Hemokinesis","floor":1},{"not_picked":["Warcry","Clash"],"picked":"Thunderclap","floor":2},{"not_picked":["Battle Trance","Twin Strike"],"picked":"Perfected Strike","floor":5},{"not_picked":["Body Slam","Clash"],"picked":"Pummel","floor":6},{"not_picked":["Dark Embrace","Pummel"],"picked":"Twin Strike","floor":8},{"not_picked":["Cleave","Metallicize"],"picked":"Uppercut","floor":12},{"not_picked":["Warcry","Intimidate"],"picked":"Iron Wave","floor":14},{"not_picked":["Berserk","Brutality"],"picked":"Exhume","floor":16},{"not_picked":["Havoc","Anger"],"picked":"Clothesline","floor":18}],"player_experience":1053813,"relics_obtained":[{"floor":6,"key":"Vajra"},{"floor":9,"key":"Centennial Puzzle"},{"floor":11,"key":"Whetstone"},{"floor":14,"key":"Odd Mushroom"}],"event_choices":[{"damage_healed":0,"gold_gain":0,"player_choice":"Donut","damage_taken":0,"max_hp_gain":5,"max_hp_loss":0,"event_name":"Big Fish","floor":3,"gold_loss":0},{"damage_healed":0,"gold_gain":150,"player_choice":"AGREE","damage_taken":0,"max_hp_gain":0,"max_hp_loss":0,"event_name":"Liars Game","floor":4,"gold_loss":0,"cards_obtained":["Doubt"]},{"damage_healed":0,"gold_gain":0,"player_choice":"Fought Mushrooms","damage_taken":0,"max_hp_gain":0,"max_hp_loss":0,"event_name":"Mushrooms","floor":14,"gold_loss":0},{"damage_healed":0,"gold_gain":0,"player_choice":"Rummage","damage_taken":0,"relics_obtained":["WarpedTongs"],"max_hp_gain":0,"max_hp_loss":0,"event_name":"Accursed Blacksmith","floor":19,"gold_loss":0,"cards_obtained":["Pain"]}],"is_beta":false,"boss_relics":[{"not_picked":["White Beast Statue","Orrery"],"picked":"Runic Pyramid"}],"items_purged_floors":[7],"is_endless":false,"potions_floor_spawned":[1,2,8,12],"killed_by":"Shell Parasite","ascension_level":19}