{"gold_per_floor":[119,119,84,259,274,305,319,349,373,373,448,479,499,524,524,622,622,639,739,757,484,495,371,371,384,464,484,172,182,182,197,197,295,295,314,110,110,110,120,120,150,150,150,165,90,101,436,536,536,536],"floor_reached":51,"playtime":2713,"items_purged":["Strike_G","Strike_G"],"score":917,"play_id":"48877018-8cf9-4f66-9c39-bcdc4aa90597","local_time":"20190209174340","is_ascension_mode":true,"campfire_choices":[{"floor":10.0,"key":"REST"},{"data":"Cloak And Dagger","floor":15.0,"key":"SMITH"},{"floor":32.0,"key":"REST"},{"floor":40.0,"key":"RECALL"},{"data":"Accuracy","floor":42.0,"key":"SMITH"},{"floor":49.0,"key":"REST"}],"neow_cost":"NONE","seed_source_timestamp":81955152156771,"circlet_count":0,"master_deck":["Defend_G+1","Defend_G","Defend_G","Defend_G","Defend_G+1","Strike_G","Strike_G","Strike_G","Survivor","Neutralize","Glass Knife","Calculated Gamble","Doubt","Blade Dance","Unload","Prepared","Cloak And Dagger+1","Prepared","A Thousand Cuts","Unload","Dagger Throw+1","Backflip","Cloak And Dagger","Infinite Blades","Dodge and Roll","Cloak And Dagger+1","Sucker Punch+1","PiercingWail+1","Adrenaline","Infinite Blades","Panache","Accuracy+1","After Image","Blur","Cloak And Dagger+1","Infinite Blades+1","Backflip+1","Finisher+1","Die Die Die+1","Dodge and Roll+1"],"special_seed":0,"relics":["Ring of the Snake","Boot","War Paint","Matryoshka","Letter Opener","Pen Nib","Mercury Hourglass","Bronze Scales","Sozu","Du-Vu Doll","Kunai","Sling","Anchor","Molten Egg 2","Eternal Feather","HandDrill","Bag of Preparation","Old Coin","Mango"],"potions_floor_usage":[50],"damage_taken":[{"damage":1.0,"enemies":"Cultist","floor":1.0,"turns":3.0},{"damage":1.0,"enemies":"Jaw Worm","floor":5.0,"turns":4.0},{"damage":17.0,"enemies":"3 Sentries","floor":6.0,"turns":11.0},{"damage":0.0,"enemies":"2 Louse","floor":7.0,"turns":2.0},{"damage":32.0,"enemies":"Lagavulin","floor":8.0,"turns":8.0},{"damage":3.0,"enemies":"Gremlin Nob","floor":12.0,"turns":3.0},{"damage":0.0,"enemies":"2 Fungi Beasts","floor":13.0,"turns":2.0},{"damage":4.0,"enemies":"3 Sentries","floor":14.0,"turns":4.0},{"damage":18.0,"enemies":"Hexaghost","floor":16.0,"turns":10.0},{"damage":0.0,"enemies":"3 Byrds","floor":18.0,"turns":2.0},{"damage":0.0,"enemies":"Colosseum Slavers","floor":19.0,"turns":2.0},{"damage":31.0,"enemies":"Colosseum Nobs","floor":19.0,"turns":4.0},{"damage":0.0,"enemies":"Spheric Guardian","floor":20.0,"turns":1.0},{"damage":16.0,"enemies":"Centurion and Healer","floor":22.0,"turns":4.0},{"damage":0.0,"enemies":"Cultist and Chosen","floor":25.0,"turns":4.0},{"damage":12.0,"enemies":"Sentry and Sphere","floor":27.0,"turns":4.0},{"damage":0.0,"enemies":"3 Cultists","floor":29.0,"turns":4.0},{"damage":3.0,"enemies":"Centurion and Healer","floor":31.0,"turns":4.0},{"damage":1.0,"enemies":"Automaton","floor":33.0,"turns":8.0},{"damage":0.0,"enemies":"3 Darklings","floor":35.0,"turns":3.0},{"damage":1.0,"enemies":"3 Shapes","floor":39.0,"turns":3.0},{"damage":0.0,"enemies":"Giant Head","floor":41.0,"turns":7.0},{"damage":0.0,"enemies":"Sphere and 2 Shapes","floor":44.0,"turns":3.0},{"damage":15.0,"enemies":"Jaw Worm Horde","floor":46.0,"turns":3.0},{"damage":21.0,"enemies":"Nemesis","floor":47.0,"turns":5.0},{"damage":10.0,"enemies":"Mind Bloom Boss Battle","floor":48.0,"turns":4.0},{"damage":67,"enemies":"Time Eater","floor":50,"turns":8}],"seed_played":"7837050368140929876","potions_obtained":[{"floor":5.0,"key":"Fire Potion"},{"floor":6.0,"key":"Energy Potion"},{"floor":8.0,"key":"Regen Potion"},{"floor":13.0,"key":"Ancient Potion"},{"floor":14.0,"key":"FearPotion"},{"floor":16.0,"key":"Explosive Potion"}],"is_trial":false,"path_per_floor":["M","?","?","?","M","E","M","E","T","R","?","E","M","E","R","B",null,"M","?","M","$","M","$","?","M","T","M","$","M","?","M","R","B",null,"M","$","?","?","M","R","E","R","T","M","$","M","E","?","R","B",null],"character_chosen":"THE_SILENT","items_purchased":["Sling","Dodge and Roll","Adrenaline","Infinite Blades","Panache","HandDrill","Finisher+1"],"campfire_rested":3,"item_purchase_floors":[21,23,28,28,28,36,45],"current_hp_per_floor":[69,44,61,61,60,43,43,11,11,32,21,27,27,23,23,5,70,70,39,39,39,23,23,23,23,23,11,11,11,11,8,29,28,70,70,70,66,66,65,66,66,66,66,66,66,51,30,34,80,13],"gold":536,"neow_bonus":"ONE_RANDOM_RARE_CARD","is_prod":false,"is_daily":false,"chose_seed":false,"campfire_upgraded":2,"win_rate":0,"timestamp":1549701820,"path_taken":["M","?","?","?","M","E","M","E","T","R","?","E","M","E","R","BOSS","M","?","M","$","M","$","?","M","T","M","$","?","?","M","R","BOSS","M","$","?","?","M","R","E","R","T","?","$","M","E","?","R","BOSS"],"build_version":"2019-01-23","purchased_purges":2,"victory":true,"max_hp_per_floor":[70,70,70,70,70,70,70,70,70,70,70,70,70,70,70,70,70,70,70,70,70,70,70,70,70,70,70,70,70,70,70,70,70,70,70,70,66,66,66,66,66,66,66,66,66,66,66,80,80,80],"card_choices":[{"not_picked":["Sucker Punch","Acrobatics"],"picked":"Calculated Gamble","floor":1.0},{"not_picked":["PiercingWail","Quick Slash"],"picked":"Blade Dance","floor":5.0},{"not_picked":["Acrobatics","Deadly Poison"],"picked":"Unload","floor":6.0},{"not_picked":["PiercingWail","Outmaneuver"],"picked":"Prepared","floor":7.0},{"not_picked":["Prepared","Slice"],"picked":"Cloak And Dagger","floor":8.0},{"not_picked":["PiercingWail","Phantasmal Killer"],"picked":"Prepared","floor":12.0},{"not_picked":["Blade Dance","Deadly Poison","Bane"],"picked":"SKIP","floor":13.0},{"not_picked":["Dagger Spray","Infinite Blades"],"picked":"A Thousand Cuts","floor":14.0},{"not_picked":["Doppelganger","A Thousand Cuts"],"picked":"Unload","floor":16.0},{"not_picked":["Flying Knee","Prepared"],"picked":"Dagger Throw+1","floor":18.0},{"not_picked":["Reflex","Sucker Punch"],"picked":"Backflip","floor":19.0},{"not_picked":["Endless Agony","Footwork+1"],"picked":"Cloak And Dagger","floor":20.0},{"not_picked":["Prepared","Caltrops"],"picked":"Infinite Blades","floor":22.0},{"not_picked":["Bane","Flying Knee"],"picked":"Sucker Punch+1","floor":25.0},{"not_picked":["Blur","Infinite Blades"],"picked":"PiercingWail+1","floor":27.0},{"not_picked":["Night Terror","Concentrate","Underhanded Strike+1"],"picked":"SKIP","floor":29.0},{"not_picked":["Sucker Punch+1","Prepared+1"],"picked":"Accuracy","floor":31.0},{"not_picked":["Burst","Unload+1"],"picked":"After Image","floor":33.0},{"not_picked":["Deflect","Heel Hook+1"],"picked":"Blur","floor":35.0},{"not_picked":["Masterful Stab+1","Dagger Spray+1"],"picked":"Cloak And Dagger+1","floor":39.0},{"not_picked":["Dagger Throw+1","Bane+1"],"picked":"Infinite Blades+1","floor":41.0},{"not_picked":["Acrobatics","Bouncing Flask+1"],"picked":"Backflip+1","floor":44.0},{"not_picked":["Dodge and Roll","Dagger Throw+1"],"picked":"Die Die Die+1","floor":46.0},{"not_picked":["Finisher+1","Poisoned Stab+1"],"picked":"Dodge and Roll+1","floor":47.0}],"player_experience":282303,"relics_obtained":[{"floor":6.0,"key":"War Paint"},{"floor":8.0,"key":"Matryoshka"},{"floor":9.0,"key":"Letter Opener"},{"floor":9.0,"key":"Pen Nib"},{"floor":12.0,"key":"Mercury Hourglass"},{"floor":14.0,"key":"Bronze Scales"},{"floor":19.0,"key":"Du-Vu Doll"},{"floor":19.0,"key":"Kunai"},{"floor":26.0,"key":"Anchor"},{"floor":26.0,"key":"Molten Egg 2"},{"floor":41.0,"key":"Bag of Preparation"},{"floor":47.0,"key":"Old Coin"},{"floor":48.0,"key":"Mango"}],"event_choices":[{"damage_healed":0.0,"max_hp_gain":0.0,"max_hp_loss":0.0,"gold_gain":0.0,"event_name":"Scrap Ooze","player_choice":"Success","floor":2.0,"gold_loss":0.0,"damage_taken":25.0,"relics_obtained":["Boot"]},{"damage_healed":17.0,"max_hp_gain":0.0,"max_hp_loss":0.0,"gold_gain":0.0,"event_name":"The Cleric","player_choice":"Healed","floor":3.0,"gold_loss":35.0,"damage_taken":0.0},{"damage_healed":0.0,"max_hp_gain":0.0,"max_hp_loss":0.0,"gold_gain":175.0,"event_name":"Liars Game","player_choice":"AGREE","floor":4.0,"gold_loss":0.0,"damage_taken":0.0,"cards_obtained":["Doubt"]},{"damage_healed":0.0,"max_hp_gain":0.0,"max_hp_loss":0.0,"gold_gain":75.0,"event_name":"World of Goop","player_choice":"Gather Gold","floor":11.0,"gold_loss":0.0,"damage_taken":11.0},{"damage_healed":0.0,"max_hp_gain":0.0,"max_hp_loss":0.0,"gold_gain":0.0,"event_name":"Colosseum","player_choice":"Fight","floor":19.0,"gold_loss":0.0,"damage_taken":0.0},{"damage_healed":0.0,"max_hp_gain":0.0,"max_hp_loss":0.0,"gold_gain":0.0,"event_name":"Colosseum","player_choice":"Fought Nobs","floor":19.0,"gold_loss":0.0,"damage_taken":0.0},{"damage_healed":0.0,"max_hp_gain":0.0,"max_hp_loss":0.0,"gold_gain":0.0,"event_name":"Duplicator","player_choice":"Copied","floor":24.0,"gold_loss":0.0,"damage_taken":0.0,"cards_obtained":["Cloak And Dagger"]},{"damage_healed":0.0,"max_hp_gain":0.0,"max_hp_loss":0.0,"gold_gain":0.0,"event_name":"Ghosts","player_choice":"Ignored","floor":30.0,"gold_loss":0.0,"damage_taken":0.0},{"damage_healed":0.0,"max_hp_gain":0.0,"max_hp_loss":4.0,"gold_gain":0.0,"event_name":"Winding Halls","player_choice":"Max HP","floor":37.0,"gold_loss":0.0,"damage_taken":0.0},{"damage_healed":0.0,"max_hp_gain":0.0,"max_hp_loss":0.0,"gold_gain":0.0,"event_name":"Lab","player_choice":"Got Potions","floor":38.0,"gold_loss":0.0,"damage_taken":0.0},{"damage_healed":0.0,"max_hp_gain":0.0,"max_hp_loss":0.0,"gold_gain":0.0,"event_name":"MindBloom","player_choice":"Fight","floor":48.0,"gold_loss":0.0,"damage_taken":0.0}],"is_beta":false,"boss_relics":[{"not_picked":["Coffee Dripper","Lizard Tail"],"picked":"Sozu"},{"not_picked":["Runic Dome","Snecko Eye"],"picked":"Eternal Feather"}],"items_purged_floors":[21,23],"is_endless":false,"potions_floor_spawned":[5,6,8,13,14,16,18,19,27,31,35,44],"ascension_level":3}