{"gold_per_floor":[109,124,124,143,68,100,100,100,100,100,130,130,147,163,163,268,268,281,281,281],"floor_reached":20,"playtime":1770,"items_purged":["Strike_G"],"score":239,"play_id":"78d6a444-fbdd-472a-a276-8e180de9d86e","local_time":"20190214014555","is_ascension_mode":true,"campfire_choices":[{"floor":7.0,"key":"REST"},{"floor":12.0,"key":"REST"},{"data":"Noxious Fumes","floor":15.0,"key":"SMITH"}],"neow_cost":"NONE","seed_source_timestamp":24444996579466,"circlet_count":0,"master_deck":["Defend_G","Defend_G","Defend_G","Defend_G","Defend_G","Strike_G","Strike_G","Survivor","Neutralize","Predator","Noxious Fumes+1","Dagger Throw","Noxious Fumes","Poisoned Stab","Die Die Die","Riddle With Holes","Deadly Poison","Envenom","Regret","Pain","Decay","Backstab+1"],"special_seed":0,"relics":["Ring of the Snake","Letter Opener","Paper Crane","The Courier","StoneCalendar","Calling Bell","Bag of Preparation","Singing Bowl","Peace Pipe"],"potions_floor_usage":[19],"damage_taken":[{"damage":0.0,"enemies":"2 Louse","floor":1.0,"turns":2.0},{"damage":0.0,"enemies":"Cultist","floor":2.0,"turns":4.0},{"damage":0.0,"enemies":"Jaw Worm","floor":4.0,"turns":3.0},{"damage":26.0,"enemies":"Gremlin Nob","floor":6.0,"turns":4.0},{"damage":34.0,"enemies":"3 Sentries","floor":11.0,"turns":6.0},{"damage":3.0,"enemies":"Exordium Thugs","floor":13.0,"turns":4.0},{"damage":0.0,"enemies":"Large Slime","floor":14.0,"turns":5.0},{"damage":19.0,"enemies":"Hexaghost","floor":16.0,"turns":7.0},{"damage":43.0,"enemies":"Shell Parasite","floor":18.0,"turns":6.0},{"damage":0,"enemies":"3 Byrds","floor":19,"turns":1},{"damage":19,"enemies":"Centurion and Healer","floor":20,"turns":1}],"seed_played":"-2860872433600826512","potions_obtained":[{"floor":2.0,"key":"Weak Potion"},{"floor":3.0,"key":"Dexterity Potion"},{"floor":3.0,"key":"SmokeBomb"},{"floor":3.0,"key":"PowerPotion"},{"floor":11.0,"key":"Swift Potion"},{"floor":13.0,"key":"GhostInAJar"}],"is_trial":false,"path_per_floor":["M","M","?","M","$","E","R","T","T","?","E","R","M","M","R","B",null,"M","M","M"],"character_chosen":"THE_SILENT","items_purchased":[],"campfire_rested":2,"item_purchase_floors":[],"current_hp_per_floor":[63,63,63,63,63,37,58,58,58,58,24,45,42,42,42,23,58,15,15,0],"gold":281,"neow_bonus":"TRANSFORM_CARD","is_prod":false,"is_daily":false,"chose_seed":false,"campfire_upgraded":1,"win_rate":0,"timestamp":1550076355,"path_taken":["M","M","?","?","$","E","R","?","T","?","E","R","?","M","R","BOSS","M","M","M"],"build_version":"2019-01-23","purchased_purges":1,"victory":false,"max_hp_per_floor":[70,70,70,70,70,70,70,70,70,70,70,70,70,70,70,70,70,70,70,70],"card_choices":[{"not_picked":["Underhanded Strike","PiercingWail"],"picked":"Noxious Fumes","floor":1.0},{"not_picked":["Underhanded Strike","Quick Slash"],"picked":"Dagger Throw","floor":2.0},{"not_picked":["Riddle With Holes","Malaise"],"picked":"Noxious Fumes","floor":4.0},{"not_picked":["Dagger Spray","Acrobatics"],"picked":"Poisoned Stab","floor":6.0},{"not_picked":["Skewer","Quick Slash"],"picked":"Die Die Die","floor":11.0},{"not_picked":["Skewer","Prepared"],"picked":"Riddle With Holes","floor":13.0},{"not_picked":["Dagger Throw","Masterful Stab"],"picked":"Deadly Poison","floor":14.0},{"not_picked":["Tools of the Trade","Corpse Explosion"],"picked":"Envenom","floor":16.0},{"not_picked":["Flying Knee","Slice"],"picked":"Backstab+1","floor":18.0}],"player_experience":327593,"relics_obtained":[{"floor":6.0,"key":"Letter Opener"},{"floor":8.0,"key":"Paper Crane"},{"floor":9.0,"key":"The Courier"},{"floor":11.0,"key":"StoneCalendar"},{"floor":17.0,"key":"Bag of Preparation"},{"floor":17.0,"key":"Singing Bowl"},{"floor":17.0,"key":"Peace Pipe"}],"event_choices":[{"damage_healed":0.0,"max_hp_gain":0.0,"max_hp_loss":0.0,"gold_gain":0.0,"event_name":"Lab","player_choice":"Got Potions","floor":3.0,"gold_loss":0.0,"damage_taken":0.0},{"cards_removed":["Strike_G"],"damage_healed":0.0,"max_hp_gain":0.0,"max_hp_loss":0.0,"gold_gain":0.0,"event_name":"Purifier","player_choice":"Purged","floor":10.0,"gold_loss":0.0,"damage_taken":0.0}],"is_beta":false,"boss_relics":[{"not_picked":["Sozu","Empty Cage"],"picked":"Calling Bell"}],"items_purged_floors":[5],"is_endless":false,"potions_floor_spawned":[2,11,13,19],"killed_by":"Centurion and Healer","ascension_level":6}