{"gold_per_floor":[112,129,129,2,16,16,51,63,89,89,118,175,175,34,34,106,106,123,31,50,65,82,82],"floor_reached":23,"playtime":1687,"items_purged":["Strike_B","Strike_B","Strike_B"],"score":362,"play_id":"afe1b415-985e-453d-ae52-8c8385bcb366","local_time":"20190603183822","is_ascension_mode":true,"campfire_choices":[{"data":"Go for the Eyes","floor":6.0,"key":"SMITH"},{"floor":10.0,"key":"REST"},{"floor":15,"key":"REST"}],"neow_cost":"NONE","seed_source_timestamp":88102704162286,"circlet_count":0,"master_deck":["AscendersBane","Strike_B","Defend_B","Defend_B","Defend_B","Defend_B","Zap","Dualcast","Go for the Eyes+1","Cold Snap","Ball Lightning","Compile Driver","Hologram","Electrodynamics","Echo Form","Doom and Gloom","Panacea","Biased Cognition","Defragment","Auto Shields","Stack+1","Redo+1"],"special_seed":0,"relics":["Cracked Core","Smiling Mask","Bronze Scales","PreservedInsect","Regal Pillow","Strawberry","Cursed Key"],"potions_floor_usage":[16,21,23],"damage_taken":[{"damage":12.0,"enemies":"Jaw Worm","floor":1.0,"turns":3.0},{"damage":0.0,"enemies":"Cultist","floor":2.0,"turns":3.0},{"damage":5.0,"enemies":"2 Louse","floor":5.0,"turns":2.0},{"damage":21.0,"enemies":"Lagavulin","floor":7.0,"turns":6.0},{"damage":5.0,"enemies":"2 Fungi Beasts","floor":8.0,"turns":3.0},{"damage":7.0,"enemies":"Gremlin Nob","floor":11.0,"turns":3.0},{"damage":5,"enemies":"3 Sentries","floor":12,"turns":2},{"damage":38,"enemies":"Slime Boss","floor":16,"turns":6},{"damage":9,"enemies":"Chosen","floor":18,"turns":4},{"damage":18,"enemies":"Shell Parasite","floor":20,"turns":4},{"damage":27,"enemies":"Snake Plant","floor":21,"turns":3},{"damage":17,"enemies":"Cultist and Chosen","floor":22,"turns":5},{"damage":3,"enemies":"Slavers","floor":23,"turns":1}],"seed_played":"-2408456119574647114","potions_obtained":[{"floor":5.0,"key":"AttackPotion"},{"floor":7.0,"key":"SmokeBomb"},{"floor":12,"key":"Dexterity Potion"},{"floor":13,"key":"PowerPotion"},{"floor":13,"key":"Regen Potion"},{"floor":16,"key":"EssenceOfSteel"},{"floor":22,"key":"SpeedPotion"}],"is_trial":false,"path_per_floor":["M","M","?","$","M","R","E","M","T","R","E","?","?","$","R","B",null,"M","$","M","M","M","E"],"character_chosen":"DEFECT","items_purchased":["Ball Lightning","Compile Driver","Panacea","Auto Shields"],"campfire_rested":2,"item_purchase_floors":[4,4,14,19],"current_hp_per_floor":[52,52,42,42,37,37,16,11,11,32,25,27,27,27,65,27,65,56,56,38,20,3,0],"gold":82,"neow_bonus":"RANDOM_COMMON_RELIC","is_prod":false,"is_daily":false,"chose_seed":false,"campfire_upgraded":1,"win_rate":0,"timestamp":1559601502,"path_taken":["M","M","?","$","?","R","E","M","T","R","E","?","?","$","R","BOSS","M","$","?","M","M","E"],"build_version":"2019-01-23","purchased_purges":3,"victory":false,"max_hp_per_floor":[71,71,71,71,71,71,71,71,71,71,71,78,78,78,78,78,78,78,78,78,78,78,78],"card_choices":[{"not_picked":["Turbo","Redo"],"picked":"Go for the Eyes","floor":1.0},{"not_picked":["Streamline","Go for the Eyes"],"picked":"Cold Snap","floor":2.0},{"not_picked":["Rebound","Leap","Beam Cell"],"picked":"SKIP","floor":5.0},{"not_picked":["Thunder Strike","Compile Driver"],"picked":"Hologram","floor":7.0},{"not_picked":["Cold Snap","Redo"],"picked":"Electrodynamics","floor":8.0},{"not_picked":["Barrage","Steam"],"picked":"Echo Form","floor":11.0},{"not_picked":["Tempest","Conserve Battery"],"picked":"Doom and Gloom","floor":12},{"not_picked":["Electrodynamics","Machine Learning"],"picked":"Biased Cognition","floor":16},{"not_picked":["Coolheaded","Stack"],"picked":"Defragment","floor":18},{"not_picked":["Ball Lightning","Hologram"],"picked":"Stack+1","floor":20},{"not_picked":["Sweeping Beam","Hologram"],"picked":"Redo+1","floor":21},{"not_picked":["Go for the Eyes","Redo","Cold Snap"],"picked":"SKIP","floor":22}],"player_experience":2260792,"relics_obtained":[{"floor":7.0,"key":"Bronze Scales"},{"floor":9.0,"key":"PreservedInsect"},{"floor":11.0,"key":"Regal Pillow"}],"event_choices":[{"damage_healed":0.0,"max_hp_gain":0.0,"max_hp_loss":0.0,"gold_gain":0.0,"event_name":"Wheel of Change","player_choice":"Damaged","floor":3.0,"gold_loss":0.0,"damage_taken":10.0},{"damage_healed":0,"gold_gain":0,"player_choice":"Searched \u00272\u0027 times","damage_taken":0,"relics_obtained":["Strawberry"],"max_hp_gain":0,"max_hp_loss":0,"event_name":"Dead Adventurer","floor":12,"gold_loss":0},{"damage_healed":0,"gold_gain":0,"player_choice":"Got Potions","damage_taken":0,"max_hp_gain":0,"max_hp_loss":0,"event_name":"Lab","floor":13,"gold_loss":0}],"is_beta":false,"boss_relics":[{"not_picked":["Astrolabe","Orrery"],"picked":"Cursed Key"}],"items_purged_floors":[4,14,19],"is_endless":false,"potions_floor_spawned":[5,7,12,16,22],"killed_by":"Slavers","ascension_level":16}