{"gold_per_floor":[117,127,127,202,216,216,228,228,281,180,180,206,11,58,58,174,174,207,226,260,260,260,260,260,260,287,341,341,266,277,101,101,199,199,213,253,253,124,135,135,205,205,205,28,41,52,52,71,71,71],"floor_reached":51,"playtime":2876,"items_purged":["Strike_G+1"],"score":920,"play_id":"03f9aaff-ccf3-4598-9300-2888c2856b5f","local_time":"20190216161510","is_ascension_mode":true,"campfire_choices":[{"floor":6.0,"key":"REST"},{"data":"Cloak And Dagger","floor":8.0,"key":"SMITH"},{"data":"Poisoned Stab","floor":11.0,"key":"SMITH"},{"floor":15.0,"key":"REST"},{"floor":23.0,"key":"REST"},{"floor":28.0,"key":"REST"},{"floor":32.0,"key":"REST"},{"floor":40.0,"key":"REST"},{"floor":42.0,"key":"REST"},{"floor":47.0,"key":"REST"},{"floor":49.0,"key":"REST"}],"neow_cost":"PERCENT_DAMAGE","seed_source_timestamp":0,"circlet_count":0,"master_deck":["Defend_G+1","Defend_G+1","Defend_G+1","Defend_G+1","Defend_G+1","Strike_G+1","Strike_G+1","Strike_G+1","Survivor","Neutralize+1","Catalyst","Endless Agony","Calculated Gamble","Flying Knee+1","Cloak And Dagger+1","Poisoned Stab+1","Distraction","HandOfGreed","Setup","Catalyst","Burst","Dodge and Roll","Deflect+1","Deadly Poison","Quick Slash+1","Sucker Punch","Noxious Fumes","Well Laid Plans","Noxious Fumes","Trip","Catalyst","Glass Knife","Deadly Poison","Poisoned Stab+1","Noxious Fumes","Dark Shackles","Catalyst","Dagger Spray+1","Poisoned Stab","Crippling Poison+1","Apotheosis","Deflect+1","PiercingWail+1","Prepared+1","Footwork+1"],"special_seed":0,"relics":["Ring of the Serpent","Dream Catcher","Whetstone","Shuriken","Philosopher\u0027s Stone","Happy Flower","Vajra","Tingsha","Incense Burner"],"potions_floor_usage":[50,50,50],"damage_taken":[{"damage":0.0,"enemies":"Small Slimes","floor":1.0,"turns":3.0},{"damage":4.0,"enemies":"Jaw Worm","floor":2.0,"turns":5.0},{"damage":0.0,"enemies":"2 Louse","floor":5.0,"turns":3.0},{"damage":0.0,"enemies":"Blue Slaver","floor":7.0,"turns":4.0},{"damage":15.0,"enemies":"3 Sentries","floor":12.0,"turns":10.0},{"damage":1.0,"enemies":"Gremlin Nob","floor":14.0,"turns":3.0},{"damage":35.0,"enemies":"The Guardian","floor":16.0,"turns":9.0},{"damage":10.0,"enemies":"2 Thieves","floor":18.0,"turns":3.0},{"damage":14.0,"enemies":"Chosen","floor":19.0,"turns":3.0},{"damage":17.0,"enemies":"Snake Plant","floor":20.0,"turns":4.0},{"damage":0.0,"enemies":"Cultist and Chosen","floor":22.0,"turns":1.0},{"damage":55.0,"enemies":"Slavers","floor":27.0,"turns":6.0},{"damage":19.0,"enemies":"Snecko","floor":30.0,"turns":5.0},{"damage":28.0,"enemies":"Automaton","floor":33.0,"turns":8.0},{"damage":10.0,"enemies":"Orb Walker","floor":35.0,"turns":4.0},{"damage":20.0,"enemies":"3 Shapes","floor":36.0,"turns":3.0},{"damage":16.0,"enemies":"Sphere and 2 Shapes","floor":39.0,"turns":6.0},{"damage":29.0,"enemies":"2 Orb Walkers","floor":41.0,"turns":4.0},{"damage":3.0,"enemies":"Maw","floor":45.0,"turns":5.0},{"damage":36.0,"enemies":"Spire Growth","floor":46.0,"turns":3.0},{"damage":0.0,"enemies":"3 Darklings","floor":48.0,"turns":4.0},{"damage":49,"enemies":"Time Eater","floor":50,"turns":8}],"seed_played":"2168610800574166570","potions_obtained":[{"floor":5.0,"key":"SmokeBomb"},{"floor":7.0,"key":"Swift Potion"},{"floor":18.0,"key":"Energy Potion"},{"floor":30.0,"key":"SteroidPotion"},{"floor":35.0,"key":"SpeedPotion"},{"floor":39.0,"key":"Fire Potion"},{"floor":45.0,"key":"Strength Potion"},{"floor":48.0,"key":"Fire Potion"}],"is_trial":false,"path_per_floor":["M","M","?","?","M","R","M","R","T","$","R","E","$","E","R","B",null,"M","M","M","?","M","R","?","?","T","E","R","$","M","$","R","B",null,"M","M","?","$","M","R","?","R","T","$","M","M","R","M","R","B",null],"character_chosen":"THE_SILENT","items_purchased":["Poisoned Stab","Explosive Potion","HandOfGreed","Trip","Catalyst","SkillPotion","Noxious Fumes","Dark Shackles","Apotheosis"],"campfire_rested":9,"item_purchase_floors":[10,10,13,31,31,31,38,38,44],"current_hp_per_floor":[59,55,55,44,44,69,69,69,69,69,69,54,54,53,78,43,74,64,50,33,33,33,58,58,58,58,3,28,28,9,9,34,6,65,55,35,35,35,19,44,15,40,40,40,37,1,26,26,51,2],"gold":71,"neow_bonus":"TWENTY_PERCENT_HP_BONUS","is_prod":false,"is_daily":false,"chose_seed":false,"campfire_upgraded":2,"win_rate":0,"timestamp":1550301310,"path_taken":["M","M","?","?","M","R","M","R","T","$","R","E","?","E","R","BOSS","M","M","M","?","M","R","?","?","T","E","R","$","M","$","R","BOSS","M","M","?","$","M","R","?","R","T","$","M","M","R","M","R","BOSS"],"build_version":"2019-01-23","purchased_purges":1,"victory":true,"max_hp_per_floor":[84,84,84,84,84,84,84,84,84,84,84,84,84,84,84,84,84,84,84,84,84,84,84,84,84,84,84,84,84,84,84,84,84,84,84,84,84,84,84,84,84,84,84,84,84,84,84,84,84,84],"card_choices":[{"not_picked":["Backflip","Poisoned Stab"],"picked":"Catalyst","floor":1.0},{"not_picked":["Reflex","Acrobatics"],"picked":"Endless Agony","floor":2.0},{"not_picked":["Sucker Punch","Acrobatics"],"picked":"Flying Knee","floor":5.0},{"not_picked":["Endless Agony","Prepared"],"picked":"Cloak And Dagger","floor":7.0},{"not_picked":["Endless Agony","Backstab"],"picked":"Distraction","floor":12.0},{"not_picked":["Expertise","Slice"],"picked":"Setup","floor":14.0},{"not_picked":["Heel Hook","Dodge and Roll"],"picked":"Catalyst","floor":15.0},{"not_picked":["Glass Knife","Tools of the Trade"],"picked":"Burst","floor":16.0},{"not_picked":["All Out Attack","Quick Slash"],"picked":"Dodge and Roll","floor":18.0},{"not_picked":["Dodge and Roll","Underhanded Strike"],"picked":"Deflect+1","floor":19.0},{"not_picked":["Choke+1","Dagger Throw+1"],"picked":"Deadly Poison","floor":20.0},{"not_picked":["Masterful Stab","Riddle With Holes"],"picked":"Quick Slash+1","floor":23.0},{"not_picked":["Crippling Poison","Acrobatics"],"picked":"Noxious Fumes","floor":27.0},{"not_picked":["Eviscerate","Calculated Gamble+1"],"picked":"Well Laid Plans","floor":28.0},{"not_picked":["Outmaneuver","Concentrate"],"picked":"Noxious Fumes","floor":30.0},{"not_picked":["Wraith Form v2","Grand Finale"],"picked":"Glass Knife","floor":33.0},{"not_picked":["Tactician+1","Dash"],"picked":"Deadly Poison","floor":35.0},{"not_picked":["Leg Sweep","Flying Knee"],"picked":"Poisoned Stab+1","floor":36.0},{"not_picked":["Choke","Acrobatics"],"picked":"Catalyst","floor":39.0},{"not_picked":["Blade Dance","Outmaneuver"],"picked":"Dagger Spray+1","floor":40.0},{"not_picked":["Slice","Quick Slash+1"],"picked":"Poisoned Stab","floor":41.0},{"not_picked":["Footwork+1","Endless Agony+1"],"picked":"Crippling Poison+1","floor":42.0},{"not_picked":["Dagger Throw+1","Terror"],"picked":"Deflect+1","floor":45.0},{"not_picked":["Outmaneuver","Accuracy","Quick Slash"],"picked":"SKIP","floor":46.0},{"not_picked":["Venomology","Infinite Blades+1"],"picked":"PiercingWail+1","floor":47.0},{"not_picked":["Acrobatics+1","Well Laid Plans+1"],"picked":"Prepared+1","floor":48.0},{"not_picked":["Dagger Spray","Backflip+1"],"picked":"Footwork+1","floor":49.0}],"player_experience":341938,"relics_obtained":[{"floor":9.0,"key":"Dream Catcher"},{"floor":12.0,"key":"Whetstone"},{"floor":14.0,"key":"Shuriken"},{"floor":26.0,"key":"Happy Flower"},{"floor":27.0,"key":"Vajra"},{"floor":41.0,"key":"Tingsha"},{"floor":43.0,"key":"Incense Burner"}],"event_choices":[{"damage_healed":0.0,"max_hp_gain":0.0,"max_hp_loss":0.0,"gold_gain":0.0,"cards_transformed":["Strike_G"],"event_name":"Living Wall","player_choice":"Change","floor":3.0,"gold_loss":0.0,"damage_taken":0.0,"cards_obtained":["Calculated Gamble"]},{"damage_healed":0.0,"max_hp_gain":0.0,"max_hp_loss":0.0,"gold_gain":75.0,"event_name":"World of Goop","player_choice":"Gather Gold","floor":4.0,"gold_loss":0.0,"damage_taken":11.0},{"damage_healed":0.0,"max_hp_gain":0.0,"max_hp_loss":0.0,"gold_gain":0.0,"event_name":"Ghosts","player_choice":"Ignored","floor":21.0,"gold_loss":0.0,"damage_taken":0.0},{"damage_healed":0.0,"max_hp_gain":0.0,"max_hp_loss":0.0,"gold_gain":0.0,"event_name":"The Library","player_choice":"Read","floor":24.0,"gold_loss":0.0,"damage_taken":0.0,"cards_obtained":["Sucker Punch"]},{"damage_healed":0.0,"max_hp_gain":0.0,"max_hp_loss":0.0,"gold_gain":0.0,"event_name":"Back to Basics","player_choice":"Simplicity","floor":25.0,"gold_loss":0.0,"damage_taken":0.0,"cards_upgraded":["Defend_G","Defend_G","Defend_G","Defend_G","Defend_G","Strike_G","Strike_G","Strike_G","Strike_G"]},{"damage_healed":0.0,"max_hp_gain":0.0,"max_hp_loss":0.0,"gold_gain":0.0,"event_name":"The Moai Head","player_choice":"Ignored","floor":37.0,"gold_loss":0.0,"damage_taken":0.0},{"damage_healed":0.0,"max_hp_gain":0.0,"max_hp_loss":0.0,"gold_gain":0.0,"event_name":"Mysterious Sphere","player_choice":"Fight","floor":41.0,"gold_loss":0.0,"damage_taken":0.0}],"is_beta":false,"boss_relics":[{"not_picked":["WristBlade","Lizard Tail"],"picked":"Philosopher\u0027s Stone"},{"not_picked":["Snecko Eye","Calling Bell"],"picked":"Ring of the Serpent"}],"items_purged_floors":[29],"is_endless":false,"potions_floor_spawned":[5,7,18,22,30,35,39,45,48],"ascension_level":6}