{"gold_per_floor":[119,119,119,19,38,65,75,75,100,131,131,131,149,179,179,251,251,268,318,318,329,61,93,93,104,180,180,213,138,158,173,173,173],"floor_reached":33,"playtime":1384,"items_purged":[],"score":574,"play_id":"085d1163-5a31-4fea-a3bb-8295bc85d409","local_time":"20190301001509","is_ascension_mode":true,"campfire_choices":[{"data":"Terror","floor":8.0,"key":"SMITH"},{"data":"Riddle With Holes","floor":15.0,"key":"SMITH"},{"floor":24.0,"key":"REST"},{"floor":27.0,"key":"REST"},{"data":"Catalyst","floor":32,"key":"SMITH"}],"neow_cost":"NONE","seed_source_timestamp":0,"circlet_count":0,"master_deck":["AscendersBane","Defend_G","Defend_G","Defend_G+1","Defend_G+1","Strike_G","Strike_G","Strike_G","Survivor","Neutralize","Terror+1","Prepared","Noxious Fumes","Sucker Punch","Poisoned Stab","Bane","Riddle With Holes+1","Die Die Die","Backflip","Grand Finale","Blur","PiercingWail","Bouncing Flask","Quick Slash","Finisher","Catalyst+1","Outmaneuver"],"special_seed":0,"relics":["Ring of the Snake","NeowsBlessing","Bronze Scales","Bag of Marbles","Lantern","Matryoshka","Sozu","FaceOfCleric","TwistedFunnel","WingedGreaves","Centennial Puzzle","Tiny Chest","FossilizedHelix"],"potions_floor_usage":[],"damage_taken":[{"damage":0.0,"enemies":"2 Louse","floor":1.0,"turns":2.0},{"damage":0.0,"enemies":"Jaw Worm","floor":5.0,"turns":1.0},{"damage":0.0,"enemies":"Lagavulin","floor":6.0,"turns":2.0},{"damage":0.0,"enemies":"Cultist","floor":7.0,"turns":3.0},{"damage":2.0,"enemies":"Gremlin Nob","floor":10.0,"turns":3.0},{"damage":0.0,"enemies":"Looter","floor":13.0,"turns":2.0},{"damage":7.0,"enemies":"3 Sentries","floor":14.0,"turns":5.0},{"damage":32.0,"enemies":"Hexaghost","floor":16.0,"turns":8.0},{"damage":0.0,"enemies":"Chosen","floor":18.0,"turns":3.0},{"damage":19.0,"enemies":"Spheric Guardian","floor":21.0,"turns":4.0},{"damage":33.0,"enemies":"Slavers","floor":23.0,"turns":4.0},{"damage":2.0,"enemies":"3 Cultists","floor":25.0,"turns":3.0},{"damage":4.0,"enemies":"Gremlin Leader","floor":28.0,"turns":4.0},{"damage":0,"enemies":"Sentry and Sphere","floor":30,"turns":4},{"damage":0,"enemies":"Snecko","floor":31,"turns":3},{"damage":42,"enemies":"Automaton","floor":33,"turns":6}],"seed_played":"-8804130588070015279","potions_obtained":[{"floor":1.0,"key":"SpeedPotion"},{"floor":6.0,"key":"Strength Potion"},{"floor":7.0,"key":"GhostInAJar"}],"is_trial":false,"path_per_floor":["M","?","?","$","M","E","M","R","T","E","?","?","M","E","R","B",null,"M","?","?","M","$","E","R","M","T","R","E","?","M","M","R","B"],"character_chosen":"THE_SILENT","items_purchased":["Noxious Fumes","Sucker Punch","Bouncing Flask","TwistedFunnel"],"campfire_rested":2,"item_purchase_floors":[4,4,22,22],"current_hp_per_floor":[59,59,52,52,52,52,52,52,52,50,30,52,52,45,45,13,53,53,53,53,35,35,3,23,22,22,42,39,39,40,41,41,0],"gold":173,"neow_bonus":"THREE_ENEMY_KILL","is_prod":false,"is_daily":false,"chose_seed":false,"campfire_upgraded":3,"win_rate":0,"timestamp":1551366909,"path_taken":["M","?","?","?","?","E","M","R","T","E","?","?","M","E","R","BOSS","M","?","?","?","$","E","R","M","T","R","E","?","M","M","R","BOSS"],"build_version":"2019-01-23","purchased_purges":0,"victory":false,"max_hp_per_floor":[66,66,66,66,66,66,66,66,66,66,66,66,66,66,66,66,66,66,66,66,67,67,68,68,69,69,69,70,70,71,72,72,72],"card_choices":[{"not_picked":["Reflex","Acrobatics"],"picked":"Terror","floor":1.0},{"not_picked":["Infinite Blades","PiercingWail"],"picked":"Poisoned Stab","floor":5.0},{"not_picked":["Terror","Backflip"],"picked":"Bane","floor":6.0},{"not_picked":["Masterful Stab","Poisoned Stab"],"picked":"Riddle With Holes","floor":7.0},{"not_picked":["Concentrate","Flechettes","Prepared"],"picked":"SKIP","floor":10.0},{"not_picked":["Outmaneuver","Deadly Poison"],"picked":"Die Die Die","floor":13.0},{"not_picked":["Setup","Prepared"],"picked":"Backflip","floor":14.0},{"not_picked":["Storm of Steel","Die Die Die"],"picked":"Grand Finale","floor":16.0},{"not_picked":["Slice","Dagger Spray"],"picked":"Blur","floor":18.0},{"not_picked":["All Out Attack","Underhanded Strike"],"picked":"PiercingWail","floor":21.0},{"not_picked":["PiercingWail","Dagger Spray"],"picked":"Quick Slash","floor":23.0},{"not_picked":["Flying Knee","Blade Dance"],"picked":"Finisher","floor":25.0},{"not_picked":["Bouncing Flask","Tactician"],"picked":"Catalyst","floor":28.0},{"not_picked":["Endless Agony","Dash"],"picked":"Outmaneuver","floor":30},{"not_picked":["Acrobatics","Riddle With Holes","Backflip"],"picked":"SKIP","floor":31}],"player_experience":435396,"relics_obtained":[{"floor":6.0,"key":"Bronze Scales"},{"floor":9.0,"key":"Bag of Marbles"},{"floor":10.0,"key":"Lantern"},{"floor":14.0,"key":"Matryoshka"},{"floor":23.0,"key":"WingedGreaves"},{"floor":26.0,"key":"Centennial Puzzle"},{"floor":26.0,"key":"Tiny Chest"},{"floor":28.0,"key":"FossilizedHelix"}],"event_choices":[{"damage_healed":0.0,"max_hp_gain":0.0,"max_hp_loss":0.0,"gold_gain":0.0,"cards_transformed":["Strike_G"],"event_name":"Living Wall","player_choice":"Change","floor":2.0,"gold_loss":0.0,"damage_taken":0.0,"cards_obtained":["Prepared"]},{"cards_removed":["Strike_G"],"damage_healed":0.0,"max_hp_gain":0.0,"max_hp_loss":0.0,"gold_gain":0.0,"event_name":"Golden Wing","player_choice":"Card Removal","floor":3.0,"gold_loss":0.0,"damage_taken":7.0},{"damage_healed":0.0,"max_hp_gain":0.0,"max_hp_loss":0.0,"gold_gain":0.0,"event_name":"Shining Light","player_choice":"Entered Light","floor":11.0,"gold_loss":0.0,"damage_taken":20.0,"cards_upgraded":["Defend_G","Defend_G"]},{"damage_healed":22.0,"max_hp_gain":0.0,"max_hp_loss":0.0,"gold_gain":0.0,"event_name":"Big Fish","player_choice":"Banana","floor":12.0,"gold_loss":0.0,"damage_taken":0.0},{"damage_healed":0.0,"max_hp_gain":0.0,"max_hp_loss":0.0,"gold_gain":50.0,"event_name":"Nest","player_choice":"Stole From Cult","floor":19.0,"gold_loss":0.0,"damage_taken":0.0},{"damage_healed":0.0,"max_hp_gain":0.0,"max_hp_loss":0.0,"gold_gain":0.0,"event_name":"FaceTrader","player_choice":"Trade","floor":20.0,"gold_loss":0.0,"damage_taken":0.0,"relics_obtained":["FaceOfCleric"]},{"cards_removed":["Defend_G"],"damage_healed":0,"gold_gain":0,"player_choice":"Single Remove","damage_taken":0,"max_hp_gain":0,"max_hp_loss":0,"event_name":"Designer","floor":29,"gold_loss":75}],"is_beta":false,"boss_relics":[{"not_picked":["Eternal Feather","Coffee Dripper"],"picked":"Sozu"}],"items_purged_floors":[],"is_endless":false,"potions_floor_spawned":[1,6,7,16,25,28,30],"killed_by":"Automaton","ascension_level":15}