{"gold_per_floor":[111,286,286,286,286,286,299,299,299,53,65,81,99,114,114,212,212,226,238,41,59,69,69,81,81,81,44,63,78,98,98,98,98],"floor_reached":33,"playtime":4056,"items_purged":[],"score":268,"play_id":"cd577f1a-f3c1-4b69-8878-e85b56a09fa4","local_time":"20190123225228","is_ascension_mode":false,"campfire_choices":[{"data":"Deflect","floor":6,"key":"SMITH"},{"data":"Bane","floor":8,"key":"SMITH"},{"floor":15,"key":"REST"},{"floor":23,"key":"REST"},{"data":"Neutralize","floor":25,"key":"SMITH"},{"floor":32,"key":"REST"}],"neow_cost":"NONE","seed_source_timestamp":12445266777138,"circlet_count":0,"master_deck":["Defend_G","Defend_G","Defend_G","Strike_G","Strike_G+1","Strike_G","Survivor","Neutralize+1","Poisoned Stab","Deflect+1","Bane+1","Dodge and Roll+1","Distraction+1","Dagger Spray","Bouncing Flask+1","Deflect+1","Flying Knee","Blade Dance+1","Venomology+1","Expertise+1","Tools of the Trade+1","Caltrops+1","Choke","Noxious Fumes","Calculated Gamble+1","Blade Dance+1","Bane+1","Deadly Poison+1","Masterful Stab","Flying Knee+1","Eviscerate","Terror+1","Catalyst+1","Blade Dance+1","Outmaneuver+1","Poisoned Stab+1","Deflect+1","Terror+1","Bane"],"relics":["Ring of the Snake","Prayer Wheel","Toxic Egg 2","Astrolabe","HandDrill","Meat on the Bone","Nilry\u0027s Codex"],"potions_floor_usage":[13,19,21,21,24,29,29],"damage_taken":[{"damage":0,"enemies":"Small Slimes","floor":1,"turns":3},{"damage":0,"enemies":"2 Louse","floor":7,"turns":2},{"damage":0,"enemies":"Jaw Worm","floor":11,"turns":3},{"damage":25,"enemies":"Gremlin Gang","floor":12,"turns":7},{"damage":7,"enemies":"Lots of Slimes","floor":13,"turns":2},{"damage":0,"enemies":"Red Slaver","floor":14,"turns":2},{"damage":8,"enemies":"Hexaghost","floor":16,"turns":8},{"damage":8,"enemies":"3 Byrds","floor":18,"turns":3},{"damage":5,"enemies":"Shell Parasite","floor":19,"turns":4},{"damage":22,"enemies":"Snecko","floor":21,"turns":4},{"damage":10,"enemies":"Snake Plant","floor":22,"turns":2},{"damage":0,"enemies":"Chosen and Byrds","floor":24,"turns":4},{"damage":7,"enemies":"Cultist and Chosen","floor":28,"turns":4},{"damage":14,"enemies":"Snake Plant","floor":29,"turns":2},{"damage":14,"enemies":"Centurion and Healer","floor":30,"turns":4},{"damage":45,"enemies":"Automaton","floor":33,"turns":4}],"seed_played":"1807038984856071827","potions_obtained":[{"floor":1,"key":"Regen Potion"},{"floor":11,"key":"PowerPotion"},{"floor":12,"key":"Poison Potion"},{"floor":16,"key":"SpeedPotion"},{"floor":19,"key":"Explosive Potion"},{"floor":21,"key":"Fire Potion"},{"floor":24,"key":"LiquidBronze"},{"floor":29,"key":"SpeedPotion"}],"is_trial":false,"path_per_floor":["M","?","?","?","?","R","M","R","T","$","M","M","M","M","R","B",null,"M","M","$","M","M","R","M","R","T","$","M","M","M","?","R","B"],"character_chosen":"THE_SILENT","items_purchased":["Toxic Egg 2","HandDrill","Catalyst+1"],"campfire_rested":3,"item_purchase_floors":[10,20,27],"current_hp_per_floor":[77,77,62,55,55,55,55,55,55,55,55,30,23,23,46,38,77,69,69,69,47,37,60,60,60,60,60,53,39,37,21,44,0],"gold":98,"neow_bonus":"TEN_PERCENT_HP_BONUS","is_prod":false,"is_daily":false,"chose_seed":false,"campfire_upgraded":3,"win_rate":0.0,"timestamp":1548251548,"path_taken":["M","?","?","?","?","R","M","R","T","?","M","M","?","M","R","BOSS","M","?","$","?","M","R","?","R","T","?","M","?","M","?","R","BOSS"],"build_version":"2019-01-17v2","purchased_purges":0,"victory":false,"max_hp_per_floor":[77,77,77,77,77,77,77,77,77,77,77,77,77,77,77,77,77,77,77,77,77,77,77,77,77,77,77,77,77,77,77,77,77],"card_choices":[{"not_picked":["Blur","Slice"],"picked":"Poisoned Stab","floor":1},{"not_picked":["Dagger Throw","Dagger Spray"],"picked":"Bane","floor":7},{"not_picked":["Underhanded Strike","Bouncing Flask+1"],"picked":"Dodge and Roll+1","floor":11},{"not_picked":["PiercingWail+1","Footwork","Predator"],"picked":"SKIP","floor":11},{"not_picked":["PiercingWail+1","Footwork","Predator"],"picked":"SKIP","floor":11},{"not_picked":["Choke","Expertise+1"],"picked":"Distraction+1","floor":12},{"not_picked":["Acrobatics+1","Underhanded Strike"],"picked":"Dagger Spray","floor":12},{"not_picked":["Calculated Gamble+1","Riddle With Holes"],"picked":"Bouncing Flask+1","floor":13},{"not_picked":["Doppelganger+1","Slice"],"picked":"Deflect+1","floor":13},{"not_picked":["Tactician+1","Dodge and Roll+1"],"picked":"Flying Knee","floor":14},{"not_picked":["Finisher","Escape Plan+1"],"picked":"Blade Dance+1","floor":14},{"not_picked":["Bullet Time+1","Wraith Form v2"],"picked":"Venomology+1","floor":16},{"not_picked":["Slice+1","Quick Slash"],"picked":"Choke","floor":18},{"not_picked":["PiercingWail+1","Dagger Spray"],"picked":"Noxious Fumes","floor":18},{"not_picked":["Dagger Throw","Footwork+1"],"picked":"Calculated Gamble+1","floor":19},{"not_picked":["Riddle With Holes","Dagger Throw"],"picked":"Blade Dance+1","floor":19},{"not_picked":["Wraith Form v2","Calculated Gamble+1"],"picked":"Bane+1","floor":21},{"not_picked":["Bouncing Flask+1","Flechettes"],"picked":"Deadly Poison+1","floor":21},{"not_picked":["Riddle With Holes","Prepared+1"],"picked":"Masterful Stab","floor":22},{"not_picked":["Sucker Punch","Outmaneuver+1"],"picked":"Flying Knee+1","floor":22},{"not_picked":["Flechettes","Dagger Spray+1"],"picked":"Eviscerate","floor":24},{"not_picked":["Infinite Blades","Underhanded Strike"],"picked":"Terror+1","floor":24},{"not_picked":["Prepared+1","Bouncing Flask+1"],"picked":"Blade Dance+1","floor":28},{"not_picked":["Dagger Throw","Bullet Time+1"],"picked":"Outmaneuver+1","floor":28},{"not_picked":["Dodge and Roll+1","Prepared+1"],"picked":"Poisoned Stab+1","floor":29},{"not_picked":["Endless Agony","Noxious Fumes+1"],"picked":"Deflect+1","floor":29},{"not_picked":["Bane","Quick Slash"],"picked":"Terror+1","floor":30},{"not_picked":["Dash","Outmaneuver+1"],"picked":"Bane","floor":30}],"player_experience":25404,"relics_obtained":[{"floor":9,"key":"Prayer Wheel"},{"floor":26,"key":"Meat on the Bone"},{"floor":31,"key":"Nilry\u0027s Codex"}],"event_choices":[{"damage_healed":0,"gold_gain":175,"player_choice":"AGREE","damage_taken":0,"max_hp_gain":0,"max_hp_loss":0,"event_name":"Liars Game","floor":2,"gold_loss":0,"cards_obtained":["Doubt"]},{"damage_healed":0,"gold_gain":0,"player_choice":"Entered Light","damage_taken":15,"max_hp_gain":0,"max_hp_loss":0,"event_name":"Shining Light","floor":3,"gold_loss":0,"cards_upgraded":["Defend_G","Strike_G"]},{"cards_removed":["Doubt"],"damage_healed":0,"gold_gain":0,"player_choice":"Card Removal","damage_taken":7,"max_hp_gain":0,"max_hp_loss":0,"event_name":"Golden Wing","floor":4,"gold_loss":0},{"damage_healed":0,"gold_gain":0,"cards_transformed":["Defend_G"],"player_choice":"Change","damage_taken":0,"max_hp_gain":0,"max_hp_loss":0,"event_name":"Living Wall","floor":5,"gold_loss":0,"cards_obtained":["Deflect"]},{"damage_healed":0,"gold_gain":0,"player_choice":"Obtained Book","damage_taken":16,"max_hp_gain":0,"max_hp_loss":0,"event_name":"Cursed Tome","floor":31,"gold_loss":0}],"is_beta":false,"boss_relics":[{"not_picked":["HoveringKite","Ectoplasm"],"picked":"Astrolabe"}],"items_purged_floors":[],"is_endless":false,"potions_floor_spawned":[1,11,12,16,19,21,24,29],"killed_by":"Automaton","ascension_level":0}