{"gold_per_floor":[118,133,133,133,157,188,188,202,256,3,24,37,37,70,70,193,256,280,48,48,68,88,88,131,144,144,144],"floor_reached":27,"playtime":1339,"items_purged":["Defend_G"],"score":319,"play_id":"e946e05f-2950-4c53-96e8-59d235248039","local_time":"20190214021938","is_ascension_mode":true,"campfire_choices":[{"floor":7.0,"key":"REST"},{"floor":15.0,"key":"REST"},{"floor":23.0,"key":"REST"}],"neow_cost":"NONE","seed_source_timestamp":26474163439472,"circlet_count":0,"master_deck":["Defend_G","Defend_G","Defend_G","Defend_G","Strike_G","Strike_G","Strike_G","Survivor","Neutralize","Dagger Throw","Leg Sweep","Bane","All Out Attack+1","Deadly Poison","Noxious Fumes+1","Sadistic Nature","Leg Sweep","Burst","Bane","Venomology","Bane","Poisoned Stab","Setup","Escape Plan+1"],"special_seed":0,"relics":["Ring of the Snake","Golden Idol","Lantern","Tiny Chest","PreservedInsect","Tiny House","Regal Pillow","Bag of Preparation","Matryoshka"],"potions_floor_usage":[27],"damage_taken":[{"damage":0.0,"enemies":"Jaw Worm","floor":1.0,"turns":6.0},{"damage":4.0,"enemies":"2 Louse","floor":2.0,"turns":3.0},{"damage":0.0,"enemies":"Cultist","floor":5.0,"turns":5.0},{"damage":39.0,"enemies":"Lagavulin","floor":6.0,"turns":8.0},{"damage":5.0,"enemies":"Blue Slaver","floor":8.0,"turns":4.0},{"damage":0.0,"enemies":"Large Slime","floor":11.0,"turns":5.0},{"damage":7.0,"enemies":"Lots of Slimes","floor":12.0,"turns":3.0},{"damage":5.0,"enemies":"Gremlin Nob","floor":14.0,"turns":4.0},{"damage":21.0,"enemies":"The Guardian","floor":16.0,"turns":9.0},{"damage":42.0,"enemies":"Spheric Guardian","floor":18.0,"turns":7.0},{"damage":0.0,"enemies":"3 Byrds","floor":21.0,"turns":3.0},{"damage":20.0,"enemies":"3 Cultists","floor":22.0,"turns":5.0},{"damage":31.0,"enemies":"Slavers","floor":24.0,"turns":5.0},{"damage":16.0,"enemies":"Snake Plant","floor":25.0,"turns":4.0},{"damage":2,"enemies":"Cultist and Chosen","floor":27,"turns":4}],"seed_played":"-1747939027134972595","potions_obtained":[{"floor":5.0,"key":"Fire Potion"},{"floor":6.0,"key":"LiquidBronze"},{"floor":8.0,"key":"Ancient Potion"},{"floor":11.0,"key":"GamblersBrew"},{"floor":17.0,"key":"Regen Potion"},{"floor":24.0,"key":"Swift Potion"},{"floor":25.0,"key":"SkillPotion"}],"is_trial":false,"path_per_floor":["M","M","?","?","M","E","R","M","T","$","M","M","?","E","R","B",null,"M","$","?","M","M","R","E","M","T","M"],"character_chosen":"THE_SILENT","items_purchased":["Noxious Fumes","Sadistic Nature","Regal Pillow"],"campfire_rested":3,"item_purchase_floors":[10,10,19],"current_hp_per_floor":[63,59,42,42,42,3,24,19,19,19,19,12,12,7,28,7,59,32,32,32,32,12,49,18,2,2,0],"gold":144,"neow_bonus":"REMOVE_CARD","is_prod":false,"is_daily":false,"chose_seed":false,"campfire_upgraded":0,"win_rate":0,"timestamp":1550078378,"path_taken":["M","M","?","?","M","E","R","M","T","$","?","M","?","E","R","BOSS","M","$","?","?","M","R","E","M","T","M"],"build_version":"2019-01-23","purchased_purges":1,"victory":false,"max_hp_per_floor":[70,70,70,70,70,70,70,70,70,70,70,70,70,70,70,70,75,75,75,75,75,75,75,75,75,75,75],"card_choices":[{"not_picked":["Quick Slash","Acrobatics"],"picked":"Dagger Throw","floor":1.0},{"not_picked":["Heel Hook","Blade Dance"],"picked":"Leg Sweep","floor":2.0},{"not_picked":["Caltrops","Leg Sweep"],"picked":"Bane","floor":5.0},{"not_picked":["Eviscerate","Distraction"],"picked":"All Out Attack","floor":6.0},{"not_picked":["Terror","Deflect"],"picked":"Deadly Poison","floor":8.0},{"not_picked":["Dagger Spray","Cloak And Dagger"],"picked":"Leg Sweep","floor":11.0},{"not_picked":["Calculated Gamble","Deflect"],"picked":"Burst","floor":12.0},{"not_picked":["Doppelganger","Endless Agony"],"picked":"Bane","floor":14.0},{"not_picked":["A Thousand Cuts","Tools of the Trade"],"picked":"Venomology","floor":16.0},{"not_picked":["PiercingWail","Footwork"],"picked":"Bane","floor":17.0},{"not_picked":["Quick Slash","Prepared","Dagger Throw"],"picked":"SKIP","floor":18.0},{"not_picked":["Quick Slash+1","Eviscerate","Sucker Punch"],"picked":"SKIP","floor":21.0},{"not_picked":["Dagger Throw+1","Outmaneuver"],"picked":"Poisoned Stab","floor":22.0},{"not_picked":["Underhanded Strike","Acrobatics"],"picked":"Setup","floor":24.0},{"not_picked":["Tactician","Prepared"],"picked":"Escape Plan+1","floor":25.0}],"player_experience":329363,"relics_obtained":[{"floor":6.0,"key":"Lantern"},{"floor":9.0,"key":"Tiny Chest"},{"floor":14.0,"key":"PreservedInsect"},{"floor":24.0,"key":"Bag of Preparation"},{"floor":26.0,"key":"Matryoshka"}],"event_choices":[{"damage_healed":0.0,"max_hp_gain":0.0,"max_hp_loss":0.0,"gold_gain":0.0,"event_name":"Golden Idol","player_choice":"Take Damage","floor":3.0,"gold_loss":0.0,"damage_taken":17.0,"relics_obtained":["Golden Idol"]},{"cards_removed":["Strike_G"],"damage_healed":0.0,"max_hp_gain":0.0,"max_hp_loss":0.0,"gold_gain":0.0,"event_name":"Purifier","player_choice":"Purged","floor":4.0,"gold_loss":0.0,"damage_taken":0.0},{"damage_healed":0.0,"max_hp_gain":0.0,"max_hp_loss":0.0,"gold_gain":0.0,"event_name":"Shining Light","player_choice":"Ignored","floor":13.0,"gold_loss":0.0,"damage_taken":0.0},{"damage_healed":0.0,"max_hp_gain":0.0,"max_hp_loss":0.0,"gold_gain":0.0,"event_name":"Upgrade Shrine","player_choice":"Upgraded","floor":20.0,"gold_loss":0.0,"damage_taken":0.0,"cards_upgraded":["Noxious Fumes"]}],"is_beta":false,"boss_relics":[{"not_picked":["Astrolabe","Coffee Dripper"],"picked":"Tiny House"}],"items_purged_floors":[19],"is_endless":false,"potions_floor_spawned":[5,6,8,11,24,25],"killed_by":"Cultist and Chosen","ascension_level":6}