{"gold_per_floor":[110,110,185,202,202,245,245,289,360,36,62,24,42,217,217,337,337,357,382,156,156,156,191,215,259,259,23,23,59,59,72,72,203,203,219,25,38,0,61,61,84,84,107,138,151,151,169,183,183,183,183,183,5,38,38],"floor_reached":55,"playtime":3960,"items_purged":["Injury","Doubt","Strike_G"],"score":1253,"play_id":"9c99c2d1-b147-481e-881c-382f95da2938","local_time":"20190226015638","is_ascension_mode":true,"campfire_choices":[{"data":"Skewer","floor":7.0,"key":"SMITH"},{"floor":15.0,"key":"REST"},{"floor":28.0,"key":"REST"},{"floor":32.0,"key":"REST"},{"floor":40.0,"key":"REST"},{"floor":42.0,"key":"RECALL"},{"floor":49.0,"key":"REST"},{"data":"Bouncing Flask","floor":52.0,"key":"SMITH"}],"neow_cost":"NONE","seed_source_timestamp":5249974605866,"circlet_count":0,"master_deck":["AscendersBane","Defend_G+1","Defend_G","Defend_G","Strike_G","Survivor+1","Neutralize","Slice","All Out Attack","Skewer+1","Leg Sweep","Noxious Fumes+1","Grand Finale","Bane","Envenom+1","Acrobatics+1","Leg Sweep+1","Well Laid Plans+1","Escape Plan","Blur","Tools of the Trade+1","Dagger Throw","Bouncing Flask","Backstab","Infinite Blades+1","Blur+1","Choke+1","Adrenaline","Leg Sweep+1","Prepared+1","Footwork+1","PiercingWail+1","Sadistic Nature+1","Footwork+1","Riddle With Holes","Leg Sweep","Night Terror","Terror","Acrobatics+1","Cloak And Dagger+1","Infinite Blades+1","Blur","Caltrops+1","Bouncing Flask+1","Noxious Fumes+1","Crippling Poison+1"],"special_seed":0,"relics":["Ring of the Snake","NeowsBlessing","Golden Idol","War Paint","Strawberry","Frozen Egg 2","Membership Card","Juzu Bracelet","Philosopher\u0027s Stone","OrangePellets","Vajra","Orichalcum","Mummified Hand","Regal Pillow","Nunchaku","Astrolabe","Red Mask","Prayer Wheel","Potion Belt","Ice Cream","Dodecahedron"],"potions_floor_usage":[55,55],"damage_taken":[{"damage":0.0,"enemies":"Small Slimes","floor":1.0,"turns":1.0},{"damage":0.0,"enemies":"2 Louse","floor":4.0,"turns":1.0},{"damage":0.0,"enemies":"Lagavulin","floor":6.0,"turns":1.0},{"damage":35.0,"enemies":"Gremlin Nob","floor":8.0,"turns":5.0},{"damage":0.0,"enemies":"Jaw Worm","floor":13.0,"turns":4.0},{"damage":30.0,"enemies":"The Guardian","floor":16.0,"turns":12.0},{"damage":11.0,"enemies":"Shell Parasite","floor":18.0,"turns":5.0},{"damage":12.0,"enemies":"Spheric Guardian","floor":19.0,"turns":3.0},{"damage":10.0,"enemies":"Book of Stabbing","floor":23.0,"turns":5.0},{"damage":5.0,"enemies":"Centurion and Healer","floor":24.0,"turns":6.0},{"damage":18.0,"enemies":"Slavers","floor":25.0,"turns":6.0},{"damage":6.0,"enemies":"Gremlin Leader","floor":29.0,"turns":5.0},{"damage":26.0,"enemies":"Shelled Parasite and Fungi","floor":31.0,"turns":6.0},{"damage":30.0,"enemies":"Automaton","floor":33.0,"turns":10.0},{"damage":20.0,"enemies":"3 Darklings","floor":35.0,"turns":4.0},{"damage":0.0,"enemies":"Orb Walker","floor":37.0,"turns":3.0},{"damage":13.0,"enemies":"2 Orb Walkers","floor":39.0,"turns":5.0},{"damage":7.0,"enemies":"Jaw Worm Horde","floor":41.0,"turns":5.0},{"damage":44.0,"enemies":"Reptomancer","floor":44.0,"turns":5.0},{"damage":12.0,"enemies":"4 Shapes","floor":45.0,"turns":6.0},{"damage":1.0,"enemies":"Sphere and 2 Shapes","floor":47.0,"turns":8.0},{"damage":8.0,"enemies":"Writhing Mass","floor":48.0,"turns":5.0},{"damage":9.0,"enemies":"Donu and Deca","floor":50.0,"turns":7.0},{"damage":45.0,"enemies":"Shield and Spear","floor":54.0,"turns":7.0},{"damage":22,"enemies":"The Heart","floor":55,"turns":3}],"seed_played":"-732916642155666172","potions_obtained":[{"floor":1.0,"key":"GamblersBrew"},{"floor":8.0,"key":"AttackPotion"},{"floor":16.0,"key":"PowerPotion"},{"floor":29.0,"key":"EssenceOfSteel"},{"floor":31.0,"key":"PowerPotion"},{"floor":39.0,"key":"SpeedPotion"},{"floor":45.0,"key":"LiquidBronze"},{"floor":47.0,"key":"Energy Potion"},{"floor":54.0,"key":"Ancient Potion"}],"is_trial":false,"path_per_floor":["M","?","?","M","?","E","R","E","T","$","T","$","M","?","R","B",null,"M","M","$","?","?","E","M","E","T","$","R","E","?","M","R","B",null,"M","$","M","?","?","R","M","R","T","E","M","?","M","M","R","B",null,"R","$","E","B"],"character_chosen":"THE_SILENT","items_purchased":["Noxious Fumes+1","Membership Card","Grand Finale","Well Laid Plans+1","OrangePellets","Escape Plan","Regal Pillow","Infinite Blades+1","Fruit Juice","SpeedPotion","Sadistic Nature+1","Footwork+1","Riddle With Holes","Leg Sweep","Ice Cream","Weak Potion"],"campfire_rested":5,"item_purchase_floors":[10,10,10,20,20,20,27,27,27,27,36,36,36,36,53,53],"current_hp_per_floor":[63,63,52,52,52,52,52,24,24,24,24,24,24,24,47,17,62,51,39,39,39,39,29,24,6,6,11,50,44,44,18,57,27,68,48,48,48,48,35,74,67,67,67,23,11,11,10,2,40,31,66,66,66,21,0],"gold":38,"neow_bonus":"THREE_ENEMY_KILL","is_prod":false,"is_daily":false,"chose_seed":false,"campfire_upgraded":2,"win_rate":0,"timestamp":1551113798,"path_taken":["M","?","?","M","?","E","R","E","T","?","?","$","M","?","R","BOSS","M","M","$","?","?","E","M","E","T","?","R","E","?","M","R","BOSS","M","$","M","?","?","R","M","R","T","E","M","?","M","M","R","BOSS","R","$","E","BOSS"],"build_version":"2019-01-23","purchased_purges":3,"victory":false,"max_hp_per_floor":[70,70,70,70,70,70,70,77,77,77,77,77,77,77,77,77,77,77,77,77,77,77,77,77,77,77,82,82,82,82,82,82,82,82,82,82,82,82,82,82,82,82,82,82,82,78,78,78,78,78,78,78,78,78,78],"card_choices":[{"not_picked":["Footwork","Bane"],"picked":"Slice","floor":1.0},{"not_picked":["Acrobatics","Quick Slash"],"picked":"All Out Attack","floor":4.0},{"not_picked":["PiercingWail","Sucker Punch"],"picked":"Skewer","floor":6.0},{"not_picked":["Terror","Endless Agony"],"picked":"Leg Sweep","floor":8.0},{"not_picked":["Deflect","Flying Knee"],"picked":"Bane","floor":13.0},{"not_picked":["Wraith Form v2+1","After Image+1"],"picked":"Envenom+1","floor":16.0},{"not_picked":["Choke","Deadly Poison"],"picked":"Acrobatics+1","floor":18.0},{"not_picked":["Endless Agony","Cloak And Dagger+1"],"picked":"Leg Sweep+1","floor":19.0},{"not_picked":["Slice","Finisher"],"picked":"Bouncing Flask","floor":23.0},{"not_picked":["Backflip","Concentrate"],"picked":"Backstab","floor":24.0},{"not_picked":["Underhanded Strike","Dash","Outmaneuver"],"picked":"SKIP","floor":25.0},{"not_picked":["Sucker Punch","Infinite Blades+1"],"picked":"Blur+1","floor":29.0},{"not_picked":["Tactician","Dodge and Roll"],"picked":"Choke+1","floor":31.0},{"not_picked":["Unload","Bullet Time"],"picked":"Adrenaline","floor":33.0},{"not_picked":["Prepared","Slice"],"picked":"PiercingWail+1","floor":35.0},{"not_picked":["Slice+1","Tactician","Deflect"],"picked":"SKIP","floor":37.0},{"not_picked":["Cloak And Dagger","Backstab"],"picked":"Night Terror","floor":39.0},{"not_picked":["Flying Knee","Poisoned Stab"],"picked":"Terror","floor":41.0},{"not_picked":["Blade Dance","Flechettes"],"picked":"Acrobatics+1","floor":41.0},{"not_picked":["Setup+1","Tactician+1"],"picked":"Cloak And Dagger+1","floor":44.0},{"not_picked":["Sucker Punch","Underhanded Strike"],"picked":"Infinite Blades+1","floor":45.0},{"not_picked":["Deflect","Bane"],"picked":"Blur","floor":45.0},{"not_picked":["Skewer","Acrobatics"],"picked":"Caltrops+1","floor":47.0},{"not_picked":["Dagger Throw","Dodge and Roll"],"picked":"Bouncing Flask","floor":47.0},{"not_picked":["Calculated Gamble","Slice+1"],"picked":"Noxious Fumes+1","floor":48.0},{"not_picked":["Flechettes","Dagger Spray","Blade Dance+1"],"picked":"SKIP","floor":48.0},{"not_picked":["Flechettes","Cloak And Dagger"],"picked":"Crippling Poison+1","floor":54.0}],"player_experience":412999,"relics_obtained":[{"floor":6.0,"key":"War Paint"},{"floor":8.0,"key":"Strawberry"},{"floor":9.0,"key":"Frozen Egg 2"},{"floor":11.0,"key":"Juzu Bracelet"},{"floor":23.0,"key":"Vajra"},{"floor":25.0,"key":"Orichalcum"},{"floor":26.0,"key":"Mummified Hand"},{"floor":29.0,"key":"Nunchaku"},{"floor":39.0,"key":"Prayer Wheel"},{"floor":44.0,"key":"Potion Belt"},{"floor":54.0,"key":"Dodecahedron"}],"event_choices":[{"damage_healed":0.0,"max_hp_gain":0.0,"max_hp_loss":0.0,"gold_gain":0.0,"cards_transformed":["Strike_G"],"event_name":"Living Wall","player_choice":"Change","floor":2.0,"gold_loss":0.0,"damage_taken":0.0,"cards_obtained":["Masterful Stab"]},{"damage_healed":0.0,"max_hp_gain":0.0,"max_hp_loss":0.0,"gold_gain":75.0,"event_name":"World of Goop","player_choice":"Gather Gold","floor":3.0,"gold_loss":0.0,"damage_taken":11.0},{"damage_healed":0.0,"max_hp_gain":0.0,"max_hp_loss":0.0,"gold_gain":0.0,"event_name":"Golden Idol","player_choice":"Take Wound","floor":5.0,"gold_loss":0.0,"damage_taken":0.0,"relics_obtained":["Golden Idol"],"cards_obtained":["Injury"]},{"damage_healed":0.0,"max_hp_gain":0.0,"max_hp_loss":0.0,"gold_gain":175.0,"event_name":"Liars Game","player_choice":"AGREE","floor":14.0,"gold_loss":0.0,"damage_taken":0.0,"cards_obtained":["Doubt"]},{"damage_healed":0.0,"max_hp_gain":0.0,"max_hp_loss":0.0,"gold_gain":0.0,"event_name":"The Library","player_choice":"Read","floor":21.0,"gold_loss":0.0,"damage_taken":0.0,"cards_obtained":["Blur"]},{"damage_healed":0.0,"max_hp_gain":0.0,"max_hp_loss":0.0,"gold_gain":0.0,"cards_transformed":["Strike_G","Defend_G"],"event_name":"Drug Dealer","player_choice":"Became Test Subject","floor":22.0,"gold_loss":0.0,"damage_taken":0.0,"cards_obtained":["Tools of the Trade","Dagger Throw"]},{"damage_healed":0.0,"max_hp_gain":0.0,"max_hp_loss":0.0,"gold_gain":0.0,"event_name":"Ghosts","player_choice":"Ignored","floor":30.0,"gold_loss":0.0,"damage_taken":0.0},{"damage_healed":0.0,"max_hp_gain":0.0,"max_hp_loss":0.0,"gold_gain":0.0,"event_name":"Tomb of Lord Red Mask","player_choice":"Paid","floor":38.0,"gold_loss":38.0,"damage_taken":0.0,"relics_obtained":["Red Mask"]},{"damage_healed":0.0,"max_hp_gain":0.0,"max_hp_loss":0.0,"gold_gain":0.0,"event_name":"Mysterious Sphere","player_choice":"Fight","floor":39.0,"gold_loss":0.0,"damage_taken":0.0},{"damage_healed":0.0,"max_hp_gain":0.0,"max_hp_loss":4.0,"gold_gain":0.0,"event_name":"Winding Halls","player_choice":"Max HP","floor":46.0,"gold_loss":0.0,"damage_taken":0.0}],"is_beta":false,"boss_relics":[{"not_picked":["Tiny House","HoveringKite"],"picked":"Philosopher\u0027s Stone"},{"not_picked":["Orrery","Pandora\u0027s Box"],"picked":"Astrolabe"}],"items_purged_floors":[12,20,27],"is_endless":false,"potions_floor_spawned":[1,8,16,18,24,29,31,39,45,47,54],"killed_by":"The Heart","ascension_level":12}