{"gold_per_floor":[113,127,56,56,34,60,210,210,210,14,14,48,8,23,23,101,101,115,115,128,128,145,145,176,226,226,226,226],"floor_reached":28,"playtime":1285,"items_purged":["Doubt"],"score":467,"play_id":"2056e55b-affc-43ca-b717-e2413c916be1","local_time":"20190227232851","is_ascension_mode":true,"campfire_choices":[{"data":"Dash","floor":8.0,"key":"SMITH"},{"data":"Forethought","floor":15.0,"key":"SMITH"},{"floor":23.0,"key":"REST"},{"floor":27,"key":"REST"}],"neow_cost":"NONE","seed_source_timestamp":9163286856311,"circlet_count":0,"master_deck":["AscendersBane","Defend_G+1","Defend_G+1","Defend_G+1","Defend_G+1","Defend_G+1","Strike_G+1","Strike_G+1","Strike_G+1","Strike_G+1","Survivor","Neutralize","Underhanded Strike","Dash+1","Skewer","Crippling Poison","Backflip","Riddle With Holes","Forethought+1","Dagger Spray","Expertise","Infinite Blades","Finisher","Night Terror","Flying Knee","Terror+1","Prepared","Malaise"],"special_seed":0,"relics":["Ring of the Snake","NeowsBlessing","Blood Vial","Mummified Hand","Vajra","Strawberry","WristBlade","Smiling Mask"],"potions_floor_usage":[],"damage_taken":[{"damage":0.0,"enemies":"Jaw Worm","floor":1.0,"turns":1.0},{"damage":0.0,"enemies":"2 Louse","floor":2.0,"turns":1.0},{"damage":0.0,"enemies":"Lagavulin","floor":6.0,"turns":1.0},{"damage":16.0,"enemies":"3 Sentries","floor":12.0,"turns":5.0},{"damage":0.0,"enemies":"Small Slimes","floor":14.0,"turns":3.0},{"damage":40.0,"enemies":"The Guardian","floor":16.0,"turns":13.0},{"damage":20.0,"enemies":"3 Byrds","floor":18.0,"turns":6.0},{"damage":4.0,"enemies":"Spheric Guardian","floor":20.0,"turns":4.0},{"damage":22.0,"enemies":"Colosseum Slavers","floor":21.0,"turns":4.0},{"damage":13.0,"enemies":"Centurion and Healer","floor":22.0,"turns":6.0},{"damage":21,"enemies":"Gremlin Leader","floor":24,"turns":6},{"damage":32,"enemies":"3 Cultists","floor":28,"turns":4}],"seed_played":"2420821418253595081","potions_obtained":[{"floor":2.0,"key":"Explosive Potion"},{"floor":6.0,"key":"Weak Potion"},{"floor":12.0,"key":"LiquidBronze"},{"floor":20.0,"key":"SkillPotion"}],"is_trial":false,"path_per_floor":["M","M","$","?","$","E","?","R","T","$","?","E","$","M","R","B",null,"M","?","M","?","M","R","E","?","T","R","M"],"character_chosen":"THE_SILENT","items_purchased":["Skewer","Backflip","Forethought","Dagger Spray","Infinite Blades"],"campfire_rested":2,"item_purchase_floors":[3,5,10,10,13],"current_hp_per_floor":[59,59,59,59,59,59,59,59,59,59,54,47,47,49,49,11,58,40,40,38,18,7,28,9,9,9,30,0],"gold":226,"neow_bonus":"THREE_ENEMY_KILL","is_prod":false,"is_daily":false,"chose_seed":false,"campfire_upgraded":2,"win_rate":0,"timestamp":1551277731,"path_taken":["M","M","$","?","$","E","?","R","T","?","?","E","$","?","R","BOSS","M","?","M","?","M","R","E","?","T","R","?"],"build_version":"2019-01-23","purchased_purges":1,"victory":false,"max_hp_per_floor":[66,66,66,66,66,66,66,66,66,66,66,73,73,73,73,73,73,73,73,73,73,73,73,73,73,73,73,73],"card_choices":[{"not_picked":["Blade Dance","Eviscerate"],"picked":"Underhanded Strike","floor":1.0},{"not_picked":["Accuracy","Flying Knee"],"picked":"Dash","floor":2.0},{"not_picked":["Underhanded Strike","Cloak And Dagger"],"picked":"Riddle With Holes","floor":6.0},{"not_picked":["Unload","Poisoned Stab"],"picked":"Expertise","floor":12.0},{"not_picked":["Underhanded Strike","Quick Slash"],"picked":"Finisher","floor":14.0},{"not_picked":["Venomology","Storm of Steel"],"picked":"Night Terror","floor":16.0},{"not_picked":["Underhanded Strike","Slice"],"picked":"Flying Knee","floor":18.0},{"not_picked":["Choke","Skewer+1"],"picked":"Terror+1","floor":20.0},{"not_picked":["Deadly Poison","Dodge and Roll"],"picked":"Prepared","floor":22.0},{"not_picked":["Underhanded Strike","Quick Slash"],"picked":"Malaise","floor":24}],"player_experience":426366,"relics_obtained":[{"floor":6.0,"key":"Blood Vial"},{"floor":9.0,"key":"Mummified Hand"},{"floor":12.0,"key":"Strawberry"},{"floor":24,"key":"Smiling Mask"}],"event_choices":[{"damage_healed":0.0,"max_hp_gain":0.0,"max_hp_loss":0.0,"gold_gain":0.0,"cards_transformed":["Strike_G"],"event_name":"Living Wall","player_choice":"Change","floor":4.0,"gold_loss":0.0,"damage_taken":0.0,"cards_obtained":["Crippling Poison"]},{"damage_healed":0.0,"max_hp_gain":0.0,"max_hp_loss":0.0,"gold_gain":150.0,"event_name":"Liars Game","player_choice":"AGREE","floor":7.0,"gold_loss":0.0,"damage_taken":0.0,"cards_obtained":["Doubt"]},{"damage_healed":0.0,"max_hp_gain":0.0,"max_hp_loss":0.0,"gold_gain":0.0,"event_name":"Scrap Ooze","player_choice":"Success","floor":11.0,"gold_loss":0.0,"damage_taken":5.0,"relics_obtained":["Vajra"]},{"damage_healed":0.0,"max_hp_gain":0.0,"max_hp_loss":0.0,"gold_gain":0.0,"event_name":"Back to Basics","player_choice":"Simplicity","floor":19.0,"gold_loss":0.0,"damage_taken":0.0,"cards_upgraded":["Defend_G","Defend_G","Defend_G","Defend_G","Defend_G","Strike_G","Strike_G","Strike_G","Strike_G"]},{"damage_healed":0.0,"max_hp_gain":0.0,"max_hp_loss":0.0,"gold_gain":0.0,"event_name":"Colosseum","player_choice":"Fight","floor":21.0,"gold_loss":0.0,"damage_taken":0.0},{"damage_healed":0.0,"max_hp_gain":0.0,"max_hp_loss":0.0,"gold_gain":0.0,"event_name":"Colosseum","player_choice":"Fled From Nobs","floor":21.0,"gold_loss":0.0,"damage_taken":0.0},{"damage_healed":0,"gold_gain":50,"player_choice":"Stole From Cult","damage_taken":0,"max_hp_gain":0,"max_hp_loss":0,"event_name":"Nest","floor":25,"gold_loss":0}],"is_beta":false,"boss_relics":[{"not_picked":["Runic Dome","Ectoplasm"],"picked":"WristBlade"}],"items_purged_floors":[10],"is_endless":false,"potions_floor_spawned":[2,6,12,20,21],"killed_by":"3 Cultists","ascension_level":15}