{"gold_per_floor":[117,117,117,132,132,163,70,70,70,70,96,106,125,145,145,223,223,233,158,189,288,84,84,94,94,94,119,51,78,78,96,96,169,169,188,204,181,281,292,292,325,325,325,338,560,460,460,473,473,473,473,473,112,145,145],"floor_reached":56,"playtime":4559,"items_purged":["Strike_G","Well Laid Plans","Strike_G"],"score":1861,"play_id":"b5b19303-693d-4b9a-a72b-523f69244a4d","local_time":"20190226213912","is_ascension_mode":true,"campfire_choices":[{"floor":8.0,"key":"REST"},{"floor":10.0,"key":"REST"},{"floor":15.0,"key":"REST"},{"data":"Calculated Gamble","floor":23.0,"key":"SMITH"},{"data":"Setup","floor":25.0,"key":"SMITH"},{"data":"Reflex","floor":30.0,"key":"SMITH"},{"floor":32.0,"key":"REST"},{"data":"Burst","floor":40.0,"key":"SMITH"},{"floor":42.0,"key":"REST"},{"floor":47.0,"key":"RECALL"},{"floor":49.0,"key":"REST"},{"data":"Bouncing Flask","floor":52.0,"key":"SMITH"}],"neow_cost":"NONE","seed_source_timestamp":1682183326702,"circlet_count":0,"master_deck":["AscendersBane","Defend_G+1","Defend_G","Defend_G","Defend_G","Defend_G","Strike_G","Strike_G+1","Survivor","Neutralize","Dagger Throw","Setup+1","Corpse Explosion","Bouncing Flask+1","Backflip","Dagger Throw","Catalyst","After Image","Backflip+1","Calculated Gamble+1","Concentrate","Grand Finale","Prepared","Underhanded Strike","Catalyst+1","Concentrate","Reflex+1","Underhanded Strike","Night Terror","Underhanded Strike+1","Eviscerate","Acrobatics","Expertise","Backflip","Burst+1","Riddle With Holes+1","Flechettes","Deep Breath","Escape Plan","Deadly Poison","Bullet Time"],"special_seed":0,"relics":["Ring of the Snake","Lantern","WingedGreaves","Bag of Preparation","Tough Bandages","Tingsha","Runic Pyramid","Red Mask","Bag of Marbles","Ginger","Orrery","Calipers","Question Card","Blue Candle","Vajra"],"potions_floor_usage":[55,55],"damage_taken":[{"damage":4.0,"enemies":"Small Slimes","floor":1.0,"turns":4.0},{"damage":5.0,"enemies":"Jaw Worm","floor":4.0,"turns":7.0},{"damage":29.0,"enemies":"Gremlin Nob","floor":6.0,"turns":4.0},{"damage":22.0,"enemies":"3 Sentries","floor":11.0,"turns":4.0},{"damage":0.0,"enemies":"Cultist","floor":12.0,"turns":3.0},{"damage":0.0,"enemies":"3 Louse","floor":13.0,"turns":2.0},{"damage":0.0,"enemies":"Looter","floor":14.0,"turns":3.0},{"damage":17.0,"enemies":"The Guardian","floor":16.0,"turns":7.0},{"damage":1.0,"enemies":"Chosen","floor":18.0,"turns":4.0},{"damage":2.0,"enemies":"Masked Bandits","floor":20.0,"turns":2.0},{"damage":3.0,"enemies":"2 Thieves","floor":24.0,"turns":4.0},{"damage":20.0,"enemies":"Slavers","floor":27.0,"turns":3.0},{"damage":0.0,"enemies":"Book of Stabbing","floor":29.0,"turns":3.0},{"damage":0.0,"enemies":"3 Cultists","floor":31.0,"turns":3.0},{"damage":23.0,"enemies":"Champ","floor":33.0,"turns":8.0},{"damage":20.0,"enemies":"3 Darklings","floor":35.0,"turns":4.0},{"damage":0.0,"enemies":"Orb Walker","floor":36.0,"turns":2.0},{"damage":4.0,"enemies":"Mind Bloom Boss Battle","floor":38.0,"turns":4.0},{"damage":3.0,"enemies":"Jaw Worm Horde","floor":39.0,"turns":2.0},{"damage":24.0,"enemies":"Giant Head","floor":41.0,"turns":7.0},{"damage":0.0,"enemies":"Maw","floor":44.0,"turns":4.0},{"damage":0.0,"enemies":"Writhing Mass","floor":48.0,"turns":3.0},{"damage":10.0,"enemies":"Awakened One","floor":50.0,"turns":9.0},{"damage":60.0,"enemies":"Shield and Spear","floor":54.0,"turns":5.0},{"damage":1,"enemies":"The Heart","floor":55,"turns":3}],"seed_played":"6948750432116695475","potions_obtained":[{"floor":1.0,"key":"FearPotion"},{"floor":12.0,"key":"PowerPotion"},{"floor":14.0,"key":"Strength Potion"},{"floor":18.0,"key":"Fire Potion"},{"floor":31.0,"key":"GamblersBrew"},{"floor":38.0,"key":"Fire Potion"},{"floor":54.0,"key":"SkillPotion"}],"is_trial":false,"path_per_floor":["M","?","?","M","?","E","$","R","T","R","E","M","M","M","R","B",null,"M","$","?","?","$","R","M","R","T","E","$","E","R","M","R","B",null,"M","M","$","?","M","R","E","R","T","M","?","$","R","M","R","B",null,"R","$","E","B",null],"character_chosen":"THE_SILENT","items_purchased":["Bouncing Flask","Backflip","Concentrate","Grand Finale","Prepared","Concentrate","Backflip","Deep Breath","Escape Plan","Energy Potion","Deadly Poison"],"campfire_rested":6,"item_purchase_floors":[7,7,22,22,22,28,37,53,53,53,53],"current_hp_per_floor":[59,45,45,40,40,11,11,32,32,53,31,31,31,31,52,35,61,60,60,58,58,58,58,55,55,55,35,35,35,35,35,56,33,61,41,41,41,37,34,34,10,31,31,31,31,31,31,31,52,42,63,63,63,3,2],"gold":145,"neow_bonus":"RANDOM_COMMON_RELIC","is_prod":false,"is_daily":false,"chose_seed":false,"campfire_upgraded":5,"win_rate":0,"timestamp":1551184752,"path_taken":["M","?","?","?","?","E","$","R","T","R","E","M","M","M","R","BOSS","M","$","?","?","$","R","M","R","T","E","$","E","R","M","R","BOSS","M","M","$","?","M","R","E","R","T","M","?","$","R","M","R","BOSS","R","$","E","BOSS"],"build_version":"2019-01-23","purchased_purges":3,"victory":true,"max_hp_per_floor":[70,70,70,70,70,70,70,70,70,70,70,70,70,70,70,70,70,70,70,70,70,70,70,70,70,70,70,70,70,70,70,70,70,70,70,70,70,70,70,70,70,70,70,70,70,70,70,70,70,70,70,70,70,70,70],"card_choices":[{"not_picked":["Masterful Stab","Dodge and Roll"],"picked":"PiercingWail","floor":1.0},{"not_picked":["Deadly Poison","Catalyst"],"picked":"Dagger Throw","floor":4.0},{"not_picked":["Quick Slash","Sucker Punch"],"picked":"Corpse Explosion","floor":6.0},{"not_picked":["Slice","Bullet Time"],"picked":"Well Laid Plans","floor":11.0},{"not_picked":["Poisoned Stab","Dagger Spray"],"picked":"Dagger Throw","floor":12.0},{"not_picked":["Sucker Punch","Cloak And Dagger"],"picked":"Catalyst","floor":13.0},{"not_picked":["Flying Knee","Deflect","Skewer"],"picked":"SKIP","floor":14.0},{"not_picked":["Phantasmal Killer","Corpse Explosion"],"picked":"After Image","floor":16.0},{"not_picked":["Deflect","Poisoned Stab+1"],"picked":"Backflip+1","floor":18.0},{"not_picked":["Acrobatics","Crippling Poison"],"picked":"Calculated Gamble","floor":20.0},{"not_picked":["Endless Agony","A Thousand Cuts"],"picked":"Underhanded Strike","floor":24.0},{"not_picked":["Dagger Throw","Accuracy"],"picked":"Catalyst+1","floor":27.0},{"not_picked":["Endless Agony+1","Acrobatics"],"picked":"Reflex","floor":29.0},{"not_picked":["Sucker Punch","Dagger Throw"],"picked":"Underhanded Strike","floor":31.0},{"not_picked":["Wraith Form v2","Tools of the Trade"],"picked":"Night Terror","floor":33.0},{"not_picked":["Blade Dance","Riddle With Holes"],"picked":"Underhanded Strike+1","floor":34.0},{"not_picked":["Prepared","Well Laid Plans"],"picked":"Eviscerate","floor":34.0},{"not_picked":["Poisoned Stab","Underhanded Strike"],"picked":"Acrobatics","floor":34.0},{"not_picked":["Cloak And Dagger","Masterful Stab"],"picked":"Expertise","floor":34.0},{"not_picked":["Slice+1","Cloak And Dagger","Dagger Spray+1"],"picked":"SKIP","floor":35.0},{"not_picked":["Slice","Cloak And Dagger","Endless Agony"],"picked":"SKIP","floor":36.0},{"not_picked":["Well Laid Plans","Dodge and Roll+1"],"picked":"Burst","floor":38.0},{"not_picked":["Expertise","Bane","Poisoned Stab"],"picked":"SKIP","floor":39.0},{"not_picked":["Prepared","Flechettes","Deadly Poison"],"picked":"SKIP","floor":41.0},{"not_picked":["Dagger Throw","Flechettes","Infinite Blades"],"picked":"Riddle With Holes+1","floor":44.0},{"not_picked":["Dodge and Roll","Crippling Poison","Acrobatics"],"picked":"Flechettes","floor":48.0},{"not_picked":["Reflex","Deflect","Prepared"],"picked":"Bullet Time","floor":54.0}],"player_experience":416959,"relics_obtained":[{"floor":6.0,"key":"Bag of Preparation"},{"floor":9.0,"key":"Tough Bandages"},{"floor":11.0,"key":"Tingsha"},{"floor":20.0,"key":"Red Mask"},{"floor":27.0,"key":"Bag of Marbles"},{"floor":29.0,"key":"Ginger"},{"floor":38.0,"key":"Calipers"},{"floor":41.0,"key":"Question Card"},{"floor":43.0,"key":"Blue Candle"},{"floor":54.0,"key":"Vajra"}],"event_choices":[{"damage_healed":0.0,"max_hp_gain":0.0,"max_hp_loss":0.0,"gold_gain":0.0,"event_name":"Shining Light","player_choice":"Entered Light","floor":2.0,"gold_loss":0.0,"damage_taken":14.0,"cards_upgraded":["Defend_G","Strike_G"]},{"cards_removed":["PiercingWail"],"damage_healed":0.0,"max_hp_gain":0.0,"max_hp_loss":0.0,"gold_gain":0.0,"event_name":"WeMeetAgain","player_choice":"Gave Card","floor":3.0,"gold_loss":0.0,"damage_taken":0.0,"relics_obtained":["WingedGreaves"]},{"damage_healed":0.0,"max_hp_gain":0.0,"max_hp_loss":0.0,"gold_gain":0.0,"cards_transformed":["Strike_G"],"event_name":"Living Wall","player_choice":"Change","floor":5.0,"gold_loss":0.0,"damage_taken":0.0,"cards_obtained":["Setup"]},{"damage_healed":0.0,"max_hp_gain":0.0,"max_hp_loss":0.0,"gold_gain":0.0,"event_name":"Masked Bandits","player_choice":"Fought Bandits","floor":20.0,"gold_loss":0.0,"damage_taken":0.0},{"damage_healed":0.0,"max_hp_gain":0.0,"max_hp_loss":0.0,"gold_gain":99.0,"event_name":"Nest","player_choice":"Stole From Cult","floor":21.0,"gold_loss":0.0,"damage_taken":0.0},{"damage_healed":0.0,"max_hp_gain":0.0,"max_hp_loss":0.0,"gold_gain":0.0,"event_name":"MindBloom","player_choice":"Fight","floor":38.0,"gold_loss":0.0,"damage_taken":0.0},{"damage_healed":0.0,"max_hp_gain":0.0,"max_hp_loss":0.0,"gold_gain":222.0,"event_name":"Tomb of Lord Red Mask","player_choice":"Wore Mask","floor":45.0,"gold_loss":0.0,"damage_taken":0.0}],"is_beta":false,"boss_relics":[{"not_picked":["WristBlade","Tiny House"],"picked":"Runic Pyramid"},{"not_picked":["Busted Crown","Snecko Eye"],"picked":"Orrery"}],"items_purged_floors":[19,46,53],"is_endless":false,"potions_floor_spawned":[1,12,14,18,20,31,38,39,41,44,54],"ascension_level":13}