{"gold_per_floor":[213,213,54,72,20,20,55,55,55,55,87,106,118,131,131,228,228,248,248,258,258,72,72,107,122,175,200,23,23,36,48,48,150,150,168,15,15,25,40,67,67,78,78,111,12,12,31,44,44,44,44,44,4,37,37],"floor_reached":56,"playtime":4515,"items_purged":["Regret"],"score":1861,"play_id":"373be173-9a5d-4c0c-a19c-c873f672c7b5","local_time":"20190226002707","is_ascension_mode":true,"campfire_choices":[{"data":"Forethought","floor":6.0,"key":"SMITH"},{"data":"Cloak And Dagger","floor":10.0,"key":"SMITH"},{"floor":15.0,"key":"REST"},{"floor":23.0,"key":"REST"},{"floor":32.0,"key":"REST"},{"floor":41.0,"key":"RECALL"},{"data":"Apotheosis","floor":46.0,"key":"SMITH"},{"data":"Secret Technique","floor":49.0,"key":"SMITH"},{"data":"Bouncing Flask","floor":52.0,"key":"SMITH"}],"neow_cost":"NONE","seed_source_timestamp":166295385879,"circlet_count":0,"master_deck":["AscendersBane","Defend_G","Defend_G","Defend_G","Defend_G","Defend_G","Strike_G","Strike_G","Strike_G","Strike_G","Survivor","Neutralize","Cloak And Dagger+1","Die Die Die","Neutralize","Calculated Gamble","Discovery","Blur","Forethought+1","Dagger Throw","Outmaneuver","PiercingWail","All Out Attack","Footwork","Expertise","Backflip","Corpse Explosion","Escape Plan","Bouncing Flask+1","Apotheosis+1","Concentrate","Bouncing Flask","Terror+1","Outmaneuver","Reflex","Infinite Blades","Tactician","Blur","Doppelganger","Adrenaline","Well Laid Plans","Deep Breath","Secret Technique+1","Panache","Endless Agony","Concentrate+1","Leg Sweep","Finisher","Choke","Slice","Infinite Blades","Caltrops+1","Distraction","Storm of Steel"],"special_seed":0,"relics":["Ring of the Snake","PreservedInsect","Oddly Smooth Stone","Unceasing Top","Eternal Feather","Kunai","Bronze Scales","Tiny Chest","Mummified Hand","Art of War","Cursed Key","Centennial Puzzle","Paper Crane","Bottled Flame"],"potions_floor_usage":[55,55],"damage_taken":[{"damage":0.0,"enemies":"2 Louse","floor":1.0,"turns":4.0},{"damage":0.0,"enemies":"Cultist","floor":4.0,"turns":4.0},{"damage":20.0,"enemies":"3 Sentries","floor":7.0,"turns":10.0},{"damage":34.0,"enemies":"Gremlin Nob","floor":11.0,"turns":5.0},{"damage":0.0,"enemies":"Small Slimes","floor":12.0,"turns":4.0},{"damage":0.0,"enemies":"2 Fungi Beasts","floor":13.0,"turns":2.0},{"damage":0.0,"enemies":"Exordium Wildlife","floor":14.0,"turns":3.0},{"damage":18.0,"enemies":"The Guardian","floor":16.0,"turns":25.0},{"damage":0.0,"enemies":"3 Byrds","floor":18.0,"turns":7.0},{"damage":30.0,"enemies":"Spheric Guardian","floor":20.0,"turns":8.0},{"damage":24.0,"enemies":"Slavers","floor":24.0,"turns":3.0},{"damage":2.0,"enemies":"Centurion and Healer","floor":25.0,"turns":5.0},{"damage":25.0,"enemies":"Gremlin Leader","floor":27.0,"turns":6.0},{"damage":17.0,"enemies":"Shelled Parasite and Fungi","floor":30.0,"turns":5.0},{"damage":0.0,"enemies":"3 Cultists","floor":31.0,"turns":3.0},{"damage":20.0,"enemies":"Automaton","floor":33.0,"turns":12.0},{"damage":0.0,"enemies":"3 Shapes","floor":35.0,"turns":3.0},{"damage":2.0,"enemies":"Orb Walker","floor":38.0,"turns":2.0},{"damage":7.0,"enemies":"Maw","floor":39.0,"turns":5.0},{"damage":0.0,"enemies":"Reptomancer","floor":40.0,"turns":4.0},{"damage":1.0,"enemies":"Sphere and 2 Shapes","floor":42.0,"turns":4.0},{"damage":0.0,"enemies":"Giant Head","floor":44.0,"turns":3.0},{"damage":0.0,"enemies":"3 Darklings","floor":47.0,"turns":3.0},{"damage":0.0,"enemies":"Maw","floor":48.0,"turns":3.0},{"damage":21.0,"enemies":"Awakened One","floor":50.0,"turns":9.0},{"damage":8.0,"enemies":"Shield and Spear","floor":54.0,"turns":3.0},{"damage":59,"enemies":"The Heart","floor":55,"turns":9}],"seed_played":"-479017854384968620","potions_obtained":[{"floor":7.0,"key":"GhostInAJar"},{"floor":12.0,"key":"FearPotion"},{"floor":24.0,"key":"Regen Potion"},{"floor":27.0,"key":"Block Potion"},{"floor":31.0,"key":"Ancient Potion"},{"floor":44.0,"key":"Weak Potion"}],"is_trial":false,"path_per_floor":["M","?","$","M","$","R","E","?","T","R","E","M","M","M","R","B",null,"M","T","M","?","$","R","E","M","T","E","$","T","M","M","R","B",null,"M","$","?","M","M","E","R","M","T","E","$","R","M","M","R","B",null,"R","$","E","B",null],"character_chosen":"THE_SILENT","items_purchased":["Blur","Forethought","Outmaneuver","Apotheosis","Outmaneuver","Reflex","Infinite Blades","Adrenaline","Well Laid Plans","Slice","Distraction"],"campfire_rested":3,"item_purchase_floors":[3,3,5,22,28,28,28,36,36,45,53],"current_hp_per_floor":[63,63,63,63,63,63,43,43,43,43,9,9,9,9,30,12,56,56,56,26,26,26,65,41,51,51,26,26,26,9,9,51,31,60,60,60,50,48,41,41,68,67,67,67,67,70,70,70,70,49,65,70,70,62,3],"gold":37,"neow_bonus":"HUNDRED_GOLD","is_prod":false,"is_daily":false,"chose_seed":false,"campfire_upgraded":5,"win_rate":0,"timestamp":1551108427,"path_taken":["M","?","?","M","$","R","E","?","T","R","E","M","M","M","R","BOSS","M","?","M","?","$","R","E","M","T","E","$","?","?","M","R","BOSS","M","$","?","M","M","E","R","M","T","E","$","R","M","M","R","BOSS","R","$","E","BOSS"],"build_version":"2019-01-23","purchased_purges":1,"victory":true,"max_hp_per_floor":[70,70,70,70,70,70,70,70,70,70,70,70,70,70,70,70,70,70,70,70,70,70,70,70,70,70,70,70,70,70,70,70,70,70,70,70,70,70,70,70,70,70,70,70,70,70,70,70,70,70,70,70,70,70,70],"card_choices":[{"not_picked":["Deflect","Dodge and Roll"],"picked":"Cloak And Dagger","floor":1.0},{"not_picked":["Deadly Poison","Blade Dance"],"picked":"Dagger Throw","floor":4.0},{"not_picked":["Cloak And Dagger","Quick Slash"],"picked":"PiercingWail","floor":7.0},{"not_picked":["Blade Dance","PiercingWail"],"picked":"All Out Attack","floor":11.0},{"not_picked":["Dagger Spray","PiercingWail"],"picked":"Footwork","floor":12.0},{"not_picked":["Caltrops","Outmaneuver"],"picked":"Expertise","floor":13.0},{"not_picked":["Poisoned Stab","Blade Dance"],"picked":"Backflip","floor":14.0},{"not_picked":["A Thousand Cuts","Die Die Die"],"picked":"Corpse Explosion","floor":16.0},{"not_picked":["Riddle With Holes","Blade Dance"],"picked":"Escape Plan","floor":18.0},{"not_picked":["Prepared","Blade Dance+1"],"picked":"Bouncing Flask","floor":20.0},{"not_picked":["Bouncing Flask","Quick Slash+1"],"picked":"Concentrate","floor":24.0},{"not_picked":["Setup","Dagger Throw+1"],"picked":"Bouncing Flask","floor":25.0},{"not_picked":["Dodge and Roll+1","Backflip"],"picked":"Terror+1","floor":27.0},{"not_picked":["Caltrops","Sucker Punch"],"picked":"Tactician","floor":30.0},{"not_picked":["Deadly Poison","Underhanded Strike"],"picked":"Blur","floor":31.0},{"not_picked":["Unload","Glass Knife"],"picked":"Doppelganger","floor":33.0},{"not_picked":["Dagger Spray","Underhanded Strike","Deflect+1"],"picked":"SKIP","floor":35.0},{"not_picked":["Flash of Steel","Secret Weapon"],"picked":"Deep Breath","floor":37.0},{"not_picked":["Madness","Master of Strategy"],"picked":"Secret Technique","floor":37.0},{"not_picked":["Jack Of All Trades","Blind"],"picked":"Panache","floor":37.0},{"not_picked":["Quick Slash","Endless Agony","Tactician"],"picked":"SKIP","floor":38.0},{"not_picked":["Quick Slash","Tactician"],"picked":"Endless Agony","floor":38.0},{"not_picked":["Masterful Stab+1","Slice"],"picked":"Concentrate+1","floor":39.0},{"not_picked":["Bouncing Flask","Predator+1"],"picked":"Leg Sweep","floor":40.0},{"not_picked":["Dagger Throw","Acrobatics+1"],"picked":"Finisher","floor":42.0},{"not_picked":["Quick Slash+1","Deflect+1"],"picked":"Choke","floor":44.0},{"not_picked":["Glass Knife","Bane"],"picked":"Infinite Blades","floor":47.0},{"not_picked":["Flying Knee+1","Cloak And Dagger+1"],"picked":"Caltrops+1","floor":48.0},{"not_picked":["Storm of Steel","Deadly Poison+1","Acrobatics"],"picked":"SKIP","floor":54.0},{"not_picked":["Deadly Poison+1","Acrobatics"],"picked":"Storm of Steel","floor":54.0}],"player_experience":408484,"relics_obtained":[{"floor":7.0,"key":"PreservedInsect"},{"floor":9.0,"key":"Oddly Smooth Stone"},{"floor":11.0,"key":"Unceasing Top"},{"floor":19.0,"key":"Kunai"},{"floor":24.0,"key":"Bronze Scales"},{"floor":26.0,"key":"Tiny Chest"},{"floor":27.0,"key":"Mummified Hand"},{"floor":29.0,"key":"Art of War"},{"floor":40.0,"key":"Centennial Puzzle"},{"floor":44.0,"key":"Paper Crane"},{"floor":54.0,"key":"Bottled Flame"}],"event_choices":[{"damage_healed":0.0,"max_hp_gain":0.0,"max_hp_loss":0.0,"gold_gain":0.0,"event_name":"Match and Keep!","player_choice":"4 cards matched","floor":2.0,"gold_loss":0.0,"damage_taken":0.0,"cards_obtained":["Die Die Die","Neutralize","Calculated Gamble","Discovery"]},{"cards_removed":["Strike_G"],"damage_healed":0.0,"max_hp_gain":0.0,"max_hp_loss":0.0,"gold_gain":0.0,"event_name":"Purifier","player_choice":"Purged","floor":8.0,"gold_loss":0.0,"damage_taken":0.0},{"damage_healed":0.0,"max_hp_gain":0.0,"max_hp_loss":0.0,"gold_gain":0.0,"event_name":"The Woman in Blue","player_choice":"Bought 0 Potions","floor":21.0,"gold_loss":0.0,"damage_taken":0.0},{"damage_healed":0.0,"max_hp_gain":0.0,"max_hp_loss":0.0,"gold_gain":0.0,"event_name":"SensoryStone","player_choice":"Memory 3","floor":37.0,"gold_loss":0.0,"damage_taken":10.0}],"is_beta":false,"boss_relics":[{"not_picked":["Ectoplasm","Busted Crown"],"picked":"Eternal Feather"},{"not_picked":["Lizard Tail","Orrery"],"picked":"Cursed Key"}],"items_purged_floors":[45],"is_endless":false,"potions_floor_spawned":[7,12,16,24,27,30,31,44,48],"ascension_level":11}