{"gold_per_floor":[117,9,28,39,39,64,76,146,183,213,258,284,296,319,331,343],"floor_reached":16,"playtime":941,"items_purged":[],"score":226,"play_id":"e68a7897-349f-4f12-89d7-f9eb7daaf436","local_time":"20190610145527","is_ascension_mode":true,"campfire_choices":[{"data":"Shrug It Off","floor":7,"key":"SMITH"},{"data":"Inflame","floor":15,"key":"SMITH"}],"neow_cost":"NONE","seed_source_timestamp":680335920443473,"circlet_count":0,"master_deck":["AscendersBane","Strike_R","Strike_R","Strike_R","Strike_R","Strike_R","Defend_R","Defend_R","Defend_R","Defend_R","Bash+1","Rampage","Shrug It Off+1","Pommel Strike","Pommel Strike","Feed","Inflame+1","True Grit"],"special_seed":0,"relics":["Burning Blood","NeowsBlessing","MawBank","Tiny Chest","Bronze Scales","Molten Egg 2"],"potions_floor_usage":[6,8,16,16],"damage_taken":[{"damage":0.0,"enemies":"Cultist","floor":1.0,"turns":1.0},{"damage":0.0,"enemies":"2 Louse","floor":3.0,"turns":1.0},{"damage":0.0,"enemies":"Small Slimes","floor":4.0,"turns":1.0},{"damage":27,"enemies":"Lagavulin","floor":6,"turns":7},{"damage":15,"enemies":"3 Sentries","floor":8,"turns":9},{"damage":13,"enemies":"Exordium Wildlife","floor":10,"turns":3},{"damage":24,"enemies":"Lagavulin","floor":11,"turns":5},{"damage":0,"enemies":"Red Slaver","floor":12,"turns":5},{"damage":6,"enemies":"Blue Slaver","floor":14,"turns":5},{"damage":31,"enemies":"Hexaghost","floor":16,"turns":9}],"seed_played":"1982171697073543709","potions_obtained":[{"floor":3.0,"key":"Fire Potion"},{"floor":11,"key":"GamblersBrew"},{"floor":12,"key":"BloodPotion"},{"floor":14,"key":"Dexterity Potion"}],"is_trial":false,"path_per_floor":["M","$","M","M","?","E","R","E","T","M","E","M","?","M","R","B"],"character_chosen":"IRONCLAD","items_purchased":["Shrug It Off","SteroidPotion"],"campfire_rested":0,"item_purchase_floors":[2,2],"current_hp_per_floor":[74,74,75,75,75,54,54,45,45,38,20,29,29,29,29,0],"gold":343,"neow_bonus":"THREE_ENEMY_KILL","is_prod":false,"is_daily":false,"chose_seed":false,"campfire_upgraded":2,"win_rate":0,"timestamp":1560192927,"path_taken":["M","$","?","?","?","E","R","E","T","M","E","M","?","M","R","BOSS"],"build_version":"2019-01-23","purchased_purges":0,"victory":false,"max_hp_per_floor":[75,75,75,75,75,75,75,75,75,75,75,78,78,78,78,78],"card_choices":[{"not_picked":["Twin Strike","Thunderclap"],"picked":"Rampage","floor":1.0},{"not_picked":["Sword Boomerang","Warcry"],"picked":"Pommel Strike","floor":3.0},{"not_picked":["Armaments","Flame Barrier"],"picked":"Pommel Strike","floor":4.0},{"not_picked":["Sentinel","Iron Wave","Warcry"],"picked":"SKIP","floor":6},{"not_picked":["Wild Strike","Cleave","Sword Boomerang"],"picked":"SKIP","floor":8},{"not_picked":["Heavy Blade","Pommel Strike"],"picked":"Feed","floor":10},{"not_picked":["Thunderclap","Ghostly Armor"],"picked":"Inflame","floor":11},{"not_picked":["Fire Breathing","Juggernaut","Power Through"],"picked":"SKIP","floor":12},{"not_picked":["Rampage+1","Bloodletting"],"picked":"True Grit","floor":14}],"player_experience":2284937,"relics_obtained":[{"floor":6,"key":"MawBank"},{"floor":8,"key":"Tiny Chest"},{"floor":9,"key":"Bronze Scales"},{"floor":11,"key":"Molten Egg 2"}],"event_choices":[{"damage_healed":0.0,"max_hp_gain":0.0,"max_hp_loss":0.0,"gold_gain":0.0,"event_name":"Living Wall","player_choice":"Grow","floor":5.0,"gold_loss":0.0,"damage_taken":0.0,"cards_upgraded":["Bash"]},{"damage_healed":0,"gold_gain":0,"player_choice":"Ignored","damage_taken":0,"max_hp_gain":0,"max_hp_loss":0,"event_name":"Shining Light","floor":13,"gold_loss":0}],"is_beta":false,"boss_relics":[],"items_purged_floors":[],"is_endless":false,"potions_floor_spawned":[3,4,11,12,14],"killed_by":"Hexaghost","ascension_level":17}