{"gold_per_floor":[111,131,131,151,170,170,185,110,110,110,110,130,157,174,174,272,272,291,373,288,288,143,143,160,185,185,213,224,224,258,268,268,373,373,386,386,202,220,236,236,268,268,268,299,299,399,413,428,428,428],"floor_reached":50,"playtime":3496,"items_purged":["Pain","Regret"],"score":729,"play_id":"7bc4f465-9e17-4538-99ea-3335f04e4fd6","local_time":"20190210173440","is_ascension_mode":true,"campfire_choices":[{"data":"Terror","floor":6.0,"key":"SMITH"},{"data":"Skewer","floor":15.0,"key":"SMITH"},{"data":"Burst","floor":23.0,"key":"SMITH"},{"data":"Cloak And Dagger","floor":32.0,"key":"SMITH"},{"data":"Distraction","floor":40.0,"key":"SMITH"},{"floor":42.0,"key":"RECALL"},{"data":"Storm of Steel","floor":45.0,"key":"SMITH"},{"floor":49,"key":"REST"}],"neow_cost":"NONE","seed_source_timestamp":9532546667294,"circlet_count":0,"master_deck":["Survivor+1","Neutralize","Dodge and Roll","Poisoned Stab","Backstab","Terror+1","Prepared","Distraction+1","Flash of Steel","Venomology+1","Deflect","Burst+1","Skewer+1","A Thousand Cuts","Accuracy","Dagger Spray","All Out Attack+1","PiercingWail+1","Cloak And Dagger+1","Infinite Blades","Deflect","Blade Dance","Glass Knife","Storm of Steel+1","Choke","Slice","Calculated Gamble","Caltrops","Prepared","Die Die Die","Poisoned Stab","Prepared","Venomology","Acrobatics+1","Panache","Blade Dance+1","Accuracy+1","Blade Dance+1","Backflip+1","Sucker Punch+1"],"special_seed":0,"relics":["Ring of the Snake","WarpedTongs","Meat on the Bone","Shuriken","Kunai","Black Star","Pantograph","Vajra","Potion Belt","Bottled Flame","Juzu Bracelet","Pocketwatch","Bronze Scales","Letter Opener","Pandora\u0027s Box","War Paint","Dream Catcher","Sundial","Molten Egg 2","Centennial Puzzle","Ice Cream"],"potions_floor_usage":[48,50,50,50],"damage_taken":[{"damage":1.0,"enemies":"Cultist","floor":1.0,"turns":6.0},{"damage":4.0,"enemies":"Jaw Worm","floor":2.0,"turns":6.0},{"damage":2.0,"enemies":"Small Slimes","floor":4.0,"turns":4.0},{"damage":5.0,"enemies":"Red Slaver","floor":5.0,"turns":5.0},{"damage":3.0,"enemies":"2 Fungi Beasts","floor":7.0,"turns":2.0},{"damage":0.0,"enemies":"Looter","floor":12.0,"turns":3.0},{"damage":11.0,"enemies":"Lagavulin","floor":13.0,"turns":5.0},{"damage":8.0,"enemies":"Large Slime","floor":14.0,"turns":4.0},{"damage":6.0,"enemies":"Hexaghost","floor":16.0,"turns":6.0},{"damage":16.0,"enemies":"Shell Parasite","floor":18.0,"turns":7.0},{"damage":16.0,"enemies":"Chosen","floor":24.0,"turns":4.0},{"damage":22.0,"enemies":"Book of Stabbing","floor":25.0,"turns":6.0},{"damage":5.0,"enemies":"Slavers","floor":27.0,"turns":6.0},{"damage":26.0,"enemies":"Shelled Parasite and Fungi","floor":28.0,"turns":5.0},{"damage":0.0,"enemies":"Gremlin Leader","floor":30.0,"turns":5.0},{"damage":0.0,"enemies":"Centurion and Healer","floor":31.0,"turns":4.0},{"damage":43.0,"enemies":"Collector","floor":33.0,"turns":8.0},{"damage":16.0,"enemies":"3 Darklings","floor":35.0,"turns":4.0},{"damage":7.0,"enemies":"Orb Walker","floor":38.0,"turns":3.0},{"damage":5.0,"enemies":"3 Darklings","floor":39.0,"turns":4.0},{"damage":16.0,"enemies":"Nemesis","floor":41.0,"turns":5.0},{"damage":18.0,"enemies":"Giant Head","floor":44.0,"turns":5.0},{"damage":6.0,"enemies":"Mind Bloom Boss Battle","floor":46.0,"turns":4.0},{"damage":42.0,"enemies":"4 Shapes","floor":47.0,"turns":3.0},{"damage":11,"enemies":"Sphere and 2 Shapes","floor":48,"turns":4},{"damage":81,"enemies":"Time Eater","floor":50,"turns":6}],"seed_played":"-4432184378955891812","potions_obtained":[{"floor":2.0,"key":"Energy Potion"},{"floor":12.0,"key":"SteroidPotion"},{"floor":13.0,"key":"SkillPotion"},{"floor":25.0,"key":"Dexterity Potion"},{"floor":31.0,"key":"Swift Potion"},{"floor":39.0,"key":"Swift Potion"},{"floor":44.0,"key":"Block Potion"}],"is_trial":false,"path_per_floor":["M","M","?","M","M","R","M","$","T","?","?","M","E","M","R","B",null,"M","T","?","?","$","R","M","E","T","E","M","?","E","M","R","B",null,"M","?","$","M","M","R","E","R","T","E","R","?","M","M","R","B"],"character_chosen":"THE_SILENT","items_purchased":["Dagger Spray","Panache"],"campfire_rested":1,"item_purchase_floors":[22,37],"current_hp_per_floor":[76,72,72,70,65,65,62,62,62,62,62,62,51,43,43,49,77,61,61,61,61,61,61,45,35,35,42,28,28,40,40,40,34,77,61,61,61,54,61,61,45,45,45,39,39,58,28,29,52,0],"gold":428,"neow_bonus":"TEN_PERCENT_HP_BONUS","is_prod":false,"is_daily":false,"chose_seed":false,"campfire_upgraded":6,"win_rate":0,"timestamp":1549787680,"path_taken":["M","?","?","M","?","R","M","$","T","?","?","M","E","M","R","BOSS","M","?","?","?","$","R","M","E","T","E","M","?","E","M","R","BOSS","M","?","$","M","M","R","E","R","T","E","R","?","M","M","R","BOSS"],"build_version":"2019-01-23","purchased_purges":2,"victory":false,"max_hp_per_floor":[77,77,77,77,77,77,77,77,77,77,77,77,77,77,77,77,77,77,77,77,77,77,77,77,77,77,77,77,77,77,77,77,77,77,77,77,77,77,77,77,77,77,77,77,77,77,77,77,77,77],"card_choices":[{"not_picked":["Quick Slash","Slice"],"picked":"Dodge and Roll","floor":1.0},{"not_picked":["Endless Agony","PiercingWail"],"picked":"Poisoned Stab","floor":2.0},{"not_picked":["Skewer","Flying Knee"],"picked":"Backstab","floor":4.0},{"not_picked":["Dagger Throw","PiercingWail"],"picked":"Terror","floor":5.0},{"not_picked":["Crippling Poison","PiercingWail"],"picked":"Prepared","floor":7.0},{"not_picked":["Dodge and Roll","Masterful Stab"],"picked":"Deflect","floor":12.0},{"not_picked":["Noxious Fumes","Acrobatics"],"picked":"Burst","floor":13.0},{"not_picked":["Prepared","Sucker Punch"],"picked":"Skewer","floor":14.0},{"not_picked":["Burst","Grand Finale"],"picked":"A Thousand Cuts","floor":16.0},{"not_picked":["Deadly Poison+1","Flechettes"],"picked":"Accuracy","floor":18.0},{"not_picked":["Dagger Spray","Setup"],"picked":"All Out Attack+1","floor":24.0},{"not_picked":["Masterful Stab+1","Acrobatics+1"],"picked":"PiercingWail+1","floor":25.0},{"not_picked":["Endless Agony","Predator"],"picked":"Cloak And Dagger","floor":27.0},{"not_picked":["Concentrate","Flying Knee","Catalyst+1"],"picked":"SKIP","floor":28.0},{"not_picked":["Sucker Punch","Dash+1"],"picked":"Deflect","floor":30.0},{"not_picked":["PiercingWail","Accuracy+1"],"picked":"Blade Dance","floor":31.0},{"not_picked":["Doppelganger","Venomology"],"picked":"Glass Knife","floor":33.0},{"not_picked":["Flying Knee+1","Dagger Throw+1"],"picked":"Acrobatics+1","floor":35.0},{"not_picked":["Slice+1","Leg Sweep+1"],"picked":"Blade Dance+1","floor":38.0},{"not_picked":["Slice","Bane","Deadly Poison+1"],"picked":"SKIP","floor":39.0},{"not_picked":["Leg Sweep","Reflex+1"],"picked":"Accuracy+1","floor":41.0},{"not_picked":["Quick Slash","Masterful Stab","Wraith Form v2"],"picked":"SKIP","floor":44.0},{"not_picked":["Dagger Spray+1","Quick Slash+1"],"picked":"Blade Dance+1","floor":47.0},{"not_picked":["Footwork","Calculated Gamble"],"picked":"Backflip+1","floor":48},{"not_picked":["Quick Slash+1","Expertise+1"],"picked":"Sucker Punch+1","floor":49}],"player_experience":295449,"relics_obtained":[{"floor":9.0,"key":"Meat on the Bone"},{"floor":13.0,"key":"Kunai"},{"floor":25.0,"key":"Vajra"},{"floor":25.0,"key":"Potion Belt"},{"floor":26.0,"key":"Bottled Flame"},{"floor":27.0,"key":"Juzu Bracelet"},{"floor":27.0,"key":"Pocketwatch"},{"floor":30.0,"key":"Bronze Scales"},{"floor":30.0,"key":"Letter Opener"},{"floor":41.0,"key":"War Paint"},{"floor":41.0,"key":"Dream Catcher"},{"floor":43.0,"key":"Sundial"},{"floor":44.0,"key":"Molten Egg 2"},{"floor":44.0,"key":"Centennial Puzzle"},{"floor":46.0,"key":"Ice Cream"}],"event_choices":[{"damage_healed":0.0,"max_hp_gain":0.0,"max_hp_loss":0.0,"gold_gain":0.0,"event_name":"Accursed Blacksmith","player_choice":"Rummage","floor":3.0,"gold_loss":0.0,"damage_taken":0.0,"relics_obtained":["WarpedTongs"],"cards_obtained":["Pain"]},{"damage_healed":0.0,"max_hp_gain":0.0,"max_hp_loss":0.0,"gold_gain":0.0,"event_name":"Big Fish","player_choice":"Box","floor":10.0,"gold_loss":0.0,"damage_taken":0.0,"relics_obtained":["Shuriken"],"cards_obtained":["Regret"]},{"damage_healed":0.0,"max_hp_gain":0.0,"max_hp_loss":0.0,"gold_gain":0.0,"event_name":"Match and Keep!","player_choice":"3 cards matched","floor":11.0,"gold_loss":0.0,"damage_taken":0.0,"cards_obtained":["Distraction","Flash of Steel","Venomology"]},{"damage_healed":0.0,"max_hp_gain":0.0,"max_hp_loss":0.0,"gold_gain":0.0,"event_name":"Addict","player_choice":"Obtained Relic","floor":20.0,"gold_loss":85.0,"damage_taken":0.0,"relics_obtained":["Pantograph"]},{"damage_healed":0.0,"max_hp_gain":0.0,"max_hp_loss":0.0,"gold_gain":0.0,"event_name":"The Mausoleum","player_choice":"Ignored","floor":21.0,"gold_loss":0.0,"damage_taken":0.0},{"damage_healed":0.0,"max_hp_gain":0.0,"max_hp_loss":0.0,"gold_gain":0.0,"event_name":"The Library","player_choice":"Read","floor":29.0,"gold_loss":0.0,"damage_taken":0.0,"cards_obtained":["Infinite Blades"]},{"damage_healed":0.0,"max_hp_gain":0.0,"max_hp_loss":0.0,"gold_gain":0.0,"event_name":"Tomb of Lord Red Mask","player_choice":"Ignored","floor":36.0,"gold_loss":0.0,"damage_taken":0.0},{"damage_healed":0.0,"max_hp_gain":0.0,"max_hp_loss":0.0,"gold_gain":0.0,"event_name":"MindBloom","player_choice":"Fight","floor":46.0,"gold_loss":0.0,"damage_taken":0.0}],"is_beta":false,"boss_relics":[{"not_picked":["White Beast Statue","Ectoplasm"],"picked":"Black Star"},{"not_picked":["Coffee Dripper","Cursed Key"],"picked":"Pandora\u0027s Box"}],"items_purged_floors":[8,22],"is_endless":false,"potions_floor_spawned":[2,12,13,25,31,39,44],"killed_by":"Time Eater","ascension_level":4}