{"gold_per_floor":[119,32,207,282,300,328,1,1,27,74,86,98,110,151,163,278,290,316,339,351,278,290,302,348,360,372,28,42,42,60,72,72,176,176,194,194,194,27,45,45,76,76,76,109,120,132,132,0,0,0],"floor_reached":50,"playtime":3581,"items_purged":["Doubt"],"score":766,"play_id":"471a4c1c-fb49-44a2-9f35-8351fa003138","local_time":"20190217030314","is_ascension_mode":true,"campfire_choices":[{"data":"Neutralize","floor":8.0,"key":"SMITH"},{"data":"Sucker Punch","floor":12.0,"key":"SMITH"},{"data":"Bouncing Flask","floor":15.0,"key":"SMITH"},{"data":"Doppelganger","floor":23.0,"key":"SMITH"},{"floor":29.0,"key":"REST"},{"floor":32.0,"key":"REST"},{"data":"Bandage Up","floor":40,"key":"SMITH"},{"data":"Burst","floor":42,"key":"SMITH"},{"floor":47,"key":"REST"},{"data":"Deadly Poison","floor":49,"key":"SMITH"}],"neow_cost":"NONE","seed_source_timestamp":24431633756564,"circlet_count":0,"master_deck":["Defend_G","Defend_G","Defend_G","Defend_G","Defend_G","Strike_G","Strike_G","Strike_G","Strike_G","Survivor","Neutralize+1","Dodge and Roll+1","Bouncing Flask+1","Flying Knee","Prepared","Dodge and Roll","Noxious Fumes+1","Sucker Punch+1","Leg Sweep","Doppelganger+1","Bane+1","Burst+1","Deflect+1","Sucker Punch+1","Cloak And Dagger","Malaise","Cloak And Dagger+1","Noxious Fumes+1","Bandage Up+1","Concentrate+1","Dagger Throw+1","Deadly Poison+1","Backflip"],"special_seed":0,"relics":["Ring of the Snake","NeowsBlessing","Happy Flower","Frozen Egg 2","MawBank","Mercury Hourglass","Lizard Tail","Smiling Mask","Matryoshka","Boot","Art of War","Regal Pillow","Sozu","Juzu Bracelet","Strawberry","Vajra","The Courier","Red Mask"],"potions_floor_usage":[46,50],"damage_taken":[{"damage":0.0,"enemies":"Cultist","floor":1.0,"turns":1.0},{"damage":0.0,"enemies":"Jaw Worm","floor":5.0,"turns":1.0},{"damage":0.0,"enemies":"Lagavulin","floor":6.0,"turns":1.0},{"damage":34.0,"enemies":"3 Sentries","floor":10.0,"turns":7.0},{"damage":0.0,"enemies":"Small Slimes","floor":14.0,"turns":3.0},{"damage":1.0,"enemies":"The Guardian","floor":16.0,"turns":10.0},{"damage":3.0,"enemies":"3 Byrds","floor":18.0,"turns":4.0},{"damage":5.0,"enemies":"Chosen","floor":19.0,"turns":5.0},{"damage":24.0,"enemies":"Book of Stabbing","floor":24.0,"turns":7.0},{"damage":0.0,"enemies":"Snecko","floor":28.0,"turns":5.0},{"damage":24.0,"enemies":"3 Cultists","floor":30.0,"turns":7.0},{"damage":10.0,"enemies":"Shelled Parasite and Fungi","floor":31.0,"turns":4.0},{"damage":61.0,"enemies":"Collector","floor":33.0,"turns":8.0},{"damage":29.0,"enemies":"3 Darklings","floor":35.0,"turns":6.0},{"damage":7,"enemies":"3 Shapes","floor":39,"turns":4},{"damage":21,"enemies":"Nemesis","floor":41,"turns":7},{"damage":27,"enemies":"Reptomancer","floor":44,"turns":9},{"damage":15,"enemies":"3 Darklings","floor":45,"turns":7},{"damage":9,"enemies":"Sphere and 2 Shapes","floor":46,"turns":6},{"damage":93,"enemies":"Time Eater","floor":50,"turns":12}],"seed_played":"-6520953888070536869","potions_obtained":[{"floor":10.0,"key":"Poison Potion"},{"floor":16.0,"key":"Weak Potion"},{"floor":30.0,"key":"Strength Potion"},{"floor":33.0,"key":"SmokeBomb"}],"is_trial":false,"path_per_floor":["M","$","?","?","M","E","$","R","T","E","?","R","?","M","R","B",null,"M","M","?","?","$","R","E","?","T","$","M","R","M","M","R","B",null,"M","?","?","$","M","R","E","R","T","E","M","M","R","?","R","B"],"character_chosen":"THE_SILENT","items_purchased":["Bouncing Flask","Flying Knee","Frozen Egg 2","Noxious Fumes+1","Burst","Regal Pillow","Noxious Fumes+1","Bandage Up"],"campfire_rested":3,"item_purchase_floors":[2,2,7,7,27,27,38,38],"current_hp_per_floor":[63,63,63,56,56,56,56,56,56,22,45,45,45,45,45,44,64,61,56,56,56,56,56,32,32,32,32,32,68,44,34,70,9,55,26,26,61,61,54,54,39,39,46,25,16,13,48,48,48,0],"gold":0,"neow_bonus":"THREE_ENEMY_KILL","is_prod":false,"is_daily":false,"chose_seed":false,"campfire_upgraded":7,"win_rate":0,"timestamp":1550340194,"path_taken":["M","$","?","?","?","E","$","R","T","E","?","R","?","M","R","BOSS","M","M","?","?","?","R","E","?","T","$","?","R","M","M","R","BOSS","M","?","?","$","M","R","E","R","T","E","M","M","R","?","R","BOSS"],"build_version":"2019-01-23","purchased_purges":1,"victory":false,"max_hp_per_floor":[70,70,70,70,70,70,70,70,70,70,70,70,70,70,70,70,70,70,70,70,70,70,70,70,70,70,70,70,70,70,70,70,70,70,70,70,61,61,61,61,61,61,68,68,68,68,68,68,68,68],"card_choices":[{"not_picked":["Quick Slash","Expertise"],"picked":"Dodge and Roll","floor":1.0},{"not_picked":["Quick Slash","Expertise"],"picked":"Prepared","floor":5.0},{"not_picked":["Prepared","Deflect"],"picked":"Dodge and Roll","floor":6.0},{"not_picked":["PiercingWail","Distraction"],"picked":"Sucker Punch","floor":10.0},{"not_picked":["Outmaneuver","Slice","Underhanded Strike"],"picked":"SKIP","floor":14.0},{"not_picked":["After Image+1","Malaise"],"picked":"Doppelganger","floor":16.0},{"not_picked":["Underhanded Strike","Choke+1","Acrobatics"],"picked":"SKIP","floor":18.0},{"not_picked":["Underhanded Strike","Slice","Dodge and Roll"],"picked":"SKIP","floor":19.0},{"not_picked":["Acrobatics","Blur"],"picked":"Bane+1","floor":24.0},{"not_picked":["Setup","Expertise"],"picked":"Deflect+1","floor":28.0},{"not_picked":["Escape Plan","Expertise+1"],"picked":"Sucker Punch+1","floor":30.0},{"not_picked":["Eviscerate","Blade Dance+1"],"picked":"Cloak And Dagger","floor":31.0},{"not_picked":["Doppelganger","Unload"],"picked":"Malaise","floor":33.0},{"not_picked":["Backflip","Quick Slash"],"picked":"Cloak And Dagger+1","floor":35.0},{"not_picked":["Poisoned Stab+1","Tactician"],"picked":"Concentrate+1","floor":39},{"not_picked":["Flying Knee+1","Predator+1"],"picked":"Dagger Throw+1","floor":41},{"not_picked":["Expertise+1","Accuracy+1"],"picked":"Deadly Poison","floor":44},{"not_picked":["Bane+1","Cloak And Dagger"],"picked":"Backflip","floor":45},{"not_picked":["Tactician+1","Sucker Punch+1","Dagger Throw"],"picked":"SKIP","floor":46}],"player_experience":354043,"relics_obtained":[{"floor":6.0,"key":"Happy Flower"},{"floor":9.0,"key":"MawBank"},{"floor":10.0,"key":"Mercury Hourglass"},{"floor":24.0,"key":"Matryoshka"},{"floor":26.0,"key":"Boot"},{"floor":26.0,"key":"Art of War"},{"floor":41,"key":"Juzu Bracelet"},{"floor":43,"key":"Strawberry"},{"floor":43,"key":"Vajra"},{"floor":44,"key":"The Courier"}],"event_choices":[{"damage_healed":0.0,"max_hp_gain":0.0,"max_hp_loss":0.0,"gold_gain":175.0,"event_name":"Liars Game","player_choice":"AGREE","floor":3.0,"gold_loss":0.0,"damage_taken":0.0,"cards_obtained":["Doubt"]},{"damage_healed":0.0,"max_hp_gain":0.0,"max_hp_loss":0.0,"gold_gain":75.0,"event_name":"FaceTrader","player_choice":"Touch","floor":4.0,"gold_loss":0.0,"damage_taken":7.0},{"damage_healed":23.0,"max_hp_gain":0.0,"max_hp_loss":0.0,"gold_gain":0.0,"event_name":"Big Fish","player_choice":"Banana","floor":11.0,"gold_loss":0.0,"damage_taken":0.0},{"damage_healed":0.0,"max_hp_gain":0.0,"max_hp_loss":0.0,"gold_gain":0.0,"cards_transformed":["Strike_G"],"event_name":"Living Wall","player_choice":"Change","floor":13.0,"gold_loss":0.0,"damage_taken":0.0,"cards_obtained":["Leg Sweep"]},{"damage_healed":0.0,"max_hp_gain":0.0,"max_hp_loss":0.0,"gold_gain":0.0,"event_name":"Vampires","player_choice":"Ignored","floor":20.0,"gold_loss":0.0,"damage_taken":0.0},{"damage_healed":0.0,"max_hp_gain":0.0,"max_hp_loss":0.0,"gold_gain":0.0,"event_name":"Addict","player_choice":"Obtained Relic","floor":21.0,"gold_loss":85.0,"damage_taken":0.0,"relics_obtained":["Smiling Mask"]},{"damage_healed":0.0,"max_hp_gain":0.0,"max_hp_loss":0.0,"gold_gain":0.0,"event_name":"Upgrade Shrine","player_choice":"Upgraded","floor":25.0,"gold_loss":0.0,"damage_taken":0.0,"cards_upgraded":["Dodge and Roll"]},{"damage_healed":0,"gold_gain":0,"player_choice":"Ignored","damage_taken":0,"max_hp_gain":0,"max_hp_loss":0,"event_name":"Mysterious Sphere","floor":36,"gold_loss":0},{"damage_healed":61,"gold_gain":0,"player_choice":"Heal","damage_taken":0,"max_hp_gain":0,"max_hp_loss":9,"event_name":"The Moai Head","floor":37,"gold_loss":0},{"damage_healed":0,"gold_gain":0,"player_choice":"Paid","damage_taken":0,"relics_obtained":["Red Mask"],"max_hp_gain":0,"max_hp_loss":0,"event_name":"Tomb of Lord Red Mask","floor":48,"gold_loss":132}],"is_beta":false,"boss_relics":[{"not_picked":["Ectoplasm","Calling Bell"],"picked":"Lizard Tail"},{"not_picked":["Fusion Hammer","WristBlade"],"picked":"Sozu"}],"items_purged_floors":[27],"is_endless":false,"potions_floor_spawned":[10,16,30,33,39,44],"killed_by":"Time Eater","ascension_level":7}