{"gold_per_floor":[112,130,149,149,149,190,214,214,296,337,337,63,77,77],"floor_reached":14,"playtime":539,"items_purged":["Pain"],"score":125,"play_id":"43cea4de-67e0-459f-8b33-1719b3538c53","local_time":"20190212020207","is_ascension_mode":true,"campfire_choices":[],"neow_cost":"NONE","seed_source_timestamp":24954892171299,"circlet_count":0,"master_deck":["Defend_G","Defend_G","Defend_G","Defend_G","Defend_G","Strike_G","Strike_G","Strike_G","Strike_G","Survivor","Neutralize","Crippling Poison","Backstab","Dagger Spray","PiercingWail","Backflip","Skewer","Escape Plan"],"special_seed":0,"relics":["Ring of the Snake","NeowsBlessing","Golden Idol","Pocketwatch","Mercury Hourglass","Bronze Scales","WarpedTongs","Membership Card"],"potions_floor_usage":[13,13,13],"damage_taken":[{"damage":0.0,"enemies":"Small Slimes","floor":1.0,"turns":1.0},{"damage":0.0,"enemies":"Jaw Worm","floor":2.0,"turns":1.0},{"damage":0.0,"enemies":"Cultist","floor":3.0,"turns":1.0},{"damage":28.0,"enemies":"3 Sentries","floor":6.0,"turns":10.0},{"damage":0.0,"enemies":"Lots of Slimes","floor":7.0,"turns":2.0},{"damage":14,"enemies":"Gremlin Nob","floor":10,"turns":4},{"damage":3,"enemies":"Large Slime","floor":13,"turns":4},{"damage":2,"enemies":"2 Fungi Beasts","floor":14,"turns":1}],"seed_played":"5971459022222434663","potions_obtained":[{"floor":1.0,"key":"Weak Potion"},{"floor":3.0,"key":"SneckoOil"},{"floor":6.0,"key":"Block Potion"},{"floor":13,"key":"GamblersBrew"}],"is_trial":false,"path_per_floor":["M","M","M","?","?","E","M","?","T","E","?","$","M","M"],"character_chosen":"THE_SILENT","items_purchased":["Membership Card"],"campfire_rested":0,"item_purchase_floors":[12],"current_hp_per_floor":[70,70,70,53,46,18,18,18,18,4,4,4,1,0],"gold":77,"neow_bonus":"THREE_ENEMY_KILL","is_prod":false,"is_daily":false,"chose_seed":false,"campfire_upgraded":0,"win_rate":0,"timestamp":1549904527,"path_taken":["M","M","M","?","?","E","M","?","T","E","?","$","?","?"],"build_version":"2019-01-23","purchased_purges":1,"victory":false,"max_hp_per_floor":[70,70,70,70,70,70,70,70,70,70,70,70,70,70],"card_choices":[{"not_picked":["Setup","Flying Knee"],"picked":"Crippling Poison","floor":1.0},{"not_picked":["Tactician","Blade Dance"],"picked":"Backstab","floor":2.0},{"not_picked":["Concentrate","Backflip"],"picked":"Dagger Spray","floor":3.0},{"not_picked":["Concentrate","A Thousand Cuts"],"picked":"PiercingWail","floor":6.0},{"not_picked":["Slice","Infinite Blades"],"picked":"Backflip","floor":7.0},{"not_picked":["Heel Hook","PiercingWail"],"picked":"Skewer","floor":10},{"not_picked":["Crippling Poison","Reflex"],"picked":"Escape Plan","floor":13}],"player_experience":316711,"relics_obtained":[{"floor":6.0,"key":"Pocketwatch"},{"floor":9,"key":"Mercury Hourglass"},{"floor":10,"key":"Bronze Scales"}],"event_choices":[{"damage_healed":0.0,"max_hp_gain":0.0,"max_hp_loss":0.0,"gold_gain":0.0,"event_name":"Golden Idol","player_choice":"Take Damage","floor":4.0,"gold_loss":0.0,"damage_taken":17.0,"relics_obtained":["Golden Idol"]},{"cards_removed":["Strike_G"],"damage_healed":0.0,"max_hp_gain":0.0,"max_hp_loss":0.0,"gold_gain":0.0,"event_name":"Golden Wing","player_choice":"Card Removal","floor":5.0,"gold_loss":0.0,"damage_taken":7.0},{"damage_healed":0,"gold_gain":0,"player_choice":"Searched \u00271\u0027 times","damage_taken":0,"max_hp_gain":0,"max_hp_loss":0,"event_name":"Dead Adventurer","floor":8,"gold_loss":0},{"damage_healed":0,"gold_gain":0,"player_choice":"Rummage","damage_taken":0,"relics_obtained":["WarpedTongs"],"max_hp_gain":0,"max_hp_loss":0,"event_name":"Accursed Blacksmith","floor":11,"gold_loss":0,"cards_obtained":["Pain"]}],"is_beta":false,"boss_relics":[],"items_purged_floors":[12],"is_endless":false,"potions_floor_spawned":[1,3,6,13],"killed_by":"2 Fungi Beasts","ascension_level":5}