{"gold_per_floor":[117,132,142,142,142,180,155,155,178,128,128,148,148,173,173,173],"floor_reached":16,"playtime":1108,"items_purged":[],"score":100,"play_id":"f1ba879d-6188-4fd2-a75a-d8919da47fd9","local_time":"20190125205220","is_ascension_mode":false,"campfire_choices":[{"floor":8,"key":"REST"},{"data":"Sucker Punch","floor":13,"key":"SMITH"},{"floor":15,"key":"REST"}],"neow_cost":"NONE","seed_source_timestamp":4900535840910,"circlet_count":0,"master_deck":["Defend_G","Defend_G","Defend_G","Defend_G","Strike_G","Strike_G","Strike_G","Strike_G","Survivor","Neutralize","Madness","Riddle With Holes","Quick Slash","Dagger Throw","Eviscerate","Dodge and Roll","PiercingWail","Sucker Punch+1","Dagger Throw"],"relics":["Ring of the Snake","Golden Idol","Smiling Mask","Bag of Preparation","NlothsMask"],"potions_floor_usage":[6,6],"damage_taken":[{"damage":0,"enemies":"2 Louse","floor":1,"turns":4},{"damage":2,"enemies":"Small Slimes","floor":2,"turns":4},{"damage":0,"enemies":"Cultist","floor":3,"turns":3},{"damage":21,"enemies":"Gremlin Nob","floor":6,"turns":4},{"damage":6,"enemies":"Exordium Wildlife","floor":12,"turns":4},{"damage":8,"enemies":"Lots of Slimes","floor":14,"turns":6},{"damage":61,"enemies":"Slime Boss","floor":16,"turns":11}],"seed_played":"-903440337365959791","potions_obtained":[{"floor":1,"key":"AttackPotion"},{"floor":3,"key":"Poison Potion"}],"is_trial":false,"path_per_floor":["M","M","M","?","?","E","$","R","T","?","?","M","R","M","R","B"],"character_chosen":"THE_SILENT","items_purchased":["PiercingWail"],"campfire_rested":2,"item_purchase_floors":[7],"current_hp_per_floor":[70,68,68,68,51,30,30,51,51,51,51,45,45,37,58,0],"gold":173,"neow_bonus":"RANDOM_COLORLESS","is_prod":false,"is_daily":false,"chose_seed":false,"campfire_upgraded":1,"win_rate":0.0,"timestamp":1548417140,"path_taken":["M","M","M","?","?","E","$","R","T","?","?","M","R","M","R","BOSS"],"build_version":"2019-01-23","purchased_purges":0,"victory":false,"max_hp_per_floor":[70,70,70,70,70,70,70,70,70,70,70,70,70,70,70,70],"card_choices":[{"not_picked":["Eviscerate","Dash"],"picked":"Riddle With Holes","floor":1},{"not_picked":["Underhanded Strike","Bane"],"picked":"Quick Slash","floor":2},{"not_picked":["Underhanded Strike","Bane"],"picked":"Dagger Throw","floor":3},{"not_picked":["Sucker Punch","Predator"],"picked":"Dodge and Roll","floor":6},{"not_picked":["Distraction","Doppelganger"],"picked":"Sucker Punch","floor":12},{"not_picked":["Slice","Crippling Poison"],"picked":"Dagger Throw","floor":14}],"player_experience":48192,"relics_obtained":[{"floor":6,"key":"Smiling Mask"},{"floor":9,"key":"Bag of Preparation"}],"event_choices":[{"damage_healed":0,"gold_gain":0,"cards_transformed":["Strike_G"],"player_choice":"Change","damage_taken":0,"max_hp_gain":0,"max_hp_loss":0,"event_name":"Living Wall","floor":4,"gold_loss":0,"cards_obtained":["Eviscerate"]},{"damage_healed":0,"gold_gain":0,"player_choice":"Take Damage","damage_taken":17,"relics_obtained":["Golden Idol"],"max_hp_gain":0,"max_hp_loss":0,"event_name":"Golden Idol","floor":5,"gold_loss":0},{"cards_removed":["Defend_G"],"damage_healed":0,"gold_gain":0,"player_choice":"Card Removal","damage_taken":0,"max_hp_gain":0,"max_hp_loss":0,"event_name":"The Cleric","floor":10,"gold_loss":50},{"damage_healed":0,"gold_gain":0,"player_choice":"Trade","damage_taken":0,"relics_obtained":["NlothsMask"],"max_hp_gain":0,"max_hp_loss":0,"event_name":"FaceTrader","floor":11,"gold_loss":0}],"is_beta":false,"boss_relics":[],"items_purged_floors":[],"is_endless":false,"potions_floor_spawned":[1,3],"killed_by":"Slime Boss","ascension_level":0}