{"gold_per_floor":[116,21,37,37,37,37,75,75,75,114,135,175,211,211],"floor_reached":14,"playtime":514,"items_purged":[],"score":164,"play_id":"2b1180a0-e765-4146-8ae0-5ff9958bb775","local_time":"20190212014237","is_ascension_mode":true,"campfire_choices":[{"data":"Neutralize","floor":6.0,"key":"SMITH"},{"data":"Heel Hook","floor":8,"key":"SMITH"}],"neow_cost":"NONE","seed_source_timestamp":23875733313791,"circlet_count":0,"master_deck":["Defend_G","Defend_G","Defend_G","Defend_G","Defend_G","Strike_G","Strike_G","Strike_G","Strike_G","Strike_G+1","Survivor","Neutralize+1","Heel Hook+1","Bandage Up","Dagger Spray+1","Backflip","Deflect","Cloak And Dagger"],"special_seed":0,"relics":["Ring of the Snake","NeowsBlessing","Golden Idol","Centennial Puzzle","Bottled Flame","Whetstone","Ginger","Odd Mushroom"],"potions_floor_usage":[10,14],"damage_taken":[{"damage":0.0,"enemies":"Cultist","floor":1.0,"turns":1.0},{"damage":0.0,"enemies":"2 Louse","floor":3.0,"turns":1.0},{"damage":0.0,"enemies":"Gremlin Nob","floor":7.0,"turns":1.0},{"damage":19,"enemies":"Lagavulin","floor":10,"turns":5},{"damage":0,"enemies":"Small Slimes","floor":11,"turns":2},{"damage":22,"enemies":"3 Sentries","floor":12,"turns":8},{"damage":18,"enemies":"The Mushroom Lair","floor":13,"turns":3},{"damage":14,"enemies":"Lagavulin","floor":14,"turns":5}],"seed_played":"-1194337282008814087","potions_obtained":[{"floor":1.0,"key":"FearPotion"},{"floor":11,"key":"SkillPotion"},{"floor":13,"key":"Ancient Potion"}],"is_trial":false,"path_per_floor":["M","$","M","$","?","R","E","R","T","E","M","E","?","E"],"character_chosen":"THE_SILENT","items_purchased":["Bandage Up"],"campfire_rested":0,"item_purchase_floors":[2],"current_hp_per_floor":[70,70,70,70,53,53,53,53,53,38,42,24,10,0],"gold":211,"neow_bonus":"THREE_ENEMY_KILL","is_prod":false,"is_daily":false,"chose_seed":false,"campfire_upgraded":2,"win_rate":0,"timestamp":1549903357,"path_taken":["M","$","?","$","?","R","E","R","T","E","M","E","?","E"],"build_version":"2019-01-23","purchased_purges":0,"victory":false,"max_hp_per_floor":[70,70,70,70,70,70,70,70,70,70,70,70,70,70],"card_choices":[{"not_picked":["Caltrops","Prepared"],"picked":"Heel Hook","floor":1.0},{"not_picked":["Sucker Punch","Blade Dance"],"picked":"Dagger Spray","floor":3.0},{"not_picked":["Slice","Cloak And Dagger"],"picked":"Backflip","floor":7},{"not_picked":["Footwork","Dagger Spray","Slice"],"picked":"SKIP","floor":10},{"not_picked":["Reflex","Prepared"],"picked":"Deflect","floor":11},{"not_picked":["Expertise","Deadly Poison"],"picked":"Cloak And Dagger","floor":12}],"player_experience":315669,"relics_obtained":[{"floor":7,"key":"Centennial Puzzle"},{"floor":9,"key":"Bottled Flame"},{"floor":10,"key":"Whetstone"},{"floor":12,"key":"Ginger"},{"floor":13,"key":"Odd Mushroom"}],"event_choices":[{"damage_healed":0.0,"max_hp_gain":0.0,"max_hp_loss":0.0,"gold_gain":0.0,"event_name":"Golden Idol","player_choice":"Take Damage","floor":5.0,"gold_loss":0.0,"damage_taken":17.0,"relics_obtained":["Golden Idol"]},{"damage_healed":0,"gold_gain":0,"player_choice":"Fought Mushrooms","damage_taken":0,"max_hp_gain":0,"max_hp_loss":0,"event_name":"Mushrooms","floor":13,"gold_loss":0}],"is_beta":false,"boss_relics":[],"items_purged_floors":[],"is_endless":false,"potions_floor_spawned":[1,11,13],"killed_by":"Lagavulin","ascension_level":5}