{"gold_per_floor":[113,131,81,4,19,19,39,39,119,119,119,136,170,188,188,293,293,309,326,56,74,74,106,118,118,172,197,197,215,215,314,314,314],"floor_reached":33,"playtime":2463,"items_purged":[],"score":437,"play_id":"d564710d-d96a-430a-afd2-2c99f8ef02ef","local_time":"20190219002353","is_ascension_mode":true,"campfire_choices":[{"data":"Poisoned Stab","floor":6.0,"key":"SMITH"},{"data":"Cloak And Dagger","floor":8.0,"key":"SMITH"},{"floor":10.0,"key":"REST"},{"data":"Backflip","floor":15.0,"key":"SMITH"},{"floor":25.0,"key":"REST"},{"data":"Leg Sweep","floor":28.0,"key":"SMITH"},{"data":"Concentrate","floor":30.0,"key":"SMITH"},{"floor":32.0,"key":"REST"}],"neow_cost":"NONE","seed_source_timestamp":8791937563740,"circlet_count":0,"master_deck":["Survivor","Neutralize+1","Backflip+1","Cloak And Dagger+1","Poisoned Stab+1","Quick Slash","All Out Attack","Flying Knee","Predator","Crippling Poison","Die Die Die","Deflect","Masterful Stab","Poisoned Stab","Backflip","Finisher","PiercingWail","Concentrate+1","Predator+1","Bouncing Flask","Leg Sweep+1","Dash"],"special_seed":0,"relics":["Ring of the Snake","Singing Bowl","Orichalcum","Pandora\u0027s Box","TwistedFunnel","Bag of Preparation","Boot","PreservedInsect"],"potions_floor_usage":[33,33,33],"damage_taken":[{"damage":2.0,"enemies":"Small Slimes","floor":1.0,"turns":6.0},{"damage":15.0,"enemies":"Jaw Worm","floor":2.0,"turns":7.0},{"damage":0.0,"enemies":"Cultist","floor":5.0,"turns":5.0},{"damage":19.0,"enemies":"Exordium Wildlife","floor":7.0,"turns":4.0},{"damage":2.0,"enemies":"Looter","floor":12.0,"turns":3.0},{"damage":0.0,"enemies":"3 Sentries","floor":13.0,"turns":2.0},{"damage":4.0,"enemies":"Large Slime","floor":14.0,"turns":6.0},{"damage":23.0,"enemies":"Hexaghost","floor":16.0,"turns":11.0},{"damage":1.0,"enemies":"2 Thieves","floor":18.0,"turns":4.0},{"damage":3.0,"enemies":"Chosen","floor":19.0,"turns":4.0},{"damage":14.0,"enemies":"Snecko","floor":21.0,"turns":4.0},{"damage":19.0,"enemies":"Book of Stabbing","floor":23.0,"turns":5.0},{"damage":2.0,"enemies":"Sentry and Sphere","floor":24.0,"turns":3.0},{"damage":6.0,"enemies":"Slavers","floor":27.0,"turns":6.0},{"damage":4.0,"enemies":"Cultist and Chosen","floor":29.0,"turns":5.0},{"damage":82,"enemies":"Champ","floor":33,"turns":12}],"seed_played":"2505951941229866531","potions_obtained":[{"floor":1.0,"key":"Regen Potion"},{"floor":2.0,"key":"Fire Potion"},{"floor":12.0,"key":"Fire Potion"},{"floor":16.0,"key":"Strength Potion"},{"floor":18.0,"key":"EssenceOfSteel"},{"floor":23.0,"key":"Poison Potion"},{"floor":24.0,"key":"Fire Potion"}],"is_trial":false,"path_per_floor":["M","M","?","$","M","R","M","R","T","R","?","M","E","M","R","B",null,"M","M","$","M","?","E","M","R","T","E","R","M","R","?","R","B"],"character_chosen":"THE_SILENT","items_purchased":["Cloak And Dagger","Poisoned Stab","TwistedFunnel","Bouncing Flask"],"campfire_rested":3,"item_purchase_floors":[4,4,20,20],"current_hp_per_floor":[61,46,46,46,46,46,27,27,27,48,48,46,46,42,42,34,61,60,59,59,47,47,30,30,53,53,49,49,47,47,47,71,0],"gold":314,"neow_bonus":"UPGRADE_CARD","is_prod":false,"is_daily":false,"chose_seed":false,"campfire_upgraded":5,"win_rate":0,"timestamp":1550503433,"path_taken":["M","M","?","$","M","R","M","R","T","R","?","M","E","?","R","BOSS","M","M","$","M","?","E","M","R","T","E","R","M","R","?","R","BOSS"],"build_version":"2019-01-23","purchased_purges":0,"victory":false,"max_hp_per_floor":[70,70,70,70,70,70,70,70,70,70,70,70,70,70,70,70,70,70,72,72,74,74,76,78,78,78,80,80,82,82,82,82,82],"card_choices":[{"not_picked":["Predator","Quick Slash"],"picked":"Distraction","floor":1.0},{"not_picked":["Slice","Deflect"],"picked":"Backflip","floor":2.0},{"not_picked":["Masterful Stab","Calculated Gamble"],"picked":"Quick Slash","floor":5.0},{"not_picked":["Cloak And Dagger","Flechettes"],"picked":"All Out Attack","floor":7.0},{"not_picked":["Dagger Spray","Eviscerate"],"picked":"Flying Knee","floor":12.0},{"not_picked":["Setup","Dagger Spray"],"picked":"Predator","floor":13.0},{"not_picked":["Finisher","Noxious Fumes"],"picked":"Crippling Poison","floor":14.0},{"not_picked":["Doppelganger","Bullet Time"],"picked":"Die Die Die","floor":16.0},{"not_picked":["Finisher+1","Footwork"],"picked":"Predator+1","floor":18.0},{"not_picked":["Skewer","Dodge and Roll","Outmaneuver"],"picked":"Singing Bowl","floor":19.0},{"not_picked":["Distraction+1","Dagger Throw","Blade Dance"],"picked":"Singing Bowl","floor":21.0},{"not_picked":["Flechettes","Deadly Poison","Footwork+1"],"picked":"Singing Bowl","floor":23.0},{"not_picked":["Blade Dance+1","Dodge and Roll","Slice+1"],"picked":"Singing Bowl","floor":24.0},{"not_picked":["Accuracy","Acrobatics+1","Slice"],"picked":"Singing Bowl","floor":27.0},{"not_picked":["Poisoned Stab","Skewer","Concentrate"],"picked":"Singing Bowl","floor":29.0}],"player_experience":364377,"relics_obtained":[{"floor":9.0,"key":"Singing Bowl"},{"floor":13.0,"key":"Orichalcum"},{"floor":23.0,"key":"Bag of Preparation"},{"floor":26.0,"key":"Boot"},{"floor":27.0,"key":"PreservedInsect"}],"event_choices":[{"cards_removed":["Strike_G"],"damage_healed":0.0,"max_hp_gain":0.0,"max_hp_loss":0.0,"gold_gain":0.0,"event_name":"The Cleric","player_choice":"Card Removal","floor":3.0,"gold_loss":50.0,"damage_taken":0.0},{"cards_removed":["Strike_G"],"damage_healed":0.0,"max_hp_gain":0.0,"max_hp_loss":0.0,"gold_gain":0.0,"event_name":"Wheel of Change","player_choice":"Card Removal","floor":11.0,"gold_loss":0.0,"damage_taken":0.0},{"damage_healed":0.0,"max_hp_gain":0.0,"max_hp_loss":0.0,"gold_gain":0.0,"cards_transformed":["Concentrate","Distraction"],"event_name":"Drug Dealer","player_choice":"Became Test Subject","floor":22.0,"gold_loss":0.0,"damage_taken":0.0,"cards_obtained":["Leg Sweep","Dash"]},{"damage_healed":0.0,"max_hp_gain":0.0,"max_hp_loss":0.0,"gold_gain":99.0,"event_name":"Nest","player_choice":"Stole From Cult","floor":31.0,"gold_loss":0.0,"damage_taken":0.0}],"is_beta":false,"boss_relics":[{"not_picked":["Busted Crown","Black Star"],"picked":"Pandora\u0027s Box"}],"items_purged_floors":[],"is_endless":false,"potions_floor_spawned":[1,2,12,13,16,18,23,24,29],"killed_by":"Champ","ascension_level":8}