{"gold_per_floor":[109,121,136,147,163,163,190,190,190,209,235,55,73,148,148,251,251,269,284,302,82,100,100,130,150,176,102,102,112,112],"floor_reached":30,"playtime":1366,"items_purged":["Strike_G"],"score":364,"play_id":"72985841-5680-4b4f-8563-b362a458debd","local_time":"20190213014510","is_ascension_mode":true,"campfire_choices":[{"data":"Bouncing Flask","floor":6.0,"key":"SMITH"},{"data":"Skewer","floor":8.0,"key":"SMITH"},{"floor":15.0,"key":"REST"},{"floor":23.0,"key":"REST"}],"neow_cost":"NONE","seed_source_timestamp":19822377403493,"circlet_count":0,"master_deck":["Defend_G","Defend_G","Defend_G","Strike_G","Survivor","Neutralize","Dagger Spray","Setup","Bouncing Flask+1","Dodge and Roll","Skewer+1","Catalyst","Clumsy","Deadly Poison","Apotheosis","Deadly Poison","Corpse Explosion","Noxious Fumes+1","Poisoned Stab+1","Storm of Steel+1","Poisoned Stab+1","Bane","Blur","Acrobatics+1","Noxious Fumes+1","Clumsy","Bouncing Flask","Acrobatics","Flying Knee","Catalyst"],"special_seed":0,"relics":["Cursed Key","Ancient Tea Set","Paper Crane","Mercury Hourglass","Astrolabe","Snake Skull","Bottled Tornado","Centennial Puzzle"],"potions_floor_usage":[30,30],"damage_taken":[{"damage":0.0,"enemies":"2 Louse","floor":1.0,"turns":2.0},{"damage":4.0,"enemies":"Small Slimes","floor":2.0,"turns":3.0},{"damage":0.0,"enemies":"Cultist","floor":3.0,"turns":4.0},{"damage":4.0,"enemies":"Exordium Thugs","floor":4.0,"turns":5.0},{"damage":15.0,"enemies":"Looter","floor":5.0,"turns":3.0},{"damage":11.0,"enemies":"Lagavulin","floor":7.0,"turns":5.0},{"damage":6.0,"enemies":"Exordium Wildlife","floor":10.0,"turns":2.0},{"damage":15.0,"enemies":"3 Sentries","floor":11.0,"turns":5.0},{"damage":0.0,"enemies":"3 Louse","floor":13.0,"turns":3.0},{"damage":13.0,"enemies":"Hexaghost","floor":16.0,"turns":6.0},{"damage":7.0,"enemies":"Shell Parasite","floor":18.0,"turns":4.0},{"damage":0.0,"enemies":"Spheric Guardian","floor":19.0,"turns":2.0},{"damage":20.0,"enemies":"Snake Plant","floor":20.0,"turns":3.0},{"damage":18.0,"enemies":"Snecko","floor":22.0,"turns":5.0},{"damage":8.0,"enemies":"Book of Stabbing","floor":24.0,"turns":4.0},{"damage":10.0,"enemies":"3 Cultists","floor":25.0,"turns":4.0},{"damage":0.0,"enemies":"Centurion and Healer","floor":29.0,"turns":4.0},{"damage":18,"enemies":"Slavers","floor":30,"turns":1}],"seed_played":"-5085613789615244934","potions_obtained":[{"floor":1.0,"key":"Fire Potion"},{"floor":3.0,"key":"SkillPotion"},{"floor":5.0,"key":"Poison Potion"},{"floor":7.0,"key":"Energy Potion"},{"floor":11.0,"key":"LiquidBronze"},{"floor":18.0,"key":"Strength Potion"},{"floor":20.0,"key":"Weak Potion"},{"floor":25.0,"key":"Energy Potion"},{"floor":29.0,"key":"GamblersBrew"}],"is_trial":false,"path_per_floor":["M","M","M","M","M","R","E","R","T","M","E","$","M","?","R","B",null,"M","M","M","$","M","R","E","M","T","$","?","M","E"],"character_chosen":"THE_SILENT","items_purchased":["Apotheosis","Snake Skull","Bouncing Flask"],"campfire_rested":2,"item_purchase_floors":[12,21,27],"current_hp_per_floor":[70,66,66,62,47,47,36,36,36,30,15,15,15,4,25,12,56,49,49,29,29,11,32,24,14,14,14,14,14,0],"gold":112,"neow_bonus":"BOSS_RELIC","is_prod":false,"is_daily":false,"chose_seed":false,"campfire_upgraded":2,"win_rate":0,"timestamp":1549989910,"path_taken":["M","M","M","M","M","R","E","R","T","M","E","$","M","?","R","BOSS","M","M","M","$","M","R","E","M","T","$","?","M","E"],"build_version":"2019-01-23","purchased_purges":1,"victory":false,"max_hp_per_floor":[70,70,70,70,70,70,70,70,70,70,70,70,70,70,70,70,70,70,70,70,70,70,70,70,70,70,70,70,70,70],"card_choices":[{"not_picked":["Leg Sweep","Prepared"],"picked":"Dagger Spray","floor":1.0},{"not_picked":["Blade Dance","Infinite Blades"],"picked":"Setup","floor":2.0},{"not_picked":["Dagger Throw","Deflect"],"picked":"Bouncing Flask","floor":3.0},{"not_picked":["Poisoned Stab","Choke"],"picked":"Dodge and Roll","floor":4.0},{"not_picked":["Sucker Punch","Riddle With Holes"],"picked":"Skewer","floor":5.0},{"not_picked":["Grand Finale","Deadly Poison"],"picked":"Catalyst","floor":7.0},{"not_picked":["Expertise","Dagger Throw"],"picked":"Deadly Poison","floor":10.0},{"not_picked":["PiercingWail","Backstab","Underhanded Strike"],"picked":"SKIP","floor":11.0},{"not_picked":["Finisher","Masterful Stab"],"picked":"Deadly Poison","floor":13.0},{"not_picked":["Bullet Time","Envenom"],"picked":"Corpse Explosion","floor":16.0},{"not_picked":["Escape Plan","Noxious Fumes"],"picked":"Poisoned Stab+1","floor":18.0},{"not_picked":["Prepared","Concentrate+1"],"picked":"Bane","floor":19.0},{"not_picked":["Well Laid Plans","Crippling Poison"],"picked":"Blur","floor":20.0},{"not_picked":["Expertise","Accuracy+1"],"picked":"Acrobatics+1","floor":22.0},{"not_picked":["Dodge and Roll","Calculated Gamble"],"picked":"Noxious Fumes+1","floor":24.0},{"not_picked":["Caltrops","Acrobatics","A Thousand Cuts"],"picked":"SKIP","floor":25.0},{"not_picked":["Endless Agony","Acrobatics"],"picked":"Catalyst","floor":29.0}],"player_experience":322090,"relics_obtained":[{"floor":7.0,"key":"Ancient Tea Set"},{"floor":9.0,"key":"Paper Crane"},{"floor":11.0,"key":"Mercury Hourglass"},{"floor":24.0,"key":"Bottled Tornado"},{"floor":26.0,"key":"Centennial Puzzle"}],"event_choices":[{"damage_healed":0.0,"max_hp_gain":0.0,"max_hp_loss":0.0,"gold_gain":75.0,"event_name":"World of Goop","player_choice":"Gather Gold","floor":14.0,"gold_loss":0.0,"damage_taken":11.0},{"damage_healed":0.0,"max_hp_gain":0.0,"max_hp_loss":0.0,"gold_gain":0.0,"cards_transformed":["Strike_G","Defend_G"],"event_name":"Drug Dealer","player_choice":"Became Test Subject","floor":28.0,"gold_loss":0.0,"damage_taken":0.0,"cards_obtained":["Acrobatics","Flying Knee"]}],"is_beta":false,"boss_relics":[{"not_picked":["White Beast Statue","Snecko Eye"],"picked":"Astrolabe"}],"items_purged_floors":[21],"is_endless":false,"potions_floor_spawned":[1,3,5,7,11,18,20,25,29],"killed_by":"Slavers","ascension_level":5}