{"gold_per_floor":[119,133,133,133,133,165,176,195,195,207,217,255,274,303,303,401,401,420,61,73,88,88,88],"floor_reached":23,"playtime":1395,"items_purged":[],"score":360,"play_id":"88535941-b760-48a7-9c5a-3521192ca03c","local_time":"20190224230126","is_ascension_mode":true,"campfire_choices":[{"floor":15,"key":"REST"}],"neow_cost":"NONE","seed_source_timestamp":48978011584538,"circlet_count":0,"master_deck":["AscendersBane","Survivor","Neutralize","Flechettes","Neutralize","Setup","Jack Of All Trades","Poisoned Stab","Malaise","Endless Agony","Dagger Throw","Bullet Time","Backstab","Dodge and Roll","Backflip","Unload","Doppelganger","Infinite Blades","Dash","Masterful Stab","Crippling Poison","Caltrops","Infinite Blades","Accuracy","Endless Agony","Acrobatics","Backflip","Well Laid Plans","Dodge and Roll+1","Crippling Poison"],"special_seed":0,"relics":["Ring of the Snake","NeowsBlessing","Vajra","Ginger","Bag of Preparation","Bag of Marbles","Juzu Bracelet","Pandora\u0027s Box","Nunchaku"],"potions_floor_usage":[14,16,23],"damage_taken":[{"damage":0.0,"enemies":"Jaw Worm","floor":1.0,"turns":1.0},{"damage":0.0,"enemies":"Small Slimes","floor":2.0,"turns":1.0},{"damage":0.0,"enemies":"Gremlin Nob","floor":6.0,"turns":1.0},{"damage":0.0,"enemies":"Cultist","floor":7.0,"turns":2.0},{"damage":9.0,"enemies":"Exordium Thugs","floor":8.0,"turns":4.0},{"damage":7.0,"enemies":"3 Louse","floor":10.0,"turns":3.0},{"damage":0.0,"enemies":"Exordium Wildlife","floor":11.0,"turns":2.0},{"damage":0.0,"enemies":"Gremlin Gang","floor":12.0,"turns":2.0},{"damage":0.0,"enemies":"Red Slaver","floor":13.0,"turns":1.0},{"damage":17,"enemies":"Lagavulin","floor":14,"turns":4},{"damage":26,"enemies":"Hexaghost","floor":16,"turns":11},{"damage":0,"enemies":"3 Byrds","floor":18,"turns":2},{"damage":6,"enemies":"Spheric Guardian","floor":20,"turns":3},{"damage":16,"enemies":"3 Cultists","floor":21,"turns":5},{"damage":38,"enemies":"Slavers","floor":23,"turns":4}],"seed_played":"-4654996971031208078","potions_obtained":[{"floor":1.0,"key":"PowerPotion"},{"floor":7.0,"key":"SteroidPotion"},{"floor":16,"key":"Swift Potion"}],"is_trial":false,"path_per_floor":["M","M","?","T","?","E","M","M","T","M","M","M","M","E","R","B",null,"M","$","M","M","?","E"],"character_chosen":"THE_SILENT","items_purchased":["Nunchaku","Well Laid Plans"],"campfire_rested":1,"item_purchase_floors":[19,19],"current_hp_per_floor":[63,63,51,51,51,51,51,42,42,35,35,35,35,18,39,13,56,56,56,50,34,34,0],"gold":88,"neow_bonus":"THREE_ENEMY_KILL","is_prod":false,"is_daily":false,"chose_seed":false,"campfire_upgraded":0,"win_rate":0,"timestamp":1551016886,"path_taken":["M","M","?","?","?","E","M","M","T","M","M","M","M","E","R","BOSS","M","$","M","M","?","E"],"build_version":"2019-01-23","purchased_purges":0,"victory":false,"max_hp_per_floor":[70,70,70,70,70,70,70,70,70,70,70,70,70,70,70,70,70,70,70,70,70,70,70],"card_choices":[{"not_picked":["Deflect","PiercingWail"],"picked":"Flechettes","floor":1.0},{"not_picked":["Deflect","Slice","Reflex"],"picked":"SKIP","floor":2.0},{"not_picked":["PiercingWail","Backflip"],"picked":"Endless Agony","floor":6.0},{"not_picked":["Prepared","Sucker Punch"],"picked":"Dagger Throw","floor":7.0},{"not_picked":["Dagger Throw","PiercingWail"],"picked":"Bullet Time","floor":8.0},{"not_picked":["Crippling Poison","Poisoned Stab"],"picked":"Backstab","floor":10.0},{"not_picked":["Quick Slash","Deadly Poison"],"picked":"Dodge and Roll","floor":11.0},{"not_picked":["Bane","Quick Slash"],"picked":"Backflip","floor":12.0},{"not_picked":["Bane","Setup","Cloak And Dagger"],"picked":"SKIP","floor":13.0},{"not_picked":["Reflex","Quick Slash"],"picked":"Unload","floor":14},{"not_picked":["Storm of Steel","Glass Knife"],"picked":"Doppelganger","floor":16},{"not_picked":["Flying Knee","Flechettes","Outmaneuver"],"picked":"SKIP","floor":18},{"not_picked":["Backflip","Dagger Spray+1","Quick Slash+1"],"picked":"SKIP","floor":20},{"not_picked":["Deadly Poison","Slice+1"],"picked":"Dodge and Roll+1","floor":21}],"player_experience":407089,"relics_obtained":[{"floor":4.0,"key":"Ginger"},{"floor":6.0,"key":"Bag of Preparation"},{"floor":9.0,"key":"Bag of Marbles"},{"floor":14,"key":"Juzu Bracelet"}],"event_choices":[{"damage_healed":0.0,"max_hp_gain":0.0,"max_hp_loss":0.0,"gold_gain":0.0,"event_name":"Scrap Ooze","player_choice":"Success","floor":3.0,"gold_loss":0.0,"damage_taken":12.0,"relics_obtained":["Vajra"]},{"damage_healed":0.0,"max_hp_gain":0.0,"max_hp_loss":0.0,"gold_gain":0.0,"event_name":"Match and Keep!","player_choice":"5 cards matched","floor":5.0,"gold_loss":0.0,"damage_taken":0.0,"cards_obtained":["Neutralize","Setup","Jack Of All Trades","Poisoned Stab","Malaise"]},{"damage_healed":0,"gold_gain":0,"player_choice":"Copied","damage_taken":0,"max_hp_gain":0,"max_hp_loss":0,"event_name":"Duplicator","floor":22,"gold_loss":0,"cards_obtained":["Crippling Poison"]}],"is_beta":false,"boss_relics":[{"not_picked":["Ectoplasm","Eternal Feather"],"picked":"Pandora\u0027s Box"}],"items_purged_floors":[],"is_endless":false,"potions_floor_spawned":[1,7,11,16],"killed_by":"Slavers","ascension_level":11}