{"gold_per_floor":[119,134,134,134,134,162,162,230,230,241,270,11,21,46,46,46],"floor_reached":16,"playtime":1328,"items_purged":[],"score":200,"play_id":"b9f675d2-adf7-4c20-9973-6207b0e11af0","local_time":"20190219010542","is_ascension_mode":true,"campfire_choices":[{"floor":7,"key":"REST"},{"data":"Corpse Explosion","floor":15,"key":"SMITH"}],"neow_cost":"NONE","seed_source_timestamp":12863625150822,"circlet_count":0,"master_deck":["Defend_G","Defend_G+1","Defend_G","Defend_G","Defend_G+1","Strike_G","Strike_G","Strike_G","Strike_G","Survivor+1","Neutralize+1","Backflip","Predator","Bullet Time","Poisoned Stab","Adrenaline","Noxious Fumes","Bane","Leg Sweep","Corpse Explosion+1"],"relics":["Ring of the Snake","NeowsBlessing","Dodecahedron","War Paint","Mummified Hand","Omamori","Boot"],"potions_floor_usage":[],"damage_taken":[{"damage":0,"enemies":"Small Slimes","floor":1,"turns":1},{"damage":0,"enemies":"2 Louse","floor":2,"turns":1},{"damage":0,"enemies":"Gremlin Nob","floor":6,"turns":1},{"damage":2,"enemies":"Jaw Worm","floor":10,"turns":5},{"damage":7,"enemies":"Lagavulin","floor":11,"turns":10},{"damage":0,"enemies":"Large Slime","floor":13,"turns":6},{"damage":2,"enemies":"Gremlin Nob","floor":14,"turns":4},{"damage":50,"enemies":"Slime Boss","floor":16,"turns":8}],"seed_played":"3483647270441483729","potions_obtained":[{"floor":6,"key":"Dexterity Potion"},{"floor":11,"key":"Explosive Potion"},{"floor":14,"key":"Explosive Potion"}],"is_trial":false,"path_per_floor":["M","M","?","?","?","E","R","?","T","M","E","$","M","E","R","B"],"character_chosen":"THE_SILENT","items_purchased":["Adrenaline","Noxious Fumes","Bane"],"campfire_rested":1,"item_purchase_floors":[12,12,12],"current_hp_per_floor":[63,63,49,49,37,37,58,58,58,56,49,49,49,47,47,0],"gold":46,"neow_bonus":"THREE_ENEMY_KILL","is_prod":false,"is_daily":false,"chose_seed":false,"campfire_upgraded":1,"win_rate":0,"timestamp":1550505942,"path_taken":["M","M","?","?","?","E","R","?","T","M","E","$","?","E","R","BOSS"],"build_version":"2019-01-23","purchased_purges":0,"victory":false,"max_hp_per_floor":[70,70,70,70,70,70,70,70,70,70,70,70,70,70,70,70],"card_choices":[{"not_picked":["Deflect","Bane"],"picked":"Backflip","floor":1},{"not_picked":["Infinite Blades","Caltrops","Blade Dance"],"picked":"SKIP","floor":2},{"not_picked":["Accuracy","Blade Dance","Acrobatics"],"picked":"SKIP","floor":6},{"not_picked":["Backflip","Skewer"],"picked":"Bullet Time","floor":10},{"not_picked":["PiercingWail","Skewer"],"picked":"Poisoned Stab","floor":11},{"not_picked":["Dagger Throw","Catalyst"],"picked":"Leg Sweep","floor":13},{"not_picked":["Crippling Poison","Deflect"],"picked":"Corpse Explosion","floor":14}],"player_experience":367436,"relics_obtained":[{"floor":6,"key":"War Paint"},{"floor":9,"key":"Mummified Hand"},{"floor":11,"key":"Omamori"},{"floor":14,"key":"Boot"}],"event_choices":[{"damage_healed":0,"gold_gain":0,"player_choice":"Entered Light","damage_taken":14,"max_hp_gain":0,"max_hp_loss":0,"event_name":"Shining Light","floor":3,"gold_loss":0,"cards_upgraded":["Defend_G","Neutralize"]},{"damage_healed":0,"gold_gain":0,"cards_transformed":["Strike_G"],"player_choice":"Change","damage_taken":0,"max_hp_gain":0,"max_hp_loss":0,"event_name":"Living Wall","floor":4,"gold_loss":0,"cards_obtained":["Predator"]},{"damage_healed":0,"gold_gain":0,"player_choice":"Success","damage_taken":12,"relics_obtained":["Dodecahedron"],"max_hp_gain":0,"max_hp_loss":0,"event_name":"Scrap Ooze","floor":5,"gold_loss":0},{"damage_healed":0,"gold_gain":68,"player_choice":"Gained Gold","damage_taken":0,"max_hp_gain":0,"max_hp_loss":0,"event_name":"Golden Wing","floor":8,"gold_loss":0}],"is_beta":false,"boss_relics":[],"items_purged_floors":[],"is_endless":false,"potions_floor_spawned":[6,11,14],"killed_by":"Slime Boss","ascension_level":8}