{"gold_per_floor":[114,32,32,43,57,57,57,57,57,92,92,106,138,63,63,167,167,183,183,98,116,130,130,159,159],"floor_reached":25,"playtime":1177,"items_purged":["Defend_G"],"score":275,"play_id":"ca4beb50-38b3-48e1-af1e-dd62b98b88b7","local_time":"20190211004149","is_ascension_mode":true,"campfire_choices":[{"data":"Dodge and Roll","floor":6.0,"key":"SMITH"},{"data":"Neutralize","floor":8.0,"key":"SMITH"},{"data":"Cloak And Dagger","floor":11.0,"key":"SMITH"},{"floor":15.0,"key":"REST"},{"floor":23,"key":"REST"}],"neow_cost":"NONE","seed_source_timestamp":37733112023671,"circlet_count":0,"master_deck":["Defend_G","Defend_G","Defend_G","Defend_G","Strike_G","Strike_G","Strike_G","Strike_G","Survivor","Neutralize+1","Dodge and Roll+1","Masterful Stab","Dagger Spray+1","Backstab","Cloak And Dagger+1","Riddle With Holes","Setup","Burst","Skewer","Poisoned Stab","Terror"],"special_seed":0,"relics":["Ring of the Snake","Regal Pillow","Bottled Flame","Cursed Key","WingedGreaves","Potion Belt"],"potions_floor_usage":[16,22],"damage_taken":[{"damage":3.0,"enemies":"Jaw Worm","floor":1.0,"turns":5.0},{"damage":0.0,"enemies":"Cultist","floor":4.0,"turns":3.0},{"damage":0.0,"enemies":"2 Louse","floor":5.0,"turns":1.0},{"damage":14.0,"enemies":"3 Sentries","floor":10.0,"turns":8.0},{"damage":0.0,"enemies":"Exordium Wildlife","floor":12.0,"turns":1.0},{"damage":26.0,"enemies":"Lagavulin","floor":13.0,"turns":8.0},{"damage":52,"enemies":"Slime Boss","floor":16,"turns":13},{"damage":0,"enemies":"Chosen","floor":18,"turns":5},{"damage":2,"enemies":"Shell Parasite","floor":21,"turns":6},{"damage":19,"enemies":"Snecko","floor":22,"turns":6},{"damage":55,"enemies":"Book of Stabbing","floor":24,"turns":7},{"damage":27,"enemies":"Sentry and Sphere","floor":25,"turns":5}],"seed_played":"2522991645407235994","potions_obtained":[{"floor":5.0,"key":"Swift Potion"},{"floor":10.0,"key":"Ancient Potion"},{"floor":12.0,"key":"Ancient Potion"},{"floor":13.0,"key":"Block Potion"},{"floor":21,"key":"SpeedPotion"},{"floor":24,"key":"Ancient Potion"}],"is_trial":false,"path_per_floor":["M","$","?","M","M","R","?","R","T","E","R","M","E","$","R","B",null,"M","?","?","M","M","R","E","M"],"character_chosen":"THE_SILENT","items_purchased":["Masterful Stab","Dagger Spray"],"campfire_rested":2,"item_purchase_floors":[2,2],"current_hp_per_floor":[74,74,74,74,74,74,67,67,67,53,53,53,27,27,65,13,77,77,61,61,59,40,77,22,0],"gold":159,"neow_bonus":"TEN_PERCENT_HP_BONUS","is_prod":false,"is_daily":false,"chose_seed":false,"campfire_upgraded":3,"win_rate":0,"timestamp":1549813309,"path_taken":["M","$","?","M","?","R","?","R","T","E","R","M","E","$","R","BOSS","M","?","?","M","M","R","E","M"],"build_version":"2019-01-23","purchased_purges":1,"victory":false,"max_hp_per_floor":[77,77,77,77,77,77,77,77,77,77,77,77,77,77,77,77,77,77,77,77,77,77,77,77,77],"card_choices":[{"not_picked":["Caltrops","Deadly Poison"],"picked":"Dodge and Roll","floor":1.0},{"not_picked":["Catalyst","Underhanded Strike"],"picked":"Backstab","floor":4.0},{"not_picked":["Flechettes","Choke","Outmaneuver"],"picked":"SKIP","floor":5.0},{"not_picked":["Heel Hook","Well Laid Plans"],"picked":"Cloak And Dagger","floor":10.0},{"not_picked":["Caltrops","Predator"],"picked":"Riddle With Holes","floor":12.0},{"not_picked":["Noxious Fumes","Finisher"],"picked":"Setup","floor":13.0},{"not_picked":["Storm of Steel","Doppelganger"],"picked":"Burst","floor":16},{"not_picked":["Blade Dance+1","Cloak And Dagger"],"picked":"Skewer","floor":18},{"not_picked":["Deflect+1","Reflex+1"],"picked":"Poisoned Stab","floor":21},{"not_picked":["Bane","Slice","Expertise"],"picked":"SKIP","floor":22},{"not_picked":["Bane","Quick Slash"],"picked":"Terror","floor":24}],"player_experience":308734,"relics_obtained":[{"floor":10.0,"key":"Regal Pillow"},{"floor":13.0,"key":"Bottled Flame"},{"floor":24,"key":"Potion Belt"}],"event_choices":[{"damage_healed":0.0,"max_hp_gain":0.0,"max_hp_loss":0.0,"gold_gain":0.0,"event_name":"Upgrade Shrine","player_choice":"Upgraded","floor":3.0,"gold_loss":0.0,"damage_taken":0.0,"cards_upgraded":["Dagger Spray"]},{"cards_removed":["Strike_G"],"damage_healed":0.0,"max_hp_gain":0.0,"max_hp_loss":0.0,"gold_gain":0.0,"event_name":"Golden Wing","player_choice":"Card Removal","floor":7.0,"gold_loss":0.0,"damage_taken":7.0},{"damage_healed":0,"gold_gain":0,"player_choice":"Obtained Book","damage_taken":16,"max_hp_gain":0,"max_hp_loss":0,"event_name":"Cursed Tome","floor":19,"gold_loss":0},{"damage_healed":0,"gold_gain":0,"player_choice":"Obtained Relic","damage_taken":0,"relics_obtained":["WingedGreaves"],"max_hp_gain":0,"max_hp_loss":0,"event_name":"Addict","floor":20,"gold_loss":85}],"is_beta":false,"boss_relics":[{"not_picked":["Astrolabe","Ectoplasm"],"picked":"Cursed Key"}],"items_purged_floors":[14],"is_endless":false,"potions_floor_spawned":[5,10,12,13,21,24],"killed_by":"Sentry and Sphere","ascension_level":4}