{"gold_per_floor":[368,144,319,319,332,359,359,379,456,456,68,85,100,115,115,211,211,227,259,62,62,161,192,218,218,218,218,19,49,66,24,24,122,122,138,152,152,152,172,204,204,230,230,109,161,171,271,289,289,289],"floor_reached":51,"playtime":4137,"items_purged":["Regret","Strike_G"],"score":976,"play_id":"a30e6861-4d54-48f0-8504-0767e7e41f4f","local_time":"20190214011325","is_ascension_mode":true,"campfire_choices":[{"floor":7.0,"key":"REST"},{"data":"Cloak And Dagger","floor":10.0,"key":"SMITH"},{"data":"Leg Sweep","floor":15.0,"key":"SMITH"},{"data":"Endless Agony","floor":25.0,"key":"SMITH"},{"data":"Neutralize","floor":27.0,"key":"SMITH"},{"floor":32.0,"key":"RECALL"},{"data":"A Thousand Cuts","floor":41.0,"key":"SMITH"},{"floor":49.0,"key":"REST"}],"neow_cost":"CURSE","seed_source_timestamp":0,"circlet_count":0,"master_deck":["Defend_G","Defend_G","Defend_G","Defend_G","Defend_G","Strike_G+1","Strike_G","Strike_G","Survivor","Neutralize+1","All Out Attack+1","Cloak And Dagger+1","Dagger Spray","Leg Sweep+1","Distraction+1","Dodge and Roll+1","Acrobatics+1","Dodge and Roll+1","Flechettes","Storm of Steel+1","Endless Agony+1","Blade Dance+1","Bandage Up+1","Leg Sweep+1","Blade Dance+1","Backflip+1","Cloak And Dagger+1","A Thousand Cuts+1","Finisher","Setup+1","Terror+1","Infinite Blades","Flying Knee+1","Noxious Fumes+1","After Image"],"special_seed":0,"relics":["Ring of the Snake","Tiny Chest","Bag of Marbles","Ornamental Fan","Toxic Egg 2","WristBlade","Red Mask","Sundial","Omamori","The Courier","HandDrill","Bird Faced Urn","Empty Cage","Matryoshka","Blood Vial","Centennial Puzzle","Torii","Dead Branch"],"potions_floor_usage":[50,50,50],"damage_taken":[{"damage":9.0,"enemies":"2 Louse","floor":1.0,"turns":3.0},{"damage":3.0,"enemies":"Jaw Worm","floor":5.0,"turns":4.0},{"damage":26.0,"enemies":"3 Sentries","floor":6.0,"turns":8.0},{"damage":0.0,"enemies":"Small Slimes","floor":8.0,"turns":1.0},{"damage":0.0,"enemies":"Looter","floor":12.0,"turns":3.0},{"damage":0.0,"enemies":"3 Louse","floor":13.0,"turns":1.0},{"damage":0.0,"enemies":"2 Fungi Beasts","floor":14.0,"turns":3.0},{"damage":32.0,"enemies":"Slime Boss","floor":16.0,"turns":14.0},{"damage":1.0,"enemies":"2 Thieves","floor":18.0,"turns":4.0},{"damage":0.0,"enemies":"Masked Bandits","floor":19.0,"turns":3.0},{"damage":0.0,"enemies":"Slavers","floor":23.0,"turns":5.0},{"damage":5.0,"enemies":"Book of Stabbing","floor":29.0,"turns":3.0},{"damage":0.0,"enemies":"Chosen","floor":30.0,"turns":1.0},{"damage":50.0,"enemies":"Champ","floor":33.0,"turns":13.0},{"damage":0.0,"enemies":"3 Shapes","floor":35.0,"turns":4.0},{"damage":16.0,"enemies":"3 Darklings","floor":36.0,"turns":4.0},{"damage":10.0,"enemies":"Jaw Worm Horde","floor":39.0,"turns":2.0},{"damage":19.0,"enemies":"Reptomancer","floor":40.0,"turns":9.0},{"damage":0.0,"enemies":"Giant Head","floor":42.0,"turns":5.0},{"damage":30.0,"enemies":"2 Orb Walkers","floor":45.0,"turns":7.0},{"damage":1.0,"enemies":"Sphere and 2 Shapes","floor":46.0,"turns":3.0},{"damage":9.0,"enemies":"Mind Bloom Boss Battle","floor":47.0,"turns":8.0},{"damage":2.0,"enemies":"3 Darklings","floor":48.0,"turns":4.0},{"damage":84,"enemies":"Time Eater","floor":50,"turns":13}],"seed_played":"621513836007621019","potions_obtained":[{"floor":1.0,"key":"FearPotion"},{"floor":13.0,"key":"GamblersBrew"},{"floor":14.0,"key":"Energy Potion"},{"floor":18.0,"key":"SkillPotion"},{"floor":19.0,"key":"Energy Potion"},{"floor":23.0,"key":"PowerPotion"},{"floor":30.0,"key":"Swift Potion"},{"floor":35.0,"key":"SteroidPotion"},{"floor":39.0,"key":"Fire Potion"},{"floor":46.0,"key":"EntropicBrew"}],"is_trial":false,"path_per_floor":["M","$","?","?","M","E","R","M","T","R","$","M","M","M","R","B",null,"M","?","$","?","?","E","T","R","T","R","$","E","M","$","R","B",null,"M","M","$","?","M","E","R","E","T","$","?","M","?","M","R","B",null],"character_chosen":"THE_SILENT","items_purchased":["Tiny Chest","Cloak And Dagger","Toxic Egg 2","Distraction+1","Dodge and Roll+1","Bandage Up+1","HandDrill","Blade Dance+1","Cloak And Dagger+1","FairyPotion","SkillPotion"],"campfire_rested":2,"item_purchase_floors":[2,2,11,11,11,20,28,28,31,44,44],"current_hp_per_floor":[61,61,61,47,44,18,39,39,39,39,39,39,39,39,39,7,54,53,53,53,53,53,59,59,59,59,59,59,60,60,60,60,16,57,63,55,55,55,51,40,40,50,50,50,30,33,34,40,61,9],"gold":289,"neow_bonus":"TWO_FIFTY_GOLD","is_prod":false,"is_daily":false,"chose_seed":false,"campfire_upgraded":5,"win_rate":0,"timestamp":1550074405,"path_taken":["M","$","?","?","M","E","R","M","T","R","$","?","M","M","R","BOSS","M","?","$","?","?","E","?","R","T","R","$","E","M","$","R","BOSS","M","M","$","?","M","E","R","E","T","$","?","M","?","M","R","BOSS"],"build_version":"2019-01-23","purchased_purges":2,"victory":true,"max_hp_per_floor":[70,70,70,70,70,70,70,70,70,70,70,70,70,70,70,70,70,70,70,70,70,70,70,70,70,70,70,70,70,70,70,70,70,70,70,70,70,70,70,70,70,70,70,70,70,70,70,70,70,70],"card_choices":[{"not_picked":["Acrobatics","Reflex"],"picked":"All Out Attack","floor":1.0},{"not_picked":["Sucker Punch","Poisoned Stab"],"picked":"Dagger Spray","floor":5.0},{"not_picked":["Choke","Poisoned Stab"],"picked":"Leg Sweep","floor":6.0},{"not_picked":["Sucker Punch","Choke"],"picked":"Dagger Throw","floor":8.0},{"not_picked":["Dagger Throw","Bane"],"picked":"Acrobatics+1","floor":12.0},{"not_picked":["Expertise+1","Reflex+1"],"picked":"Dodge and Roll+1","floor":13.0},{"not_picked":["Quick Slash","Outmaneuver+1"],"picked":"Flechettes","floor":14.0},{"not_picked":["After Image","Wraith Form v2"],"picked":"Storm of Steel+1","floor":16.0},{"not_picked":["Backstab","Underhanded Strike"],"picked":"Endless Agony","floor":18.0},{"not_picked":["Slice","Prepared+1"],"picked":"Blade Dance+1","floor":19.0},{"not_picked":["Acrobatics+1","Grand Finale"],"picked":"Leg Sweep+1","floor":23.0},{"not_picked":["Slice","Dagger Throw+1"],"picked":"Backflip+1","floor":29.0},{"not_picked":["Skewer","Tactician+1","Acrobatics+1"],"picked":"SKIP","floor":30.0},{"not_picked":["Die Die Die","Tools of the Trade"],"picked":"A Thousand Cuts","floor":33.0},{"not_picked":["Dagger Spray","Backflip+1"],"picked":"Finisher","floor":35.0},{"not_picked":["Distraction+1","Masterful Stab"],"picked":"Setup+1","floor":36.0},{"not_picked":["PiercingWail+1","Slice"],"picked":"Terror+1","floor":39.0},{"not_picked":["Setup+1","Bane+1"],"picked":"Infinite Blades","floor":40.0},{"not_picked":["Endless Agony","Slice","Wraith Form v2"],"picked":"SKIP","floor":42.0},{"not_picked":["Predator+1","Heel Hook+1"],"picked":"Flying Knee+1","floor":45.0},{"not_picked":["Leg Sweep+1","PiercingWail+1","Flying Knee+1"],"picked":"SKIP","floor":46.0},{"not_picked":["All Out Attack+1","Tactician+1"],"picked":"Noxious Fumes+1","floor":47.0},{"not_picked":["Backflip+1","Dagger Spray"],"picked":"After Image","floor":48.0}],"player_experience":323456,"relics_obtained":[{"floor":6.0,"key":"Bag of Marbles"},{"floor":9.0,"key":"Ornamental Fan"},{"floor":19.0,"key":"Red Mask"},{"floor":23.0,"key":"Sundial"},{"floor":24.0,"key":"Omamori"},{"floor":26.0,"key":"The Courier"},{"floor":29.0,"key":"Bird Faced Urn"},{"floor":40.0,"key":"Matryoshka"},{"floor":42.0,"key":"Blood Vial"},{"floor":43.0,"key":"Centennial Puzzle"},{"floor":45.0,"key":"Torii"},{"floor":47.0,"key":"Dead Branch"}],"event_choices":[{"damage_healed":0.0,"max_hp_gain":0.0,"max_hp_loss":0.0,"gold_gain":175.0,"event_name":"Liars Game","player_choice":"AGREE","floor":3.0,"gold_loss":0.0,"damage_taken":0.0,"cards_obtained":["Doubt"]},{"damage_healed":0.0,"max_hp_gain":0.0,"max_hp_loss":0.0,"gold_gain":0.0,"event_name":"Shining Light","player_choice":"Entered Light","floor":4.0,"gold_loss":0.0,"damage_taken":14.0,"cards_upgraded":["Strike_G","All Out Attack"]},{"damage_healed":0.0,"max_hp_gain":0.0,"max_hp_loss":0.0,"gold_gain":0.0,"event_name":"Masked Bandits","player_choice":"Fought Bandits","floor":19.0,"gold_loss":0.0,"damage_taken":0.0},{"damage_healed":0.0,"max_hp_gain":0.0,"max_hp_loss":0.0,"gold_gain":0.0,"event_name":"Beggar","player_choice":"Ignored","floor":21.0,"gold_loss":0.0,"damage_taken":0.0},{"damage_healed":0.0,"max_hp_gain":0.0,"max_hp_loss":0.0,"gold_gain":99.0,"event_name":"Nest","player_choice":"Stole From Cult","floor":22.0,"gold_loss":0.0,"damage_taken":0.0},{"cards_removed":["Dagger Throw"],"damage_healed":0.0,"max_hp_gain":0.0,"max_hp_loss":0.0,"gold_gain":0.0,"event_name":"Falling","player_choice":"Removed Attack","floor":38.0,"gold_loss":0.0,"damage_taken":0.0},{"damage_healed":0.0,"max_hp_gain":0.0,"max_hp_loss":0.0,"gold_gain":0.0,"event_name":"Mysterious Sphere","player_choice":"Fight","floor":45.0,"gold_loss":0.0,"damage_taken":0.0},{"damage_healed":0.0,"max_hp_gain":0.0,"max_hp_loss":0.0,"gold_gain":0.0,"event_name":"MindBloom","player_choice":"Fight","floor":47.0,"gold_loss":0.0,"damage_taken":0.0}],"is_beta":false,"boss_relics":[{"not_picked":["HoveringKite","Busted Crown"],"picked":"WristBlade"},{"not_picked":["Orrery","White Beast Statue"],"picked":"Empty Cage"}],"items_purged_floors":[2,20],"is_endless":false,"potions_floor_spawned":[1,13,14,18,19,23,30,35,36,39,46],"ascension_level":5}