{"gold_per_floor":[112,122,135,23,34,63,63,96,133,145],"floor_reached":10,"playtime":346,"items_purged":["Strike_G"],"score":109,"play_id":"03220a54-b0a2-434c-a9dd-7b601bc6f101","local_time":"20190222004200","is_ascension_mode":true,"campfire_choices":[{"floor":7.0,"key":"REST"}],"neow_cost":"PERCENT_DAMAGE","seed_source_timestamp":0,"circlet_count":0,"master_deck":["Defend_G","Defend_G","Defend_G","Defend_G","Strike_G","Strike_G","Strike_G","Survivor","Neutralize","Backstab","Well Laid Plans","Underhanded Strike","Skewer","Escape Plan","Slice","Envenom"],"special_seed":0,"relics":["Ring of the Snake","Sundial","MawBank","Oddly Smooth Stone"],"potions_floor_usage":[10],"damage_taken":[{"damage":0.0,"enemies":"Cultist","floor":1.0,"turns":4.0},{"damage":3.0,"enemies":"Jaw Worm","floor":2.0,"turns":4.0},{"damage":6.0,"enemies":"2 Louse","floor":3.0,"turns":2.0},{"damage":11.0,"enemies":"Exordium Thugs","floor":5.0,"turns":5.0},{"damage":21.0,"enemies":"Lagavulin","floor":6.0,"turns":5.0},{"damage":21.0,"enemies":"Gremlin Nob","floor":8.0,"turns":4.0},{"damage":4,"enemies":"3 Sentries","floor":10,"turns":1}],"seed_played":"403121415634812951","potions_obtained":[{"floor":1.0,"key":"Fire Potion"},{"floor":2.0,"key":"SteroidPotion"},{"floor":5.0,"key":"Strength Potion"},{"floor":8.0,"key":"GhostInAJar"}],"is_trial":false,"path_per_floor":["M","M","M","$","M","E","R","E","T","E"],"character_chosen":"THE_SILENT","items_purchased":["Skewer"],"campfire_rested":1,"item_purchase_floors":[4],"current_hp_per_floor":[45,42,36,36,25,4,25,4,4,0],"gold":145,"neow_bonus":"REMOVE_TWO","is_prod":false,"is_daily":false,"chose_seed":false,"campfire_upgraded":0,"win_rate":0,"timestamp":1550763720,"path_taken":["M","M","M","$","M","E","R","E","T","E"],"build_version":"2019-01-23","purchased_purges":1,"victory":false,"max_hp_per_floor":[70,70,70,70,70,70,70,70,70,70],"card_choices":[{"not_picked":["Skewer","Infinite Blades"],"picked":"Backstab","floor":1.0},{"not_picked":["PiercingWail","Predator"],"picked":"Well Laid Plans","floor":2.0},{"not_picked":["Choke","Finisher"],"picked":"Underhanded Strike","floor":3.0},{"not_picked":["Sucker Punch","Bane"],"picked":"Escape Plan","floor":5.0},{"not_picked":["Doppelganger","Flechettes"],"picked":"Slice","floor":6.0},{"not_picked":["Deadly Poison","Riddle With Holes"],"picked":"Envenom","floor":8.0}],"player_experience":379652,"relics_obtained":[{"floor":6.0,"key":"Sundial"},{"floor":8.0,"key":"MawBank"},{"floor":9.0,"key":"Oddly Smooth Stone"}],"event_choices":[],"is_beta":false,"boss_relics":[],"items_purged_floors":[4],"is_endless":false,"potions_floor_spawned":[1,2,5,8],"killed_by":"3 Sentries","ascension_level":8}