{"gold_per_floor":[111,186,186,202,219,219,144,144,225,27,37,70,81,111,111,212,212,223,148,148,148,148,148,148],"floor_reached":24,"playtime":1446,"items_purged":["Regret"],"score":242,"play_id":"9efca8b5-18f9-4276-8bd2-1cffc24b2c52","local_time":"20190210161203","is_ascension_mode":true,"campfire_choices":[{"floor":6.0,"key":"REST"},{"data":"Backflip","floor":8.0,"key":"SMITH"},{"floor":15.0,"key":"REST"},{"data":"Tools of the Trade","floor":23.0,"key":"SMITH"}],"neow_cost":"NONE","seed_source_timestamp":6442531868908,"circlet_count":0,"master_deck":["Defend_G+1","Defend_G+1","Defend_G+1","Defend_G+1","Defend_G+1","Strike_G+1","Strike_G+1","Strike_G+1","Strike_G+1","Strike_G+1","Survivor","Neutralize","Tactician","Deflect","Backflip+1","Dagger Throw","Bouncing Flask","Escape Plan","Sucker Punch","Endless Agony","Tools of the Trade+1","Reflex","Cloak And Dagger","Underhanded Strike","Necronomicurse","Shame"],"special_seed":0,"relics":["Ring of the Snake","Calipers","Paper Crane","Blood Vial","Bag of Preparation","Strawberry","White Beast Statue","Necronomicon","Omamori"],"potions_floor_usage":[24,24,24],"damage_taken":[{"damage":0.0,"enemies":"2 Louse","floor":1.0,"turns":5.0},{"damage":26.0,"enemies":"Jaw Worm","floor":4.0,"turns":6.0},{"damage":2.0,"enemies":"Small Slimes","floor":5.0,"turns":4.0},{"damage":3.0,"enemies":"Blue Slaver","floor":11.0,"turns":4.0},{"damage":16.0,"enemies":"Lagavulin","floor":12.0,"turns":8.0},{"damage":4.0,"enemies":"Large Slime","floor":13.0,"turns":8.0},{"damage":26.0,"enemies":"3 Sentries","floor":14.0,"turns":11.0},{"damage":38.0,"enemies":"The Guardian","floor":16.0,"turns":11.0},{"damage":19.0,"enemies":"3 Byrds","floor":18.0,"turns":10.0},{"damage":56,"enemies":"Gremlin Leader","floor":24,"turns":7}],"seed_played":"669625434369978229","potions_obtained":[{"floor":5.0,"key":"EntropicBrew"},{"floor":11.0,"key":"Block Potion"},{"floor":14.0,"key":"FearPotion"},{"floor":16.0,"key":"Weak Potion"},{"floor":18.0,"key":"SteroidPotion"}],"is_trial":false,"path_per_floor":["M","?","?","M","M","R","$","R","T","$","M","E","M","E","R","B",null,"M","$","?","?","?","R","E"],"character_chosen":"THE_SILENT","items_purchased":["Dagger Throw","Blood Vial","Cloak And Dagger","Underhanded Strike"],"campfire_rested":2,"item_purchase_floors":[10,10,19,19],"current_hp_per_floor":[77,66,66,40,38,61,61,61,61,61,60,46,44,27,52,16,84,65,65,65,49,49,49,0],"gold":148,"neow_bonus":"TEN_PERCENT_HP_BONUS","is_prod":false,"is_daily":false,"chose_seed":false,"campfire_upgraded":2,"win_rate":0,"timestamp":1549782723,"path_taken":["M","?","?","M","M","R","$","R","T","$","M","E","M","E","R","BOSS","M","$","?","?","?","R","E"],"build_version":"2019-01-23","purchased_purges":1,"victory":false,"max_hp_per_floor":[77,77,77,77,77,77,77,77,77,77,77,77,77,84,84,84,84,84,84,84,84,84,84,84],"card_choices":[{"not_picked":["Outmaneuver","Masterful Stab"],"picked":"Tactician","floor":1.0},{"not_picked":["Quick Slash","Concentrate"],"picked":"Deflect","floor":4.0},{"not_picked":["Dodge and Roll","Catalyst"],"picked":"Backflip","floor":5.0},{"not_picked":["Deadly Poison","Dagger Throw"],"picked":"Bouncing Flask","floor":11.0},{"not_picked":["Doppelganger","Slice"],"picked":"Escape Plan","floor":12.0},{"not_picked":["Flying Knee","Setup"],"picked":"Sucker Punch","floor":13.0},{"not_picked":["Acrobatics","Bouncing Flask"],"picked":"Endless Agony","floor":14.0},{"not_picked":["Glass Knife","Venomology"],"picked":"Tools of the Trade","floor":16.0},{"not_picked":["Acrobatics","Prepared"],"picked":"Reflex","floor":18.0}],"player_experience":293075,"relics_obtained":[{"floor":9.0,"key":"Paper Crane"},{"floor":12.0,"key":"Bag of Preparation"},{"floor":14.0,"key":"Strawberry"},{"floor":21.0,"key":"Necronomicon"}],"event_choices":[{"damage_healed":0.0,"max_hp_gain":0.0,"max_hp_loss":0.0,"gold_gain":75.0,"event_name":"World of Goop","player_choice":"Gather Gold","floor":2.0,"gold_loss":0.0,"damage_taken":11.0},{"damage_healed":0.0,"max_hp_gain":0.0,"max_hp_loss":0.0,"gold_gain":0.0,"event_name":"Big Fish","player_choice":"Box","floor":3.0,"gold_loss":0.0,"damage_taken":0.0,"relics_obtained":["Calipers"],"cards_obtained":["Regret"]},{"damage_healed":0.0,"max_hp_gain":0.0,"max_hp_loss":0.0,"gold_gain":0.0,"event_name":"Back to Basics","player_choice":"Simplicity","floor":20.0,"gold_loss":0.0,"damage_taken":0.0,"cards_upgraded":["Defend_G","Defend_G","Defend_G","Defend_G","Defend_G","Strike_G","Strike_G","Strike_G","Strike_G","Strike_G"]},{"damage_healed":0.0,"max_hp_gain":0.0,"max_hp_loss":0.0,"gold_gain":0.0,"event_name":"Cursed Tome","player_choice":"Obtained Book","floor":21.0,"gold_loss":0.0,"damage_taken":16.0},{"damage_healed":0.0,"max_hp_gain":0.0,"max_hp_loss":0.0,"gold_gain":0.0,"event_name":"Addict","player_choice":"Stole Relic","floor":22.0,"gold_loss":0.0,"damage_taken":0.0,"relics_obtained":["Omamori"],"cards_obtained":["Shame"]}],"is_beta":false,"boss_relics":[{"not_picked":["Velvet Choker","Runic Dome"],"picked":"White Beast Statue"}],"items_purged_floors":[7],"is_endless":false,"potions_floor_spawned":[5,11,14,16,18],"killed_by":"Gremlin Leader","ascension_level":4}