{"gold_per_floor":[109,121,121,143,174,186,198,227,239,251],"floor_reached":10,"playtime":596,"items_purged":[],"score":84,"play_id":"f4d909a1-21bb-4a39-9884-aaf4b7627118","local_time":"20190219004325","is_ascension_mode":true,"campfire_choices":[{"data":"Concentrate","floor":6,"key":"SMITH"}],"neow_cost":"CURSE","seed_source_timestamp":12186490577182,"circlet_count":0,"master_deck":["Defend_G","Defend_G","Defend_G","Defend_G","Strike_G","Strike_G","Strike_G","Strike_G","Survivor","Neutralize","Injury","Dash","Concentrate+1","Blur","Dagger Throw","Regret","Poisoned Stab","PiercingWail","Blur"],"special_seed":0,"relics":["Ring of the Snake","MawBank","Peace Pipe","Molten Egg 2"],"potions_floor_usage":[10],"damage_taken":[{"damage":1.0,"enemies":"2 Louse","floor":1.0,"turns":4.0},{"damage":2.0,"enemies":"Jaw Worm","floor":2.0,"turns":6.0},{"damage":2.0,"enemies":"Small Slimes","floor":4.0,"turns":4.0},{"damage":6,"enemies":"Looter","floor":5,"turns":4},{"damage":10,"enemies":"Large Slime","floor":8,"turns":9},{"damage":58,"enemies":"Gremlin Nob","floor":10,"turns":5}],"seed_played":"-5810995498959135664","potions_obtained":[{"floor":2.0,"key":"Regen Potion"},{"floor":5,"key":"Regen Potion"}],"is_trial":false,"path_per_floor":["M","M","?","M","M","R","?","M","T","E"],"character_chosen":"THE_SILENT","items_purchased":[],"campfire_rested":0,"item_purchase_floors":[],"current_hp_per_floor":[62,60,60,58,52,52,45,35,35,0],"gold":251,"neow_bonus":"TRANSFORM_TWO_CARDS","is_prod":false,"is_daily":false,"chose_seed":false,"campfire_upgraded":1,"win_rate":0,"timestamp":1550504605,"path_taken":["M","M","?","M","M","R","?","M","T","E"],"build_version":"2019-01-23","purchased_purges":0,"victory":false,"max_hp_per_floor":[70,70,70,70,70,70,70,70,70,70],"card_choices":[{"not_picked":["Crippling Poison","Distraction"],"picked":"Blur","floor":1.0},{"not_picked":["Dagger Spray","Dash"],"picked":"Dagger Throw","floor":2.0},{"not_picked":["Expertise","Blur"],"picked":"Poisoned Stab","floor":4.0},{"not_picked":["Slice","Glass Knife"],"picked":"PiercingWail","floor":5},{"not_picked":["Blade Dance","Deadly Poison"],"picked":"Blur","floor":8}],"player_experience":366840,"relics_obtained":[{"floor":9,"key":"Molten Egg 2"}],"event_choices":[{"damage_healed":0.0,"max_hp_gain":0.0,"max_hp_loss":0.0,"gold_gain":0.0,"event_name":"Big Fish","player_choice":"Box","floor":3.0,"gold_loss":0.0,"damage_taken":0.0,"relics_obtained":["MawBank"],"cards_obtained":["Regret"]},{"damage_healed":0,"gold_gain":0,"player_choice":"Success","damage_taken":7,"relics_obtained":["Peace Pipe"],"max_hp_gain":0,"max_hp_loss":0,"event_name":"Scrap Ooze","floor":7,"gold_loss":0}],"is_beta":false,"boss_relics":[],"items_purged_floors":[],"is_endless":false,"potions_floor_spawned":[2,5],"killed_by":"Gremlin Nob","ascension_level":8}