{"gold_per_floor":[110,285,235,246,90,104,104,104,104,5,36,50,50,80,80,178,178,190,175,188,215,17,44,64,64,64,64,80,80,80,92,92,188,188,207,218,440,440,459,459,476,35,109,109,122,122,122,122,122,122],"floor_reached":50,"playtime":2440,"items_purged":["Strike_G","Regret"],"score":662,"play_id":"3624d5aa-f356-4adc-ac6c-f9575edebb08","local_time":"20190211014248","is_ascension_mode":true,"campfire_choices":[{"data":"Envenom","floor":7.0,"key":"SMITH"},{"data":"Cloak And Dagger","floor":13.0,"key":"SMITH"},{"floor":15.0,"key":"REST"},{"floor":25.0,"key":"REST"},{"floor":27.0,"key":"REST"},{"data":"Terror","floor":29.0,"key":"SMITH"},{"floor":32.0,"key":"REST"},{"data":"Catalyst","floor":40.0,"key":"SMITH"},{"data":"Catalyst","floor":44.0,"key":"SMITH"},{"data":"Apotheosis","floor":47.0,"key":"SMITH"},{"floor":49.0,"key":"REST"}],"neow_cost":"TEN_PERCENT_HP_LOSS","seed_source_timestamp":39089893164199,"circlet_count":0,"master_deck":["Defend_G","Defend_G","Defend_G","Defend_G","Strike_G","Strike_G","Strike_G","Survivor","Neutralize","Envenom+1","Footwork","Blade Dance","Poisoned Stab","Backstab","Cloak And Dagger+1","Terror+1","Bane","Poisoned Stab","Sucker Punch","Cloak And Dagger","After Image","Bane+1","Deflect+1","Poisoned Stab+1","Sucker Punch+1","Adrenaline","Catalyst+1","Dodge and Roll+1","Choke+1","Blur+1","Catalyst+1","Bane+1","Outmaneuver+1","Accuracy","Catalyst","Predator+1","Doubt","Cloak And Dagger+1","Deep Breath","Apotheosis+1","Purity","Madness","Madness"],"special_seed":0,"relics":["Ring of the Snake","Calipers","Matryoshka","Mummified Hand","Molten Egg 2","Cursed Key","Red Mask","TwistedFunnel","Tough Bandages","Blood Vial","WingedGreaves","WristBlade","The Courier","Shuriken"],"potions_floor_usage":[50,50],"damage_taken":[{"damage":2.0,"enemies":"Jaw Worm","floor":1.0,"turns":5.0},{"damage":13.0,"enemies":"Small Slimes","floor":4.0,"turns":7.0},{"damage":0.0,"enemies":"Cultist","floor":6.0,"turns":3.0},{"damage":13.0,"enemies":"Gremlin Nob","floor":11.0,"turns":3.0},{"damage":1.0,"enemies":"3 Louse","floor":12.0,"turns":3.0},{"damage":0.0,"enemies":"Slime Boss","floor":16.0,"turns":7.0},{"damage":11.0,"enemies":"Spheric Guardian","floor":18.0,"turns":4.0},{"damage":9.0,"enemies":"2 Thieves","floor":19.0,"turns":4.0},{"damage":5.0,"enemies":"Sentry and Sphere","floor":20.0,"turns":6.0},{"damage":27.0,"enemies":"Masked Bandits","floor":21.0,"turns":5.0},{"damage":9.0,"enemies":"Gremlin Leader","floor":23.0,"turns":4.0},{"damage":0.0,"enemies":"Shelled Parasite and Fungi","floor":24.0,"turns":6.0},{"damage":9.0,"enemies":"Snecko","floor":28.0,"turns":5.0},{"damage":7.0,"enemies":"Snake Plant","floor":31.0,"turns":2.0},{"damage":69.0,"enemies":"Champ","floor":33.0,"turns":11.0},{"damage":6.0,"enemies":"3 Shapes","floor":35.0,"turns":4.0},{"damage":4.0,"enemies":"Orb Walker","floor":36.0,"turns":3.0},{"damage":21.0,"enemies":"Writhing Mass","floor":39.0,"turns":5.0},{"damage":2.0,"enemies":"Transient","floor":41.0,"turns":5.0},{"damage":5.0,"enemies":"4 Shapes","floor":45.0,"turns":4.0},{"damage":67,"enemies":"Time Eater","floor":50,"turns":5}],"seed_played":"-3686246790218333389","potions_obtained":[{"floor":4.0,"key":"SpeedPotion"},{"floor":12.0,"key":"SneckoOil"},{"floor":20.0,"key":"FairyPotion"},{"floor":23.0,"key":"GhostInAJar"},{"floor":24.0,"key":"AttackPotion"},{"floor":31.0,"key":"Poison Potion"},{"floor":36.0,"key":"Regen Potion"},{"floor":41.0,"key":"PowerPotion"}],"is_trial":false,"path_per_floor":["M","?","?","M","$","M","R","T","T","$","E","M","R","?","R","B",null,"M","M","M","?","$","E","M","R","T","R","M","R","?","M","R","B",null,"M","M","?","?","M","R","M","$","T","R","M","?","R","?","R","B"],"character_chosen":"THE_SILENT","items_purchased":["Backstab","Cloak And Dagger","Terror","Poisoned Stab","TwistedFunnel","Accuracy","Catalyst","GhostInAJar","GhostInAJar","Predator+1"],"campfire_rested":5,"item_purchase_floors":[5,5,5,10,22,42,42,42,42,42],"current_hp_per_floor":[61,61,61,48,48,48,48,48,48,48,35,34,34,34,52,52,63,52,43,38,11,11,2,2,20,20,38,31,31,31,26,44,6,63,57,55,55,55,36,36,51,51,51,51,48,38,38,30,48,0],"gold":122,"neow_bonus":"TRANSFORM_TWO_CARDS","is_prod":false,"is_daily":false,"chose_seed":false,"campfire_upgraded":6,"win_rate":0,"timestamp":1549816968,"path_taken":["M","?","?","M","$","M","R","?","T","$","E","?","R","?","R","BOSS","M","M","M","?","$","E","M","R","T","R","M","R","?","?","R","BOSS","M","M","?","?","M","R","?","$","T","R","M","?","R","?","R","BOSS"],"build_version":"2019-01-23","purchased_purges":2,"victory":false,"max_hp_per_floor":[63,63,63,63,63,63,63,63,63,63,63,63,63,63,63,63,63,63,63,63,63,63,63,63,63,63,63,63,63,63,63,63,63,63,63,63,63,63,63,63,63,63,63,63,63,63,63,63,63,63],"card_choices":[{"not_picked":["Dodge and Roll","Setup"],"picked":"Blade Dance","floor":1.0},{"not_picked":["Prepared","Blade Dance"],"picked":"Poisoned Stab","floor":4.0},{"not_picked":["Backflip","Slice"],"picked":"Bane","floor":6.0},{"not_picked":["Heel Hook","Outmaneuver"],"picked":"Sucker Punch","floor":11.0},{"not_picked":["Flechettes","Acrobatics"],"picked":"Cloak And Dagger","floor":12.0},{"not_picked":["Doppelganger","Malaise"],"picked":"After Image","floor":16.0},{"not_picked":["Eviscerate+1","Flechettes+1","PiercingWail"],"picked":"SKIP","floor":18.0},{"not_picked":["Sucker Punch+1","Dagger Throw+1"],"picked":"Bane+1","floor":19.0},{"not_picked":["Outmaneuver","Masterful Stab+1"],"picked":"Deflect+1","floor":20.0},{"not_picked":["Prepared","Crippling Poison+1"],"picked":"Poisoned Stab+1","floor":23.0},{"not_picked":["Poisoned Stab+1","Outmaneuver+1"],"picked":"Sucker Punch+1","floor":24.0},{"not_picked":["Predator+1","Poisoned Stab+1","Quick Slash+1"],"picked":"SKIP","floor":28.0},{"not_picked":["PiercingWail","Underhanded Strike+1"],"picked":"Dodge and Roll+1","floor":31.0},{"not_picked":["PiercingWail","Deflect"],"picked":"Choke+1","floor":35.0},{"not_picked":["Setup+1","Dagger Spray+1"],"picked":"Blur+1","floor":36.0},{"not_picked":["Acrobatics+1","Deadly Poison"],"picked":"Bane+1","floor":39.0},{"not_picked":["Infinite Blades+1","Cloak And Dagger"],"picked":"Outmaneuver+1","floor":41.0},{"not_picked":["Deadly Poison","Footwork"],"picked":"Cloak And Dagger+1","floor":45.0},{"not_picked":["Finesse","Jack Of All Trades"],"picked":"Deep Breath","floor":46.0},{"not_picked":["Panacea","Impatience"],"picked":"Apotheosis","floor":46.0},{"not_picked":["Flash of Steel+1","Deep Breath"],"picked":"Purity","floor":46.0}],"player_experience":309911,"relics_obtained":[{"floor":8.0,"key":"Calipers"},{"floor":9.0,"key":"Matryoshka"},{"floor":11.0,"key":"Mummified Hand"},{"floor":21.0,"key":"Red Mask"},{"floor":23.0,"key":"Tough Bandages"},{"floor":26.0,"key":"Blood Vial"},{"floor":26.0,"key":"WingedGreaves"},{"floor":43.0,"key":"The Courier"},{"floor":43.0,"key":"Shuriken"}],"event_choices":[{"damage_healed":0.0,"max_hp_gain":0.0,"max_hp_loss":0.0,"gold_gain":175.0,"event_name":"Liars Game","player_choice":"AGREE","floor":2.0,"gold_loss":0.0,"damage_taken":0.0,"cards_obtained":["Doubt"]},{"cards_removed":["Doubt"],"damage_healed":0.0,"max_hp_gain":0.0,"max_hp_loss":0.0,"gold_gain":0.0,"event_name":"The Cleric","player_choice":"Card Removal","floor":3.0,"gold_loss":50.0,"damage_taken":0.0},{"damage_healed":0.0,"max_hp_gain":0.0,"max_hp_loss":0.0,"gold_gain":30.0,"event_name":"Dead Adventurer","player_choice":"Searched \u00273\u0027 times","floor":14.0,"gold_loss":0.0,"damage_taken":0.0,"relics_obtained":["Molten Egg 2"]},{"damage_healed":0.0,"max_hp_gain":0.0,"max_hp_loss":0.0,"gold_gain":0.0,"event_name":"Masked Bandits","player_choice":"Fought Bandits","floor":21.0,"gold_loss":0.0,"damage_taken":0.0},{"damage_healed":0.0,"max_hp_gain":0.0,"max_hp_loss":0.0,"gold_gain":0.0,"event_name":"Match and Keep!","player_choice":"2 cards matched","floor":30.0,"gold_loss":0.0,"damage_taken":0.0,"cards_obtained":["Adrenaline","Catalyst"]},{"damage_healed":0.0,"max_hp_gain":0.0,"max_hp_loss":0.0,"gold_gain":222.0,"event_name":"Tomb of Lord Red Mask","player_choice":"Wore Mask","floor":37.0,"gold_loss":0.0,"damage_taken":0.0},{"damage_healed":0.0,"max_hp_gain":0.0,"max_hp_loss":0.0,"gold_gain":0.0,"event_name":"Duplicator","player_choice":"Copied","floor":38.0,"gold_loss":0.0,"damage_taken":0.0,"cards_obtained":["Catalyst"]},{"damage_healed":0.0,"max_hp_gain":0.0,"max_hp_loss":0.0,"gold_gain":0.0,"event_name":"SensoryStone","player_choice":"Memory 3","floor":46.0,"gold_loss":0.0,"damage_taken":10.0},{"damage_healed":0.0,"max_hp_gain":0.0,"max_hp_loss":0.0,"gold_gain":0.0,"event_name":"Winding Halls","player_choice":"Embrace Madness","floor":48.0,"gold_loss":0.0,"damage_taken":8.0,"cards_obtained":["Madness","Madness"]}],"is_beta":false,"boss_relics":[{"not_picked":["Ectoplasm","Eternal Feather"],"picked":"Cursed Key"},{"not_picked":["Empty Cage","Ring of the Serpent"],"picked":"WristBlade"}],"items_purged_floors":[10,42],"is_endless":false,"potions_floor_spawned":[4,12,20,23,24,31,36,41,45],"killed_by":"Time Eater","ascension_level":4}