{"gold_per_floor":[118,0,11,26,26,52,65,65,65,82,116,133,133],"floor_reached":13,"playtime":1240,"items_purged":[],"score":97,"play_id":"52ca660b-7e71-4697-ab33-5f7740067e51","local_time":"20190126002637","is_ascension_mode":false,"campfire_choices":[{"floor":8,"key":"REST"}],"neow_cost":"NONE","seed_source_timestamp":17625981448342,"circlet_count":0,"master_deck":["Defend_G","Defend_G","Defend_G","Defend_G","Defend_G","Strike_G","Strike_G","Strike_G","Strike_G","Strike_G","Survivor","Neutralize","Endless Agony","Infinite Blades","Distraction","Calculated Gamble","Backflip","Poisoned Stab","Dagger Throw","Terror","Distraction","A Thousand Cuts","Tactician"],"relics":["Ring of the Snake","Question Card","Pocketwatch","Prayer Wheel"],"potions_floor_usage":[5,6,10,12],"damage_taken":[{"damage":0,"enemies":"Jaw Worm","floor":1,"turns":3},{"damage":0,"enemies":"Cultist","floor":3,"turns":5},{"damage":0,"enemies":"2 Louse","floor":4,"turns":3},{"damage":40,"enemies":"3 Sentries","floor":6,"turns":10},{"damage":10,"enemies":"Lots of Slimes","floor":7,"turns":4},{"damage":4,"enemies":"3 Louse","floor":10,"turns":4},{"damage":8,"enemies":"Lagavulin","floor":11,"turns":6},{"damage":8,"enemies":"Large Slime","floor":12,"turns":7},{"damage":47,"enemies":"Gremlin Nob","floor":13,"turns":4}],"seed_played":"-7050595416874893966","potions_obtained":[{"floor":3,"key":"Energy Potion"},{"floor":4,"key":"PowerPotion"},{"floor":5,"key":"Fruit Juice"},{"floor":5,"key":"Energy Potion"},{"floor":6,"key":"Dexterity Potion"},{"floor":12,"key":"Fire Potion"}],"is_trial":false,"path_per_floor":["M","$","M","M","?","E","M","R","T","M","E","M","E"],"character_chosen":"THE_SILENT","items_purchased":["Infinite Blades","Distraction"],"campfire_rested":1,"item_purchase_floors":[2,2],"current_hp_per_floor":[77,77,77,77,82,42,32,56,56,52,44,36,0],"gold":133,"neow_bonus":"TEN_PERCENT_HP_BONUS","is_prod":false,"is_daily":false,"chose_seed":false,"campfire_upgraded":0,"win_rate":0.0,"timestamp":1548429997,"path_taken":["M","$","M","M","?","E","?","R","T","M","E","M","E"],"build_version":"2019-01-23","purchased_purges":0,"victory":false,"max_hp_per_floor":[77,77,77,77,82,82,82,82,82,82,82,82,82],"card_choices":[{"not_picked":["Sucker Punch","Poisoned Stab"],"picked":"Endless Agony","floor":1},{"not_picked":["Slice","Predator"],"picked":"Calculated Gamble","floor":3},{"not_picked":["Blade Dance","Deflect"],"picked":"Backflip","floor":4},{"not_picked":["Sucker Punch","Outmaneuver"],"picked":"Poisoned Stab","floor":6},{"not_picked":["Slice","PiercingWail","Deflect"],"picked":"Dagger Throw","floor":7},{"not_picked":["Well Laid Plans","Footwork","Outmaneuver"],"picked":"Terror","floor":10},{"not_picked":["Finisher","Escape Plan","Deadly Poison"],"picked":"Distraction","floor":11},{"not_picked":["Quick Slash","PiercingWail","Well Laid Plans"],"picked":"A Thousand Cuts","floor":12},{"not_picked":["Bane","Acrobatics","Dodge and Roll"],"picked":"Tactician","floor":12}],"player_experience":58547,"relics_obtained":[{"floor":6,"key":"Question Card"},{"floor":9,"key":"Pocketwatch"},{"floor":11,"key":"Prayer Wheel"}],"event_choices":[{"damage_healed":0,"gold_gain":0,"player_choice":"Got Potions","damage_taken":0,"max_hp_gain":0,"max_hp_loss":0,"event_name":"Lab","floor":5,"gold_loss":0}],"is_beta":false,"boss_relics":[],"items_purged_floors":[],"is_endless":false,"potions_floor_spawned":[3,4,6,7,12],"killed_by":"Gremlin Nob","ascension_level":0}