{"gold_per_floor":[110,185,31,51,67,94,94,94,121,141,174,99,99,114,114,114],"floor_reached":16,"playtime":874,"items_purged":["Strike_G"],"score":154,"play_id":"67e1f005-143b-4bd6-af3d-3120dacd3b44","local_time":"20190220005945","is_ascension_mode":true,"campfire_choices":[{"floor":8,"key":"REST"},{"floor":13,"key":"REST"},{"floor":15,"key":"REST"}],"neow_cost":"NONE","seed_source_timestamp":22883896414810,"circlet_count":0,"master_deck":["Defend_G","Defend_G","Defend_G","Defend_G","Defend_G","Strike_G","Strike_G","Strike_G+1","Strike_G","Survivor","Neutralize+1","Underhanded Strike","Night Terror","Backflip","Tactician","Quick Slash","Acrobatics","Leg Sweep","Backflip"],"special_seed":0,"relics":["HoveringKite","Art of War","Whetstone","Vajra"],"potions_floor_usage":[],"damage_taken":[{"damage":12.0,"enemies":"Cultist","floor":1.0,"turns":5.0},{"damage":11.0,"enemies":"Jaw Worm","floor":4.0,"turns":4.0},{"damage":0.0,"enemies":"2 Louse","floor":5.0,"turns":3.0},{"damage":10.0,"enemies":"Gremlin Nob","floor":6.0,"turns":4.0},{"damage":9,"enemies":"Blue Slaver","floor":10,"turns":5},{"damage":31,"enemies":"Lagavulin","floor":11,"turns":8},{"damage":10,"enemies":"Large Slime","floor":14,"turns":6},{"damage":51,"enemies":"Slime Boss","floor":16,"turns":7}],"seed_played":"7604729660406409636","potions_obtained":[{"floor":4.0,"key":"Strength Potion"},{"floor":5.0,"key":"SteroidPotion"},{"floor":6.0,"key":"GhostInAJar"},{"floor":11,"key":"Dexterity Potion"},{"floor":14,"key":"AttackPotion"}],"is_trial":false,"path_per_floor":["M","?","$","M","M","E","?","R","T","M","E","$","R","M","R","B"],"character_chosen":"THE_SILENT","items_purchased":["Night Terror"],"campfire_rested":3,"item_purchase_floors":[3],"current_hp_per_floor":[51,40,40,29,29,19,24,46,46,37,6,6,28,18,40,0],"gold":114,"neow_bonus":"BOSS_RELIC","is_prod":false,"is_daily":false,"chose_seed":false,"campfire_upgraded":0,"win_rate":0,"timestamp":1550591985,"path_taken":["M","?","$","M","M","E","?","R","T","M","E","$","R","M","R","BOSS"],"build_version":"2019-01-23","purchased_purges":1,"victory":false,"max_hp_per_floor":[70,70,70,70,70,70,75,75,75,75,75,75,75,75,75,75],"card_choices":[{"not_picked":["Quick Slash","Sucker Punch"],"picked":"Underhanded Strike","floor":1.0},{"not_picked":["Poisoned Stab","Prepared"],"picked":"Backflip","floor":4.0},{"not_picked":["Poisoned Stab","Bane"],"picked":"Tactician","floor":5.0},{"not_picked":["Tools of the Trade","Well Laid Plans"],"picked":"Quick Slash","floor":6.0},{"not_picked":["Dodge and Roll","Poisoned Stab"],"picked":"Acrobatics","floor":10},{"not_picked":["Deadly Poison","Blade Dance"],"picked":"Leg Sweep","floor":11},{"not_picked":["Footwork","Sucker Punch"],"picked":"Backflip","floor":14}],"player_experience":376752,"relics_obtained":[{"floor":6.0,"key":"Art of War"},{"floor":9,"key":"Whetstone"},{"floor":11,"key":"Vajra"}],"event_choices":[{"damage_healed":0.0,"max_hp_gain":0.0,"max_hp_loss":0.0,"gold_gain":75.0,"event_name":"World of Goop","player_choice":"Gather Gold","floor":2.0,"gold_loss":0.0,"damage_taken":11.0},{"damage_healed":0,"gold_gain":0,"player_choice":"Donut","damage_taken":0,"max_hp_gain":5,"max_hp_loss":0,"event_name":"Big Fish","floor":7,"gold_loss":0}],"is_beta":false,"boss_relics":[],"items_purged_floors":[12],"is_endless":false,"potions_floor_spawned":[4,5,6,11,14],"killed_by":"Slime Boss","ascension_level":8}