{"gold_per_floor":[110,125,125,50,50,79,79,112,158,158,11,40,56,70,70,148,148,166,116,116,116,100,100],"floor_reached":23,"playtime":830,"items_purged":["Strike_G","Strike_G"],"score":362,"play_id":"2f2230d1-04ae-4524-907b-55903e8c82f1","local_time":"20190228021725","is_ascension_mode":true,"campfire_choices":[{"floor":7.0,"key":"REST"},{"floor":10.0,"key":"REST"},{"floor":15.0,"key":"REST"}],"neow_cost":"NONE","seed_source_timestamp":9179434184468,"circlet_count":0,"master_deck":["AscendersBane","Defend_G","Defend_G","Defend_G","Defend_G","Defend_G","Strike_G","Strike_G","Strike_G","Survivor","Neutralize","Bouncing Flask","Riddle With Holes","All Out Attack","Skewer","Leg Sweep","Venomology","Backflip","Backflip"],"special_seed":0,"relics":["Velvet Choker","Centennial Puzzle","Omamori","Mummified Hand","Happy Flower","Smiling Mask","PreservedInsect","Ancient Tea Set","Black Star","The Specimen"],"potions_floor_usage":[18,22,22,23],"damage_taken":[{"damage":3.0,"enemies":"Small Slimes","floor":1.0,"turns":4.0},{"damage":5.0,"enemies":"Jaw Worm","floor":2.0,"turns":5.0},{"damage":17.0,"enemies":"Gremlin Nob","floor":6.0,"turns":4.0},{"damage":28.0,"enemies":"Lagavulin","floor":8.0,"turns":8.0},{"damage":21.0,"enemies":"Gremlin Nob","floor":12.0,"turns":4.0},{"damage":0.0,"enemies":"Cultist","floor":13.0,"turns":4.0},{"damage":10.0,"enemies":"3 Louse","floor":14.0,"turns":2.0},{"damage":19.0,"enemies":"Hexaghost","floor":16.0,"turns":9.0},{"damage":8,"enemies":"Shell Parasite","floor":18,"turns":7},{"damage":7,"enemies":"2 Thieves","floor":22,"turns":4},{"damage":35,"enemies":"Slavers","floor":23,"turns":3}],"seed_played":"-1216519360484905090","potions_obtained":[{"floor":1.0,"key":"Dexterity Potion"},{"floor":12.0,"key":"AttackPotion"},{"floor":16.0,"key":"GhostInAJar"}],"is_trial":false,"path_per_floor":["M","M","?","$","?","E","R","E","T","R","$","E","M","M","R","B",null,"M","$","?","?","M","E"],"character_chosen":"THE_SILENT","items_purchased":["PreservedInsect"],"campfire_rested":3,"item_purchase_floors":[11],"current_hp_per_floor":[56,51,40,40,40,23,42,14,14,33,33,12,12,2,21,2,50,42,42,42,42,35,0],"gold":100,"neow_bonus":"BOSS_RELIC","is_prod":false,"is_daily":false,"chose_seed":false,"campfire_upgraded":0,"win_rate":0,"timestamp":1551287845,"path_taken":["M","M","?","$","?","E","R","E","T","R","$","E","M","M","R","BOSS","M","?","?","?","M","E"],"build_version":"2019-01-23","purchased_purges":2,"victory":false,"max_hp_per_floor":[66,66,66,66,66,66,66,66,66,66,66,66,66,66,66,66,66,66,66,66,66,66,66],"card_choices":[{"not_picked":["Masterful Stab","Outmaneuver"],"picked":"Underhanded Strike","floor":1.0},{"not_picked":["Setup","Infinite Blades"],"picked":"Bouncing Flask","floor":2.0},{"not_picked":["Slice","Acrobatics"],"picked":"Riddle With Holes","floor":6.0},{"not_picked":["Bane","Dagger Spray"],"picked":"All Out Attack","floor":8.0},{"not_picked":["Endless Agony","Dagger Spray","Wraith Form v2"],"picked":"SKIP","floor":12.0},{"not_picked":["Bane","Tactician"],"picked":"Skewer","floor":13.0},{"not_picked":["Cloak And Dagger","Poisoned Stab"],"picked":"Leg Sweep","floor":14.0},{"not_picked":["Die Die Die","Storm of Steel"],"picked":"Venomology","floor":16.0},{"not_picked":["Noxious Fumes","Outmaneuver"],"picked":"Backflip","floor":18},{"not_picked":["Flying Knee","Concentrate"],"picked":"Backflip","floor":22}],"player_experience":434566,"relics_obtained":[{"floor":6.0,"key":"Mummified Hand"},{"floor":8.0,"key":"Happy Flower"},{"floor":9.0,"key":"Smiling Mask"},{"floor":12.0,"key":"Ancient Tea Set"}],"event_choices":[{"damage_healed":0.0,"max_hp_gain":0.0,"max_hp_loss":0.0,"gold_gain":0.0,"event_name":"Scrap Ooze","player_choice":"Success","floor":3.0,"gold_loss":0.0,"damage_taken":11.0,"relics_obtained":["Centennial Puzzle"]},{"cards_removed":["Underhanded Strike"],"damage_healed":0.0,"max_hp_gain":0.0,"max_hp_loss":0.0,"gold_gain":0.0,"event_name":"WeMeetAgain","player_choice":"Gave Card","floor":5.0,"gold_loss":0.0,"damage_taken":0.0,"relics_obtained":["Omamori"]},{"damage_healed":0,"gold_gain":0,"player_choice":"Ignored","damage_taken":0,"max_hp_gain":0,"max_hp_loss":0,"event_name":"Ghosts","floor":20,"gold_loss":0},{"damage_healed":0,"gold_gain":0,"player_choice":"Opened","damage_taken":0,"relics_obtained":["The Specimen"],"max_hp_gain":0,"max_hp_loss":0,"event_name":"The Mausoleum","floor":21,"gold_loss":0,"cards_obtained":["Writhe"]}],"is_beta":false,"boss_relics":[{"not_picked":["Coffee Dripper","Lizard Tail"],"picked":"Black Star"}],"items_purged_floors":[4,19],"is_endless":false,"potions_floor_spawned":[1,12,16],"killed_by":"Slavers","ascension_level":15}