{"gold_per_floor":[115,5,18,18,29,56,75,75,75,6,6,6,18,37,37,132,132,144,144,156,84,95,95,95],"floor_reached":24,"playtime":1459,"items_purged":["Doubt"],"score":297,"play_id":"7de2880b-135e-4993-9a15-6b12d7849ce7","local_time":"20190224205409","is_ascension_mode":true,"campfire_choices":[{"floor":8.0,"key":"REST"},{"data":"Predator","floor":12.0,"key":"SMITH"},{"data":"Adrenaline","floor":15.0,"key":"SMITH"},{"data":"Night Terror","floor":23,"key":"SMITH"}],"neow_cost":"CURSE","seed_source_timestamp":41155397440003,"circlet_count":0,"master_deck":["AscendersBane","Defend_G","Defend_G","Defend_G","Defend_G","Defend_G","Strike_G","Strike_G","Strike_G","Survivor","Neutralize","Dagger Spray","Noxious Fumes","Leg Sweep","Prepared","PiercingWail","Predator+1","Adrenaline+1","Poisoned Stab","Well Laid Plans","Night Terror+1","Deflect+1","Blade Dance+1","Night Terror","Terror"],"special_seed":0,"relics":["Ring of the Snake","Nunchaku","Anchor","Dream Catcher","Nloth\u0027s Gift"],"potions_floor_usage":[],"damage_taken":[{"damage":2.0,"enemies":"Small Slimes","floor":1.0,"turns":4.0},{"damage":3.0,"enemies":"2 Louse","floor":3.0,"turns":3.0},{"damage":1.0,"enemies":"Cultist","floor":5.0,"turns":5.0},{"damage":27.0,"enemies":"3 Sentries","floor":6.0,"turns":8.0},{"damage":0.0,"enemies":"3 Louse","floor":7.0,"turns":3.0},{"damage":0.0,"enemies":"Exordium Thugs","floor":13.0,"turns":5.0},{"damage":0.0,"enemies":"2 Fungi Beasts","floor":14.0,"turns":3.0},{"damage":33.0,"enemies":"Slime Boss","floor":16.0,"turns":11.0},{"damage":8.0,"enemies":"Shell Parasite","floor":18.0,"turns":9.0},{"damage":10.0,"enemies":"2 Thieves","floor":20.0,"turns":4.0},{"damage":0,"enemies":"Centurion and Healer","floor":22,"turns":5},{"damage":40,"enemies":"3 Cultists","floor":24,"turns":4}],"seed_played":"2714856900775696377","potions_obtained":[{"floor":5.0,"key":"Block Potion"},{"floor":13.0,"key":"Ancient Potion"},{"floor":16.0,"key":"GamblersBrew"},{"floor":18.0,"key":"FearPotion"}],"is_trial":false,"path_per_floor":["M","$","M","?","M","E","M","R","T","$","?","R","M","M","R","B",null,"M","?","M","$","M","R","M"],"character_chosen":"THE_SILENT","items_purchased":["Noxious Fumes","Predator","Night Terror"],"campfire_rested":1,"item_purchase_floors":[2,10,21],"current_hp_per_floor":[61,61,58,51,50,23,23,44,44,44,44,44,44,44,44,11,55,47,47,37,37,37,37,0],"gold":95,"neow_bonus":"ONE_RARE_RELIC","is_prod":false,"is_daily":false,"chose_seed":false,"campfire_upgraded":3,"win_rate":0,"timestamp":1551009249,"path_taken":["M","$","M","?","M","E","M","R","T","$","?","R","M","?","R","BOSS","M","?","M","$","M","R","M"],"build_version":"2019-01-23","purchased_purges":1,"victory":false,"max_hp_per_floor":[70,70,70,70,70,70,70,70,70,70,70,70,70,70,70,70,70,70,70,70,70,70,70,70],"card_choices":[{"not_picked":["Outmaneuver","Setup"],"picked":"Dagger Spray","floor":1.0},{"not_picked":["All Out Attack","Escape Plan"],"picked":"Leg Sweep","floor":3.0},{"not_picked":["Deflect","Dodge and Roll","Quick Slash"],"picked":"SKIP","floor":5.0},{"not_picked":["Setup","Acrobatics"],"picked":"Prepared","floor":6.0},{"not_picked":["Caltrops","Concentrate"],"picked":"PiercingWail","floor":7.0},{"not_picked":["Endless Agony","Masterful Stab"],"picked":"Poisoned Stab","floor":13.0},{"not_picked":["Dagger Spray","Backflip"],"picked":"Well Laid Plans","floor":14.0},{"not_picked":["Burst","Glass Knife"],"picked":"Night Terror","floor":16.0},{"not_picked":["Expertise","Underhanded Strike+1"],"picked":"Deflect+1","floor":18.0},{"not_picked":["Glass Knife","Cloak And Dagger"],"picked":"Blade Dance+1","floor":20.0},{"not_picked":["Bane","Poisoned Stab"],"picked":"Terror","floor":22}],"player_experience":401532,"relics_obtained":[{"floor":6.0,"key":"Anchor"},{"floor":9.0,"key":"Dream Catcher"}],"event_choices":[{"cards_removed":["Strike_G"],"damage_healed":0.0,"max_hp_gain":0.0,"max_hp_loss":0.0,"gold_gain":0.0,"event_name":"Golden Wing","player_choice":"Card Removal","floor":4.0,"gold_loss":0.0,"damage_taken":7.0},{"damage_healed":0.0,"max_hp_gain":0.0,"max_hp_loss":0.0,"gold_gain":0.0,"cards_transformed":["Strike_G"],"event_name":"Transmorgrifier","player_choice":"Transformed","floor":11.0,"gold_loss":0.0,"damage_taken":0.0,"cards_obtained":["Adrenaline"]},{"damage_healed":0.0,"max_hp_gain":0.0,"max_hp_loss":0.0,"gold_gain":0.0,"event_name":"N\u0027loth","player_choice":"Traded Relic","floor":19.0,"relics_lost":["WristBlade"],"gold_loss":0.0,"damage_taken":0.0,"relics_obtained":["Nloth\u0027s Gift"]}],"is_beta":false,"boss_relics":[{"not_picked":["Velvet Choker","Lizard Tail"],"picked":"WristBlade"}],"items_purged_floors":[2],"is_endless":false,"potions_floor_spawned":[5,13,16,18],"killed_by":"3 Cultists","ascension_level":10}