{"gold_per_floor":[119,119,137,23,41,68,98,98,98,129,146,146,46,60,60,158,158,177,193,68,86,286,286,316,316],"floor_reached":25,"playtime":1627,"items_purged":["Strike_G","Regret","Strike_G"],"score":254,"play_id":"bc8023f1-858f-44cb-b7d0-2af1f9db90d1","local_time":"20190209143011","is_ascension_mode":true,"campfire_choices":[{"data":"Cloak And Dagger","floor":8.0,"key":"SMITH"},{"data":"Noxious Fumes","floor":15.0,"key":"SMITH"},{"data":"Envenom","floor":23.0,"key":"SMITH"}],"neow_cost":"NONE","seed_source_timestamp":71409794545927,"circlet_count":0,"master_deck":["Defend_G","Defend_G","Defend_G","Defend_G","Defend_G+1","Strike_G","Strike_G+1","Strike_G+1","Survivor","Neutralize","Doppelganger","Cloak And Dagger+1","Poisoned Stab","Calculated Gamble","Endless Agony","Calculated Gamble+1","Noxious Fumes+1","Infinite Blades","PiercingWail","Envenom+1","Blade Dance","Bane","Bane","Skewer"],"special_seed":0,"relics":["Ring of the Snake","Lantern","Blue Candle","Letter Opener","War Paint","Strawberry","Eternal Feather","Calipers"],"potions_floor_usage":[],"damage_taken":[{"damage":0.0,"enemies":"2 Louse","floor":1.0,"turns":4.0},{"damage":4.0,"enemies":"Small Slimes","floor":3.0,"turns":4.0},{"damage":0.0,"enemies":"Jaw Worm","floor":5.0,"turns":3.0},{"damage":24.0,"enemies":"3 Sentries","floor":6.0,"turns":9.0},{"damage":23.0,"enemies":"Gremlin Nob","floor":10.0,"turns":4.0},{"damage":0.0,"enemies":"3 Louse","floor":11.0,"turns":2.0},{"damage":0.0,"enemies":"Lots of Slimes","floor":14.0,"turns":5.0},{"damage":18.0,"enemies":"Slime Boss","floor":16.0,"turns":10.0},{"damage":30.0,"enemies":"2 Thieves","floor":18.0,"turns":5.0},{"damage":13.0,"enemies":"Shell Parasite","floor":19.0,"turns":6.0},{"damage":6.0,"enemies":"Chosen and Byrds","floor":21.0,"turns":6.0},{"damage":21.0,"enemies":"Slavers","floor":24.0,"turns":5.0},{"damage":22,"enemies":"Sentry and Sphere","floor":25,"turns":4}],"seed_played":"-861583199389159095","potions_obtained":[{"floor":1.0,"key":"Poison Potion"},{"floor":6.0,"key":"Regen Potion"},{"floor":10.0,"key":"FearPotion"},{"floor":14.0,"key":"Weak Potion"},{"floor":18.0,"key":"Explosive Potion"},{"floor":24.0,"key":"GamblersBrew"}],"is_trial":false,"path_per_floor":["M","?","M","$","M","E","?","R","T","E","M","?","$","M","R","B",null,"M","M","$","M","?","R","E","M"],"character_chosen":"THE_SILENT","items_purchased":["Calculated Gamble"],"campfire_rested":0,"item_purchase_floors":[4],"current_hp_per_floor":[70,56,52,52,52,28,28,28,28,5,5,12,12,27,27,9,77,47,34,34,28,28,40,19,0],"gold":316,"neow_bonus":"ONE_RANDOM_RARE_CARD","is_prod":false,"is_daily":false,"chose_seed":false,"campfire_upgraded":3,"win_rate":0,"timestamp":1549690211,"path_taken":["M","?","M","$","M","E","?","R","T","E","M","?","$","M","R","BOSS","M","M","$","M","?","R","E","?"],"build_version":"2019-01-23","purchased_purges":3,"victory":false,"max_hp_per_floor":[70,70,70,70,70,70,70,70,70,70,70,77,77,77,77,77,77,77,77,77,77,77,77,77,77],"card_choices":[{"not_picked":["Setup","Slice"],"picked":"Cloak And Dagger","floor":1.0},{"not_picked":["Quick Slash","Choke"],"picked":"Poisoned Stab","floor":3.0},{"not_picked":["Flechettes","Predator"],"picked":"Endless Agony","floor":5.0},{"not_picked":["Underhanded Strike","Flechettes"],"picked":"Calculated Gamble","floor":6.0},{"not_picked":["Quick Slash","PiercingWail"],"picked":"Noxious Fumes","floor":10.0},{"not_picked":["Dagger Throw","Cloak And Dagger"],"picked":"Infinite Blades","floor":11.0},{"not_picked":["Cloak And Dagger","Caltrops"],"picked":"PiercingWail","floor":14.0},{"not_picked":["Malaise","Night Terror"],"picked":"Envenom","floor":16.0},{"not_picked":["Deflect","Choke"],"picked":"Blade Dance","floor":18.0},{"not_picked":["Dagger Throw","Catalyst+1"],"picked":"Bane","floor":19.0},{"not_picked":["Deadly Poison","Tactician+1"],"picked":"Bane","floor":21.0},{"not_picked":["Quick Slash","Underhanded Strike+1"],"picked":"Skewer","floor":24.0}],"player_experience":273862,"relics_obtained":[{"floor":6.0,"key":"Lantern"},{"floor":9.0,"key":"Letter Opener"},{"floor":10.0,"key":"War Paint"},{"floor":24.0,"key":"Calipers"}],"event_choices":[{"damage_healed":0.0,"max_hp_gain":0.0,"max_hp_loss":0.0,"gold_gain":0.0,"event_name":"Shining Light","player_choice":"Entered Light","floor":2.0,"gold_loss":0.0,"damage_taken":14.0,"cards_upgraded":["Strike_G","Strike_G"]},{"damage_healed":0.0,"max_hp_gain":0.0,"max_hp_loss":0.0,"gold_gain":30.0,"event_name":"Dead Adventurer","player_choice":"Searched \u00273\u0027 times","floor":7.0,"gold_loss":0.0,"damage_taken":0.0,"relics_obtained":["Blue Candle"]},{"damage_healed":0.0,"max_hp_gain":0.0,"max_hp_loss":0.0,"gold_gain":0.0,"event_name":"Big Fish","player_choice":"Box","floor":12.0,"gold_loss":0.0,"damage_taken":0.0,"relics_obtained":["Strawberry"],"cards_obtained":["Regret"]},{"damage_healed":0.0,"max_hp_gain":0.0,"max_hp_loss":0.0,"gold_gain":200.0,"event_name":"Wheel of Change","player_choice":"Gold","floor":22.0,"gold_loss":0.0,"damage_taken":0.0}],"is_beta":false,"boss_relics":[{"not_picked":["Runic Dome","Ectoplasm"],"picked":"Eternal Feather"}],"items_purged_floors":[4,13,20],"is_endless":false,"potions_floor_spawned":[1,6,10,14,18,24],"killed_by":"Sentry and Sphere","ascension_level":2}