{"gold_per_floor":[115,132,132,207,207,207,241,241,241,253,100,116,139,165,165,261,311,323,423,149,149,161,161,179,206,206,206,222,248,248,248,248,345,345,359,372,391,43,43,72,72,101,147,147,180,180,193,211,211,211],"floor_reached":51,"playtime":3217,"items_purged":["Regret","Strike_G"],"score":957,"play_id":"b3c7d5ac-faa3-449b-9c55-68cf77eb9d11","local_time":"20190209165116","is_ascension_mode":true,"campfire_choices":[{"data":"Cloak And Dagger","floor":6.0,"key":"SMITH"},{"data":"Neutralize","floor":8.0,"key":"SMITH"},{"data":"Backflip","floor":15.0,"key":"SMITH"},{"data":"Accuracy","floor":23.0,"key":"SMITH"},{"floor":30.0,"key":"REST"},{"data":"Infinite Blades","floor":32.0,"key":"SMITH"},{"floor":41,"key":"RECALL"},{"floor":44,"key":"REST"},{"data":"After Image","floor":49,"key":"SMITH"}],"neow_cost":"NONE","seed_source_timestamp":78029665285079,"circlet_count":0,"master_deck":["Defend_G","Defend_G+1","Defend_G","Defend_G","Strike_G","Strike_G","Survivor","Neutralize+1","Bane+1","A Thousand Cuts+1","Finisher+1","Backstab","Cloak And Dagger+1","Infinite Blades+1","Deflect","Backflip+1","After Image+1","Accuracy+1","Choke","Cloak And Dagger+1","Finisher+1","Dodge and Roll+1","Die Die Die+1","Flying Knee+1","Cloak And Dagger+1","Leg Sweep+1","Prepared+1","Accuracy+1","Dodge and Roll+1","Impatience+1","Leg Sweep+1","Backflip+1","Terror+1","Adrenaline+1","Cloak And Dagger+1"],"special_seed":0,"relics":["Astrolabe","Singing Bowl","Meat on the Bone","Incense Burner","Prayer Wheel","Pen Nib","Odd Mushroom","Mercury Hourglass","Tiny House","WingedGreaves","Molten Egg 2","OrangePellets","Tough Bandages","Toxic Egg 2","Philosopher\u0027s Stone","Letter Opener","Kunai","Gremlin Horn","Orichalcum","Anchor"],"potions_floor_usage":[36,45],"damage_taken":[{"damage":8.0,"enemies":"Jaw Worm","floor":1.0,"turns":4.0},{"damage":0.0,"enemies":"Cultist","floor":2.0,"turns":3.0},{"damage":8.0,"enemies":"3 Sentries","floor":7.0,"turns":5.0},{"damage":0.0,"enemies":"2 Louse","floor":10.0,"turns":1.0},{"damage":3.0,"enemies":"Looter","floor":12.0,"turns":2.0},{"damage":13.0,"enemies":"The Mushroom Lair","floor":13.0,"turns":3.0},{"damage":4.0,"enemies":"Lagavulin","floor":14.0,"turns":5.0},{"damage":27.0,"enemies":"Slime Boss","floor":16.0,"turns":7.0},{"damage":19.0,"enemies":"Spheric Guardian","floor":18.0,"turns":5.0},{"damage":8.0,"enemies":"Colosseum Slavers","floor":19.0,"turns":4.0},{"damage":12.0,"enemies":"Colosseum Nobs","floor":19.0,"turns":4.0},{"damage":4.0,"enemies":"Shell Parasite","floor":22.0,"turns":2.0},{"damage":17.0,"enemies":"Snake Plant","floor":24.0,"turns":3.0},{"damage":27.0,"enemies":"Gremlin Leader","floor":25.0,"turns":7.0},{"damage":13.0,"enemies":"Sentry and Sphere","floor":28.0,"turns":5.0},{"damage":9.0,"enemies":"Slavers","floor":29.0,"turns":5.0},{"damage":14.0,"enemies":"Champ","floor":33.0,"turns":10.0},{"damage":6.0,"enemies":"3 Shapes","floor":35.0,"turns":3.0},{"damage":25,"enemies":"3 Darklings","floor":36,"turns":4},{"damage":1,"enemies":"Maw","floor":37,"turns":6},{"damage":1,"enemies":"Nemesis","floor":40,"turns":5},{"damage":7,"enemies":"Giant Head","floor":42,"turns":6},{"damage":0,"enemies":"Reptomancer","floor":45,"turns":5},{"damage":8,"enemies":"Spire Growth","floor":47,"turns":4},{"damage":0,"enemies":"Transient","floor":48,"turns":5},{"damage":4,"enemies":"Donu and Deca","floor":50,"turns":8}],"seed_played":"3778632163753834819","potions_obtained":[{"floor":2.0,"key":"Fire Potion"},{"floor":7.0,"key":"GhostInAJar"},{"floor":12.0,"key":"SteroidPotion"},{"floor":14.0,"key":"SteroidPotion"},{"floor":16.0,"key":"Weak Potion"},{"floor":29.0,"key":"Dexterity Potion"},{"floor":33.0,"key":"Strength Potion"},{"floor":35.0,"key":"Fire Potion"},{"floor":42,"key":"Swift Potion"},{"floor":45,"key":"GamblersBrew"}],"is_trial":false,"path_per_floor":["M","M","?","?","T","R","E","R","T","M","$","M","?","E","R","B",null,"M","?","$","?","M","R","M","E","T","?","M","E","R","$","R","B",null,"M","M","M","$","?","E","R","E","T","R","E","?","M","M","R","B",null],"character_chosen":"THE_SILENT","items_purchased":["Pen Nib","OrangePellets","Letter Opener"],"campfire_rested":2,"item_purchase_floors":[11,20,38],"current_hp_per_floor":[62,62,62,51,51,51,45,45,45,47,47,46,47,43,43,28,85,66,46,46,46,56,56,53,40,40,40,41,44,71,71,71,59,95,89,66,67,67,61,60,60,53,53,83,83,83,75,79,79,75],"gold":211,"neow_bonus":"BOSS_RELIC","is_prod":false,"is_daily":false,"chose_seed":false,"campfire_upgraded":6,"win_rate":0,"timestamp":1549698676,"path_taken":["M","M","?","?","?","R","E","R","T","M","$","?","?","E","R","BOSS","M","?","$","?","M","R","?","E","T","?","M","E","R","$","R","BOSS","M","M","M","$","?","E","R","E","T","R","E","?","M","M","R","BOSS"],"build_version":"2019-01-23","purchased_purges":2,"victory":true,"max_hp_per_floor":[70,70,70,70,70,70,72,72,72,74,74,76,78,78,78,78,85,85,85,85,85,87,87,89,91,91,91,93,93,93,93,93,95,95,95,97,99,99,103,103,103,103,103,103,103,98,98,102,102,102],"card_choices":[{"not_picked":["Dodge and Roll","Flechettes"],"picked":"Backstab","floor":1.0},{"not_picked":["Outmaneuver","Dash"],"picked":"Cloak And Dagger","floor":2.0},{"not_picked":["Tactician","Well Laid Plans","Dodge and Roll"],"picked":"Singing Bowl","floor":7.0},{"not_picked":["Dodge and Roll","Distraction"],"picked":"Infinite Blades","floor":10.0},{"not_picked":["Slice","Corpse Explosion","Dagger Spray"],"picked":"Singing Bowl","floor":10.0},{"not_picked":["Acrobatics","Backstab"],"picked":"Deflect","floor":12.0},{"not_picked":["Dodge and Roll","Riddle With Holes","Acrobatics"],"picked":"Singing Bowl","floor":12.0},{"not_picked":["Outmaneuver","Dodge and Roll","Quick Slash"],"picked":"Singing Bowl","floor":13.0},{"not_picked":["Heel Hook","Poisoned Stab"],"picked":"Backflip","floor":14.0},{"not_picked":["Tools of the Trade","Glass Knife"],"picked":"After Image","floor":16.0},{"not_picked":["Flechettes","All Out Attack","PiercingWail"],"picked":"Singing Bowl","floor":17.0},{"not_picked":["Blade Dance","Slice+1"],"picked":"Accuracy","floor":18.0},{"not_picked":["Sucker Punch","Noxious Fumes+1"],"picked":"Choke","floor":18.0},{"not_picked":["Quick Slash+1","Deflect"],"picked":"Cloak And Dagger+1","floor":19.0},{"not_picked":["Eviscerate+1","Underhanded Strike+1","Quick Slash+1"],"picked":"Singing Bowl","floor":22.0},{"not_picked":["Dash+1","Poisoned Stab+1"],"picked":"Finisher+1","floor":22.0},{"not_picked":["Dagger Spray+1","Poisoned Stab+1"],"picked":"Dodge and Roll+1","floor":24.0},{"not_picked":["Cloak And Dagger","Deflect","Dagger Spray+1"],"picked":"Singing Bowl","floor":24.0},{"not_picked":["Masterful Stab+1","Acrobatics","Backflip"],"picked":"Singing Bowl","floor":25.0},{"not_picked":["Glass Knife+1","Deadly Poison","PiercingWail"],"picked":"Singing Bowl","floor":28.0},{"not_picked":["Dagger Spray+1","Blade Dance"],"picked":"Flying Knee+1","floor":28.0},{"not_picked":["Underhanded Strike+1","Tactician"],"picked":"Cloak And Dagger+1","floor":29.0},{"not_picked":["A Thousand Cuts","Glass Knife+1","Phantasmal Killer+1"],"picked":"Singing Bowl","floor":33.0},{"not_picked":["Poisoned Stab+1","Bane+1"],"picked":"Leg Sweep+1","floor":35.0},{"not_picked":["Poisoned Stab+1","Dagger Spray+1"],"picked":"Prepared+1","floor":35.0},{"not_picked":["Eviscerate+1","Heel Hook+1","Slice+1"],"picked":"Singing Bowl","floor":36},{"not_picked":["Escape Plan+1","Backflip+1"],"picked":"Accuracy+1","floor":36},{"not_picked":["Acrobatics+1","Outmaneuver+1"],"picked":"Dodge and Roll+1","floor":37},{"not_picked":["Prepared+1","Flying Knee+1","Flechettes+1"],"picked":"SKIP","floor":37},{"not_picked":["Prepared+1","Flying Knee+1","Flechettes+1"],"picked":"Singing Bowl","floor":37},{"not_picked":["PanicButton+1","Dramatic Entrance+1"],"picked":"Impatience+1","floor":39},{"not_picked":["Metamorphosis+1","Enlightenment+1","Chrysalis+1"],"picked":"Singing Bowl","floor":39},{"not_picked":["Jack Of All Trades+1","PanicButton+1","HandOfGreed+1"],"picked":"Singing Bowl","floor":39},{"not_picked":["Slice+1","Prepared+1"],"picked":"Leg Sweep+1","floor":40},{"not_picked":["Noxious Fumes+1","Predator+1"],"picked":"Backflip+1","floor":42},{"not_picked":["Flechettes+1","Slice+1"],"picked":"Terror+1","floor":45},{"not_picked":["Footwork+1","Dodge and Roll+1"],"picked":"Adrenaline+1","floor":47},{"not_picked":["Predator+1","Bouncing Flask+1"],"picked":"Cloak And Dagger+1","floor":47},{"not_picked":["Deflect+1","Flying Knee+1","Outmaneuver+1"],"picked":"Singing Bowl","floor":48},{"not_picked":["Underhanded Strike+1","Acrobatics+1","Outmaneuver+1"],"picked":"Singing Bowl","floor":48}],"player_experience":279086,"relics_obtained":[{"floor":5.0,"key":"Meat on the Bone"},{"floor":7.0,"key":"Incense Burner"},{"floor":9.0,"key":"Prayer Wheel"},{"floor":13.0,"key":"Odd Mushroom"},{"floor":14.0,"key":"Mercury Hourglass"},{"floor":19.0,"key":"WingedGreaves"},{"floor":19.0,"key":"Molten Egg 2"},{"floor":25.0,"key":"Tough Bandages"},{"floor":29.0,"key":"Toxic Egg 2"},{"floor":40,"key":"Kunai"},{"floor":42,"key":"Gremlin Horn"},{"floor":43,"key":"Orichalcum"},{"floor":45,"key":"Anchor"}],"event_choices":[{"damage_healed":0.0,"max_hp_gain":0.0,"max_hp_loss":0.0,"gold_gain":0.0,"event_name":"Big Fish","player_choice":"Box","floor":3.0,"gold_loss":0.0,"damage_taken":0.0,"relics_obtained":["Singing Bowl"],"cards_obtained":["Regret"]},{"damage_healed":0.0,"max_hp_gain":0.0,"max_hp_loss":0.0,"gold_gain":75.0,"event_name":"World of Goop","player_choice":"Gather Gold","floor":4.0,"gold_loss":0.0,"damage_taken":11.0},{"damage_healed":0.0,"max_hp_gain":0.0,"max_hp_loss":0.0,"gold_gain":0.0,"event_name":"Mushrooms","player_choice":"Fought Mushrooms","floor":13.0,"gold_loss":0.0,"damage_taken":0.0},{"damage_healed":0.0,"max_hp_gain":0.0,"max_hp_loss":0.0,"gold_gain":0.0,"event_name":"Colosseum","player_choice":"Fight","floor":19.0,"gold_loss":0.0,"damage_taken":0.0},{"damage_healed":0.0,"max_hp_gain":0.0,"max_hp_loss":0.0,"gold_gain":0.0,"event_name":"Colosseum","player_choice":"Fought Nobs","floor":19.0,"gold_loss":0.0,"damage_taken":0.0},{"damage_healed":0.0,"max_hp_gain":0.0,"max_hp_loss":0.0,"gold_gain":0.0,"event_name":"Lab","player_choice":"Got Potions","floor":21.0,"gold_loss":0.0,"damage_taken":0.0},{"damage_healed":0.0,"max_hp_gain":0.0,"max_hp_loss":0.0,"gold_gain":0.0,"event_name":"The Library","player_choice":"Read","floor":27.0,"gold_loss":0.0,"damage_taken":0.0,"cards_obtained":["Die Die Die"]},{"damage_healed":0,"gold_gain":0,"player_choice":"Memory 3","damage_taken":10,"max_hp_gain":0,"max_hp_loss":0,"event_name":"SensoryStone","floor":39,"gold_loss":0},{"damage_healed":0,"gold_gain":0,"player_choice":"Max HP","damage_taken":0,"max_hp_gain":0,"max_hp_loss":5,"event_name":"Winding Halls","floor":46,"gold_loss":0}],"is_beta":false,"boss_relics":[{"not_picked":["Pandora\u0027s Box","Runic Dome"],"picked":"Tiny House"},{"not_picked":["Orrery","Black Star"],"picked":"Philosopher\u0027s Stone"}],"items_purged_floors":[20,38],"is_endless":false,"potions_floor_spawned":[2,7,12,14,16,25,28,29,33,35,42,45],"ascension_level":2}