{"gold_per_floor":[116,129,143,156,168,168,179,179,179,179,204,204,223,241,241,313,313,333,351,351,72,82,82,82,7,7,32,32,47,47,61,61,139,139,154,173,185,185,185,185,185],"floor_reached":41,"playtime":1528,"items_purged":[],"score":655,"play_id":"d7b38009-ce75-4cf4-acec-1e6cecc82aa3","local_time":"20190618152359","is_ascension_mode":true,"campfire_choices":[{"data":"Noxious Fumes","floor":6.0,"key":"SMITH"},{"floor":8.0,"key":"REST"},{"data":"Cloak And Dagger","floor":10.0,"key":"SMITH"},{"floor":15.0,"key":"REST"},{"floor":23.0,"key":"REST"},{"floor":30.0,"key":"REST"},{"data":"Noxious Fumes","floor":32.0,"key":"SMITH"},{"floor":40,"key":"REST"}],"neow_cost":"NONE","seed_source_timestamp":9877138549716,"circlet_count":0,"master_deck":["AscendersBane","Defend_G","Defend_G","Strike_G","Strike_G","Survivor","Neutralize+1","Quick Slash","Noxious Fumes+1","Cloak And Dagger+1","Footwork","Terror","PiercingWail","Noxious Fumes+1","Backstab","Dash","Corpse Explosion","All Out Attack+1","Sucker Punch+1","Deadly Poison","Backstab","Noxious Fumes+1","Riddle With Holes+1","Dash+1","Parasite"],"special_seed":0,"relics":["Ring of the Snake","Nunchaku","Lantern","Sozu","Snake Skull","Nilry\u0027s Codex","Pantograph","PreservedInsect","Astrolabe"],"potions_floor_usage":[],"damage_taken":[{"damage":0.0,"enemies":"Cultist","floor":1.0,"turns":4.0},{"damage":1.0,"enemies":"2 Louse","floor":2.0,"turns":3.0},{"damage":4.0,"enemies":"Small Slimes","floor":3.0,"turns":4.0},{"damage":8.0,"enemies":"Looter","floor":4.0,"turns":4.0},{"damage":3.0,"enemies":"Large Slime","floor":5.0,"turns":9.0},{"damage":19.0,"enemies":"Lots of Slimes","floor":7.0,"turns":5.0},{"damage":25.0,"enemies":"3 Sentries","floor":11.0,"turns":7.0},{"damage":14.0,"enemies":"Exordium Thugs","floor":13.0,"turns":4.0},{"damage":5.0,"enemies":"2 Fungi Beasts","floor":14.0,"turns":3.0},{"damage":11.0,"enemies":"The Guardian","floor":16.0,"turns":10.0},{"damage":13.0,"enemies":"2 Thieves","floor":18.0,"turns":3.0},{"damage":0.0,"enemies":"3 Byrds","floor":19.0,"turns":3.0},{"damage":22.0,"enemies":"Snake Plant","floor":22.0,"turns":4.0},{"damage":12.0,"enemies":"Sentry and Sphere","floor":29.0,"turns":5.0},{"damage":7.0,"enemies":"Chosen and Byrds","floor":31.0,"turns":4.0},{"damage":47.0,"enemies":"Automaton","floor":33.0,"turns":8.0},{"damage":7,"enemies":"3 Shapes","floor":35,"turns":4},{"damage":7,"enemies":"Orb Walker","floor":36,"turns":2},{"damage":38,"enemies":"Writhing Mass","floor":37,"turns":7},{"damage":24,"enemies":"Sphere and 2 Shapes","floor":41,"turns":3}],"seed_played":"5279236421320978158","potions_obtained":[{"floor":3.0,"key":"Strength Potion"},{"floor":7.0,"key":"SteroidPotion"},{"floor":14.0,"key":"Regen Potion"}],"is_trial":false,"path_per_floor":["M","M","M","M","M","R","M","R","T","R","E","?","M","M","R","B",null,"M","M","?","$","M","R","?","?","T","T","$","M","R","M","R","B",null,"M","M","M","?","?","R","M"],"character_chosen":"THE_SILENT","items_purchased":["Snake Skull","Deadly Poison","Backstab"],"campfire_rested":5,"item_purchase_floors":[21,21,21],"current_hp_per_floor":[63,62,58,50,47,47,28,49,49,49,24,24,10,5,26,30,60,47,47,47,47,25,46,30,30,30,30,30,18,39,32,32,10,55,48,41,3,3,3,24,0],"gold":185,"neow_bonus":"UPGRADE_CARD","is_prod":false,"is_daily":false,"chose_seed":false,"campfire_upgraded":3,"win_rate":0,"timestamp":1560842639,"path_taken":["M","M","M","M","M","R","M","R","T","R","E","?","M","M","R","BOSS","M","M","?","$","M","R","?","?","T","?","$","M","R","M","R","BOSS","M","M","M","?","?","R","?"],"build_version":"2019-01-23","purchased_purges":0,"victory":false,"max_hp_per_floor":[70,70,70,70,70,70,70,70,70,70,70,70,70,70,70,70,70,70,70,70,70,70,70,70,70,70,70,70,70,70,70,70,70,70,70,70,70,70,70,70,70],"card_choices":[{"not_picked":["Blade Dance","Acrobatics"],"picked":"Quick Slash","floor":1.0},{"not_picked":["Infinite Blades","Crippling Poison"],"picked":"Noxious Fumes","floor":2.0},{"not_picked":["Slice","Reflex"],"picked":"Cloak And Dagger","floor":3.0},{"not_picked":["Caltrops","Acrobatics"],"picked":"Footwork","floor":4.0},{"not_picked":["Outmaneuver","Cloak And Dagger"],"picked":"Terror","floor":5.0},{"not_picked":["Bane","Prepared"],"picked":"PiercingWail","floor":7.0},{"not_picked":["Unload","Quick Slash"],"picked":"Noxious Fumes","floor":11.0},{"not_picked":["Outmaneuver","Blade Dance"],"picked":"Backstab","floor":13.0},{"not_picked":["Infinite Blades","Eviscerate"],"picked":"Dash","floor":14.0},{"not_picked":["Tools of the Trade","Venomology"],"picked":"Corpse Explosion","floor":16.0},{"not_picked":["Riddle With Holes","Dagger Throw+1"],"picked":"All Out Attack+1","floor":18.0},{"not_picked":["PiercingWail","Underhanded Strike"],"picked":"Sucker Punch+1","floor":19.0},{"not_picked":["Caltrops","Slice","Flying Knee"],"picked":"SKIP","floor":22.0},{"not_picked":["Underhanded Strike","Flying Knee+1","Dagger Spray"],"picked":"SKIP","floor":29.0},{"not_picked":["Dagger Throw","Choke","Deadly Poison"],"picked":"SKIP","floor":31.0},{"not_picked":["Dagger Spray","Backflip","Tactician"],"picked":"SKIP","floor":35},{"not_picked":["Accuracy+1","Dodge and Roll","Backflip"],"picked":"SKIP","floor":36},{"not_picked":["Acrobatics","Distraction","Masterful Stab"],"picked":"SKIP","floor":37}],"player_experience":788106,"relics_obtained":[{"floor":9.0,"key":"Nunchaku"},{"floor":11.0,"key":"Lantern"},{"floor":24.0,"key":"Nilry\u0027s Codex"},{"floor":26.0,"key":"Pantograph"},{"floor":27.0,"key":"PreservedInsect"}],"event_choices":[{"damage_healed":0.0,"max_hp_gain":0.0,"max_hp_loss":0.0,"gold_gain":0.0,"event_name":"Golden Wing","player_choice":"Ignored","floor":12.0,"gold_loss":0.0,"damage_taken":0.0},{"cards_removed":["Strike_G"],"damage_healed":0.0,"max_hp_gain":0.0,"max_hp_loss":0.0,"gold_gain":0.0,"event_name":"Back to Basics","player_choice":"Elegance","floor":20.0,"gold_loss":0.0,"damage_taken":0.0},{"damage_healed":0.0,"max_hp_gain":0.0,"max_hp_loss":0.0,"gold_gain":0.0,"event_name":"Cursed Tome","player_choice":"Obtained Book","floor":24.0,"gold_loss":0.0,"damage_taken":16.0},{"cards_removed":["Strike_G"],"damage_healed":0.0,"max_hp_gain":0.0,"max_hp_loss":0.0,"gold_gain":0.0,"event_name":"Beggar","player_choice":"Gave Gold","floor":25.0,"gold_loss":75.0,"damage_taken":0.0},{"cards_removed":["Defend_G"],"damage_healed":0,"gold_gain":0,"player_choice":"Removed Skill","damage_taken":0,"max_hp_gain":0,"max_hp_loss":0,"event_name":"Falling","floor":38,"gold_loss":0},{"damage_healed":0,"gold_gain":0,"player_choice":"Bought 0 Potions","damage_taken":0,"max_hp_gain":0,"max_hp_loss":0,"event_name":"The Woman in Blue","floor":39,"gold_loss":0}],"is_beta":false,"boss_relics":[{"not_picked":["Lizard Tail","WristBlade"],"picked":"Sozu"},{"not_picked":["Runic Dome","White Beast Statue"],"picked":"Astrolabe"}],"items_purged_floors":[],"is_endless":false,"potions_floor_spawned":[3,7,11,13,14,18,29,31,36,37],"killed_by":"Sphere and 2 Shapes","ascension_level":13}