{"gold_per_floor":[365,383,396,131,31,65,65,90,137,137,157,167,99,99,99,196,196,213,213,213,213,67,83,96,96,96,96,107,107,118,136,136,136],"floor_reached":33,"playtime":2391,"items_purged":["Shame","Strike_G"],"score":360,"play_id":"51013b44-21c2-48d4-a526-a4a0caf2f68b","local_time":"20190220001416","is_ascension_mode":true,"campfire_choices":[{"floor":7.0,"key":"REST"},{"floor":15.0,"key":"REST"},{"floor":25.0,"key":"REST"},{"data":"Bullet Time","floor":27.0,"key":"SMITH"},{"floor":32.0,"key":"REST"}],"neow_cost":"CURSE","seed_source_timestamp":0,"circlet_count":0,"master_deck":["Defend_G","Defend_G","Defend_G","Defend_G","Strike_G","Strike_G","Survivor","Neutralize","Flying Knee","Crippling Poison","Dagger Throw","Dagger Spray","Sucker Punch","Burst","Poisoned Stab","Outmaneuver","Well Laid Plans","Bullet Time+1","Backflip+1","Expertise","Quick Slash","Adrenaline","Bane","Heel Hook","Dodge and Roll"],"special_seed":0,"relics":["Ring of the Snake","Happy Flower","Pantograph","Juzu Bracelet","Omamori","WarpedTongs","Lizard Tail","Ninja Scroll"],"potions_floor_usage":[],"damage_taken":[{"damage":5.0,"enemies":"Cultist","floor":1.0,"turns":5.0},{"damage":1.0,"enemies":"2 Louse","floor":2.0,"turns":2.0},{"damage":1.0,"enemies":"Small Slimes","floor":3.0,"turns":4.0},{"damage":39.0,"enemies":"3 Sentries","floor":6.0,"turns":11.0},{"damage":24.0,"enemies":"Gremlin Nob","floor":8.0,"turns":5.0},{"damage":5.0,"enemies":"3 Louse","floor":11.0,"turns":3.0},{"damage":5.0,"enemies":"Exordium Thugs","floor":12.0,"turns":5.0},{"damage":15.0,"enemies":"Slime Boss","floor":16.0,"turns":13.0},{"damage":14.0,"enemies":"3 Byrds","floor":18.0,"turns":5.0},{"damage":3.0,"enemies":"Shell Parasite","floor":23.0,"turns":6.0},{"damage":27.0,"enemies":"Snecko","floor":24.0,"turns":5.0},{"damage":21.0,"enemies":"Centurion and Healer","floor":28.0,"turns":10.0},{"damage":14.0,"enemies":"Cultist and Chosen","floor":30.0,"turns":7.0},{"damage":1.0,"enemies":"Shelled Parasite and Fungi","floor":31.0,"turns":3.0},{"damage":108,"enemies":"Automaton","floor":33,"turns":10}],"seed_played":"-744706846631800007","potions_obtained":[{"floor":2.0,"key":"LiquidBronze"},{"floor":3.0,"key":"AttackPotion"},{"floor":8.0,"key":"GhostInAJar"},{"floor":11.0,"key":"Poison Potion"},{"floor":12.0,"key":"AttackPotion"},{"floor":18.0,"key":"Energy Potion"},{"floor":23.0,"key":"FearPotion"}],"is_trial":false,"path_per_floor":["M","M","M","$","$","E","R","E","T","$","M","M","$","?","R","B",null,"M","?","T","?","$","M","M","R","T","R","M","?","M","M","R","B"],"character_chosen":"THE_SILENT","items_purchased":["Happy Flower","Dagger Spray","Well Laid Plans","Adrenaline"],"campfire_rested":4,"item_purchase_floors":[4,4,13,22],"current_hp_per_floor":[58,57,56,56,56,17,38,14,14,14,9,4,4,4,25,35,61,47,47,47,47,47,44,17,38,38,38,17,17,3,2,23,0],"gold":136,"neow_bonus":"TWO_FIFTY_GOLD","is_prod":false,"is_daily":false,"chose_seed":false,"campfire_upgraded":1,"win_rate":0,"timestamp":1550589256,"path_taken":["M","?","M","?","$","E","R","E","T","$","M","M","$","?","R","BOSS","M","?","?","?","$","M","M","R","T","R","M","?","M","M","R","BOSS"],"build_version":"2019-01-23","purchased_purges":2,"victory":false,"max_hp_per_floor":[70,70,70,70,70,70,70,70,70,70,70,70,70,70,70,70,70,70,70,70,70,70,70,70,70,70,70,70,70,70,70,70,70],"card_choices":[{"not_picked":["Concentrate","Deadly Poison"],"picked":"Flying Knee","floor":1.0},{"not_picked":["Dagger Spray","Outmaneuver"],"picked":"Crippling Poison","floor":2.0},{"not_picked":["Escape Plan","Outmaneuver"],"picked":"Dagger Throw","floor":3.0},{"not_picked":["Prepared","Quick Slash"],"picked":"Sucker Punch","floor":6.0},{"not_picked":["Poisoned Stab","Choke"],"picked":"Burst","floor":8.0},{"not_picked":["Quick Slash","Infinite Blades"],"picked":"Poisoned Stab","floor":11.0},{"not_picked":["Dagger Spray","Cloak And Dagger"],"picked":"Outmaneuver","floor":12.0},{"not_picked":["A Thousand Cuts","Doppelganger"],"picked":"Bullet Time","floor":16.0},{"not_picked":["Masterful Stab+1","Backstab"],"picked":"Backflip","floor":18.0},{"not_picked":["Quick Slash","Distraction","Slice"],"picked":"SKIP","floor":23.0},{"not_picked":["Quick Slash","Tactician"],"picked":"Bane","floor":24.0},{"not_picked":["Cloak And Dagger","Dagger Throw","Underhanded Strike"],"picked":"SKIP","floor":28.0},{"not_picked":["Backstab+1","Burst"],"picked":"Heel Hook","floor":30.0},{"not_picked":["Prepared","Expertise"],"picked":"Dodge and Roll","floor":31.0}],"player_experience":372868,"relics_obtained":[{"floor":6.0,"key":"Pantograph"},{"floor":8.0,"key":"Juzu Bracelet"},{"floor":9.0,"key":"Omamori"},{"floor":26.0,"key":"Ninja Scroll"}],"event_choices":[{"damage_healed":0.0,"max_hp_gain":0.0,"max_hp_loss":0.0,"gold_gain":0.0,"event_name":"Accursed Blacksmith","player_choice":"Rummage","floor":14.0,"gold_loss":0.0,"damage_taken":0.0,"relics_obtained":["WarpedTongs"],"cards_obtained":["Pain"]},{"damage_healed":0.0,"max_hp_gain":0.0,"max_hp_loss":0.0,"gold_gain":0.0,"event_name":"Upgrade Shrine","player_choice":"Upgraded","floor":19.0,"gold_loss":0.0,"damage_taken":0.0,"cards_upgraded":["Backflip"]},{"damage_healed":0.0,"max_hp_gain":0.0,"max_hp_loss":0.0,"gold_gain":0.0,"cards_transformed":["Defend_G","Strike_G"],"event_name":"Drug Dealer","player_choice":"Became Test Subject","floor":21.0,"gold_loss":0.0,"damage_taken":0.0,"cards_obtained":["Expertise","Quick Slash"]},{"cards_removed":["Strike_G"],"damage_healed":0.0,"max_hp_gain":0.0,"max_hp_loss":0.0,"gold_gain":0.0,"event_name":"Bonfire Elementals","player_choice":"Offered Basic","floor":29.0,"gold_loss":0.0,"damage_taken":0.0}],"is_beta":false,"boss_relics":[{"not_picked":["Snecko Eye","Busted Crown"],"picked":"Lizard Tail"}],"items_purged_floors":[4,5],"is_endless":false,"potions_floor_spawned":[2,3,8,11,12,18,23],"killed_by":"Automaton","ascension_level":8}