{"gold_per_floor":[110,60,36,36,36,63,77,77,154,154,187,50,78,98,98,203,203,221,240,515,535,450,466,486,486,486,498,498,153,184,194,194,296,296,315,128,128,0,18,50,50,81,106,106,6,36,36,51,51,51,51,51,0,29,29],"floor_reached":55,"playtime":5169,"items_purged":["Regret","Strike_G","Strike_G"],"score":1244,"play_id":"1c5ebd1a-97de-4cf4-bf86-b8d0af789447","local_time":"20190224142028","is_ascension_mode":true,"campfire_choices":[{"data":"Bouncing Flask","floor":8.0,"key":"SMITH"},{"data":"Neutralize","floor":10.0,"key":"SMITH"},{"floor":15.0,"key":"REST"},{"floor":25.0,"key":"DIG"},{"floor":28.0,"key":"DIG"},{"floor":32.0,"key":"REST"},{"floor":41.0,"key":"REST"},{"floor":44.0,"key":"RECALL"},{"data":"Concentrate","floor":47.0,"key":"SMITH"},{"data":"Burst","floor":49.0,"key":"SMITH"},{"data":"Tactician","floor":52.0,"key":"SMITH"}],"neow_cost":"NONE","seed_source_timestamp":13372194440873,"circlet_count":0,"master_deck":["Defend_G","Defend_G","Defend_G","Defend_G","Strike_G","Strike_G","Survivor","Neutralize+1","Underhanded Strike","Dagger Throw","Bouncing Flask+1","Blur","Finisher","Grand Finale","Footwork","Escape Plan","Burst+1","Dodge and Roll+1","Blur+1","All Out Attack","PiercingWail+1","Crippling Poison","Backflip+1","Storm of Steel","Prepared","Concentrate+1","Tactician+1","Cloak And Dagger+1","Escape Plan"],"special_seed":0,"relics":["Ring of the Snake","NeowsBlessing","Shovel","Ninja Scroll","Pantograph","Ancient Tea Set","Kunai","Philosopher\u0027s Stone","Regal Pillow","Mercury Hourglass","Smiling Mask","Bottled Flame","Tough Bandages","PreservedInsect","Runic Pyramid","Red Mask","Bag of Preparation","Oddly Smooth Stone","Bottled Lightning","Blood Vial"],"potions_floor_usage":[55,55],"damage_taken":[{"damage":0.0,"enemies":"2 Louse","floor":1.0,"turns":1.0},{"damage":0.0,"enemies":"3 Sentries","floor":6.0,"turns":1.0},{"damage":0.0,"enemies":"Jaw Worm","floor":7.0,"turns":1.0},{"damage":23.0,"enemies":"Lagavulin","floor":11.0,"turns":6.0},{"damage":18.0,"enemies":"Gremlin Nob","floor":13.0,"turns":4.0},{"damage":0.0,"enemies":"Small Slimes","floor":14.0,"turns":2.0},{"damage":36.0,"enemies":"Slime Boss","floor":16.0,"turns":12.0},{"damage":0.0,"enemies":"Spheric Guardian","floor":18.0,"turns":6.0},{"damage":4.0,"enemies":"Shell Parasite","floor":19.0,"turns":5.0},{"damage":6.0,"enemies":"Chosen and Byrds","floor":21.0,"turns":9.0},{"damage":8.0,"enemies":"3 Cultists","floor":23.0,"turns":6.0},{"damage":5.0,"enemies":"Centurion and Healer","floor":24.0,"turns":8.0},{"damage":13.0,"enemies":"Cultist and Chosen","floor":27.0,"turns":10.0},{"damage":13.0,"enemies":"Book of Stabbing","floor":30.0,"turns":5.0},{"damage":7.0,"enemies":"Snake Plant","floor":31.0,"turns":4.0},{"damage":34.0,"enemies":"Collector","floor":33.0,"turns":11.0},{"damage":0.0,"enemies":"Orb Walker","floor":35.0,"turns":3.0},{"damage":17.0,"enemies":"3 Darklings","floor":39.0,"turns":4.0},{"damage":32.0,"enemies":"Giant Head","floor":40.0,"turns":9.0},{"damage":9.0,"enemies":"Reptomancer","floor":42.0,"turns":7.0},{"damage":0.0,"enemies":"Giant Head","floor":46.0,"turns":7.0},{"damage":0.0,"enemies":"Sphere and 2 Shapes","floor":48.0,"turns":7.0},{"damage":0.0,"enemies":"Awakened One","floor":50.0,"turns":27.0},{"damage":18.0,"enemies":"Shield and Spear","floor":54.0,"turns":6.0},{"damage":72,"enemies":"The Heart","floor":55,"turns":8}],"seed_played":"8897930831586996280","potions_obtained":[{"floor":7.0,"key":"FearPotion"},{"floor":13.0,"key":"LiquidBronze"},{"floor":23.0,"key":"Regen Potion"},{"floor":24.0,"key":"GamblersBrew"},{"floor":35.0,"key":"SteroidPotion"},{"floor":46.0,"key":"Dexterity Potion"}],"is_trial":false,"path_per_floor":["M","?","$","?","?","E","M","R","T","R","E","$","E","M","R","B",null,"M","M","?","M","?","M","M","R","T","M","R","$","E","M","R","B",null,"M","$","?","?","M","E","R","E","T","R","$","E","R","M","R","B",null,"R","$","E","B"],"character_chosen":"THE_SILENT","items_purchased":["Dagger Throw","Grand Finale","Tough Bandages","Storm of Steel","SpeedPotion","Swift Potion"],"campfire_rested":3,"item_purchase_floors":[3,12,29,36,45,53],"current_hp_per_floor":[63,63,63,56,53,53,53,53,53,53,30,30,12,12,33,22,58,58,54,54,48,48,40,50,50,50,37,37,37,24,17,53,36,62,62,62,62,62,45,13,47,38,38,38,38,38,38,38,38,63,65,65,65,47,0],"gold":29,"neow_bonus":"THREE_ENEMY_KILL","is_prod":false,"is_daily":false,"chose_seed":false,"campfire_upgraded":5,"win_rate":0,"timestamp":1550985628,"path_taken":["M","?","$","?","?","E","M","R","T","R","E","$","E","M","R","BOSS","M","M","?","?","?","M","M","R","T","M","R","$","E","M","R","BOSS","M","$","?","?","M","E","R","E","T","R","$","E","R","M","R","BOSS","R","$","E","BOSS"],"build_version":"2019-01-23","purchased_purges":3,"victory":false,"max_hp_per_floor":[70,70,70,70,70,70,70,70,70,70,70,70,70,70,70,70,70,70,70,70,70,70,70,70,70,70,70,70,70,70,70,70,70,70,70,70,66,66,66,66,66,66,66,66,66,66,66,66,66,66,66,66,66,66,66],"card_choices":[{"not_picked":["Deflect","Dodge and Roll"],"picked":"Underhanded Strike","floor":1.0},{"not_picked":["Blade Dance","Dodge and Roll"],"picked":"Bouncing Flask","floor":6.0},{"not_picked":["Sucker Punch","Dagger Spray"],"picked":"Blur","floor":7.0},{"not_picked":["Prepared","Footwork"],"picked":"Finisher","floor":11.0},{"not_picked":["Distraction","Dodge and Roll"],"picked":"Footwork","floor":13.0},{"not_picked":["Dagger Spray","Leg Sweep"],"picked":"Escape Plan","floor":14.0},{"not_picked":["Night Terror","A Thousand Cuts"],"picked":"Burst","floor":16.0},{"not_picked":["Prepared","Finisher"],"picked":"Dodge and Roll+1","floor":18.0},{"not_picked":["Flying Knee","Infinite Blades"],"picked":"Blur+1","floor":19.0},{"not_picked":["Deadly Poison+1","Footwork","Riddle With Holes+1"],"picked":"SKIP","floor":21.0},{"not_picked":["Cloak And Dagger","Deflect"],"picked":"All Out Attack","floor":23.0},{"not_picked":["Setup","Escape Plan"],"picked":"PiercingWail+1","floor":24.0},{"not_picked":["Caltrops+1","Outmaneuver","Glass Knife"],"picked":"SKIP","floor":27.0},{"not_picked":["Cloak And Dagger","Infinite Blades","PiercingWail"],"picked":"SKIP","floor":30.0},{"not_picked":["Finisher","Predator"],"picked":"Crippling Poison","floor":31.0},{"not_picked":["Dagger Throw+1","Dodge and Roll+1"],"picked":"Backflip+1","floor":35.0},{"not_picked":["Dodge and Roll","Outmaneuver+1"],"picked":"Prepared","floor":39.0},{"not_picked":["Dagger Throw+1","Poisoned Stab+1"],"picked":"Concentrate","floor":40.0},{"not_picked":["Quick Slash","Sucker Punch+1","Cloak And Dagger"],"picked":"SKIP","floor":42.0},{"not_picked":["Masterful Stab","Corpse Explosion"],"picked":"Tactician","floor":46.0},{"not_picked":["PiercingWail","Deflect"],"picked":"Cloak And Dagger+1","floor":48.0},{"not_picked":["Footwork+1","Flying Knee"],"picked":"Escape Plan","floor":54.0}],"player_experience":394138,"relics_obtained":[{"floor":6.0,"key":"Ninja Scroll"},{"floor":9.0,"key":"Pantograph"},{"floor":11.0,"key":"Ancient Tea Set"},{"floor":13.0,"key":"Kunai"},{"floor":25.0,"key":"Mercury Hourglass"},{"floor":26.0,"key":"Smiling Mask"},{"floor":28.0,"key":"Bottled Flame"},{"floor":30.0,"key":"PreservedInsect"},{"floor":40.0,"key":"Bag of Preparation"},{"floor":42.0,"key":"Oddly Smooth Stone"},{"floor":46.0,"key":"Bottled Lightning"},{"floor":54.0,"key":"Blood Vial"}],"event_choices":[{"cards_removed":["Strike_G"],"damage_healed":0.0,"max_hp_gain":0.0,"max_hp_loss":0.0,"gold_gain":0.0,"event_name":"The Cleric","player_choice":"Card Removal","floor":2.0,"gold_loss":50.0,"damage_taken":0.0},{"cards_removed":["Defend_G"],"damage_healed":0.0,"max_hp_gain":0.0,"max_hp_loss":0.0,"gold_gain":0.0,"event_name":"Golden Wing","player_choice":"Card Removal","floor":4.0,"gold_loss":0.0,"damage_taken":7.0},{"damage_healed":0.0,"max_hp_gain":0.0,"max_hp_loss":0.0,"gold_gain":0.0,"event_name":"Scrap Ooze","player_choice":"Success","floor":5.0,"gold_loss":0.0,"damage_taken":3.0,"relics_obtained":["Shovel"]},{"damage_healed":0.0,"max_hp_gain":0.0,"max_hp_loss":0.0,"gold_gain":275.0,"event_name":"Golden Shrine","player_choice":"Desecrate","floor":20.0,"gold_loss":0.0,"damage_taken":0.0,"cards_obtained":["Regret"]},{"damage_healed":0.0,"max_hp_gain":0.0,"max_hp_loss":0.0,"gold_gain":0.0,"event_name":"Addict","player_choice":"Obtained Relic","floor":22.0,"gold_loss":85.0,"damage_taken":0.0,"relics_obtained":["Regal Pillow"]},{"damage_healed":0.0,"max_hp_gain":0.0,"max_hp_loss":4.0,"gold_gain":0.0,"event_name":"Winding Halls","player_choice":"Max HP","floor":37.0,"gold_loss":0.0,"damage_taken":0.0},{"damage_healed":0.0,"max_hp_gain":0.0,"max_hp_loss":0.0,"gold_gain":0.0,"event_name":"Tomb of Lord Red Mask","player_choice":"Paid","floor":38.0,"gold_loss":128.0,"damage_taken":0.0,"relics_obtained":["Red Mask"]}],"is_beta":false,"boss_relics":[{"not_picked":["WristBlade","Velvet Choker"],"picked":"Philosopher\u0027s Stone"},{"not_picked":["Snecko Eye","Empty Cage"],"picked":"Runic Pyramid"}],"items_purged_floors":[29,36,45],"is_endless":false,"potions_floor_spawned":[7,13,23,24,35,46,48,54],"killed_by":"The Heart","ascension_level":9}