{"gold_per_floor":[118,193,193,42,60,91,91,109,157,185,205,218,218,237,237,341,341,361,381,381,296,312,344,22,41,66,66,92,92,92,119,119,119],"floor_reached":33,"playtime":1796,"items_purged":[],"score":527,"play_id":"685cbd1e-fc58-426b-8f44-19afb0b8fbf7","local_time":"20190217014625","is_ascension_mode":true,"campfire_choices":[{"data":"Poisoned Stab","floor":7.0,"key":"SMITH"},{"floor":13.0,"key":"REST"},{"data":"Dodge and Roll","floor":15.0,"key":"SMITH"},{"data":"Noxious Fumes","floor":27.0,"key":"SMITH"},{"floor":29.0,"key":"REST"},{"floor":32.0,"key":"REST"}],"neow_cost":"NONE","seed_source_timestamp":21441993186083,"circlet_count":0,"master_deck":["Defend_G","Defend_G","Defend_G","Defend_G","Defend_G","Strike_G","Strike_G","Strike_G","Survivor","Neutralize","Poisoned Stab+1","Bane","Backflip","Cloak And Dagger","Flying Knee","Sucker Punch","Noxious Fumes+1","Backstab","Distraction","Bane","Dodge and Roll+1","Blur","Venomology","Dodge and Roll+1","Dagger Throw+1","Noxious Fumes","Deflect","Crippling Poison","Escape Plan","Skewer","Bouncing Flask","PiercingWail+1","Dodge and Roll+1"],"special_seed":0,"relics":["Ring of the Snake","NeowsBlessing","Pen Nib","The Specimen","Happy Flower","Dream Catcher","Philosopher\u0027s Stone","Sundial","FossilizedHelix","Ice Cream","Orichalcum","Girya","Gremlin Horn","Ornamental Fan"],"potions_floor_usage":[],"damage_taken":[{"damage":0.0,"enemies":"Small Slimes","floor":1.0,"turns":1.0},{"damage":0.0,"enemies":"Cultist","floor":5.0,"turns":1.0},{"damage":0.0,"enemies":"Lagavulin","floor":6.0,"turns":1.0},{"damage":7.0,"enemies":"Jaw Worm","floor":8.0,"turns":2.0},{"damage":16.0,"enemies":"3 Sentries","floor":10.0,"turns":7.0},{"damage":2.0,"enemies":"Exordium Thugs","floor":11.0,"turns":4.0},{"damage":1.0,"enemies":"Exordium Wildlife","floor":12.0,"turns":2.0},{"damage":5.0,"enemies":"Looter","floor":14.0,"turns":2.0},{"damage":0.0,"enemies":"Slime Boss","floor":16.0,"turns":9.0},{"damage":16.0,"enemies":"Shell Parasite","floor":18.0,"turns":5.0},{"damage":14.0,"enemies":"2 Thieves","floor":19.0,"turns":3.0},{"damage":18.0,"enemies":"Chosen and Byrds","floor":22.0,"turns":7.0},{"damage":6.0,"enemies":"Gremlin Leader","floor":23.0,"turns":6.0},{"damage":1.0,"enemies":"Centurion and Healer","floor":25.0,"turns":6.0},{"damage":17.0,"enemies":"Book of Stabbing","floor":28.0,"turns":6.0},{"damage":15.0,"enemies":"Slavers","floor":31.0,"turns":5.0},{"damage":63,"enemies":"Champ","floor":33,"turns":9}],"seed_played":"-1573111596841600996","potions_obtained":[{"floor":1.0,"key":"Poison Potion"},{"floor":8.0,"key":"GhostInAJar"},{"floor":10.0,"key":"SkillPotion"},{"floor":11.0,"key":"FearPotion"},{"floor":22.0,"key":"Regen Potion"},{"floor":23.0,"key":"Poison Potion"}],"is_trial":false,"path_per_floor":["M","?","?","$","M","E","R","M","T","E","M","M","R","M","R","B",null,"M","M","?","?","M","E","$","M","T","R","E","R","T","E","R","B"],"character_chosen":"THE_SILENT","items_purchased":["Bane","Backflip","Cloak And Dagger","Ice Cream","Skewer"],"campfire_rested":3,"item_purchase_floors":[4,4,4,24,24],"current_hp_per_floor":[63,52,52,52,52,52,52,45,45,29,27,26,47,42,42,42,63,47,33,33,33,15,49,49,48,48,48,31,52,52,37,58,0],"gold":119,"neow_bonus":"THREE_ENEMY_KILL","is_prod":false,"is_daily":false,"chose_seed":false,"campfire_upgraded":3,"win_rate":0,"timestamp":1550335585,"path_taken":["M","?","?","$","M","E","R","M","T","E","M","?","R","M","R","BOSS","M","M","?","?","M","E","$","?","T","R","E","R","?","E","R","BOSS"],"build_version":"2019-01-23","purchased_purges":0,"victory":false,"max_hp_per_floor":[70,70,70,70,70,70,70,70,70,70,70,70,70,70,70,70,70,70,70,70,70,70,70,70,70,70,70,70,70,70,70,70,70],"card_choices":[{"not_picked":["Distraction","Infinite Blades"],"picked":"Poisoned Stab","floor":1.0},{"not_picked":["Prepared","Acrobatics"],"picked":"Flying Knee","floor":5.0},{"not_picked":["Quick Slash","Phantasmal Killer"],"picked":"Sucker Punch","floor":6.0},{"not_picked":["Expertise","Deadly Poison"],"picked":"Noxious Fumes","floor":8.0},{"not_picked":["Acrobatics","Choke"],"picked":"Backstab","floor":10.0},{"not_picked":["Escape Plan","Cloak And Dagger"],"picked":"Distraction","floor":11.0},{"not_picked":["Endless Agony","Sucker Punch"],"picked":"Bane","floor":12.0},{"not_picked":["Corpse Explosion","Caltrops"],"picked":"Dodge and Roll","floor":13.0},{"not_picked":["Blade Dance","Poisoned Stab"],"picked":"Blur","floor":14.0},{"not_picked":["Storm of Steel","Die Die Die"],"picked":"Venomology","floor":16.0},{"not_picked":["Tactician+1","Quick Slash"],"picked":"Dodge and Roll+1","floor":18.0},{"not_picked":["Dodge and Roll+1","Dagger Spray"],"picked":"Dagger Throw+1","floor":19.0},{"not_picked":["Slice","Deflect"],"picked":"Crippling Poison","floor":22.0},{"not_picked":["Concentrate","Predator"],"picked":"Escape Plan","floor":23.0},{"not_picked":["Blade Dance","Underhanded Strike","Outmaneuver"],"picked":"SKIP","floor":25.0},{"not_picked":["Cloak And Dagger","Slice"],"picked":"Bouncing Flask","floor":28.0},{"not_picked":["Finisher","Prepared"],"picked":"PiercingWail+1","floor":31.0},{"not_picked":["Blade Dance","Concentrate"],"picked":"Dodge and Roll+1","floor":32.0}],"player_experience":351792,"relics_obtained":[{"floor":6.0,"key":"The Specimen"},{"floor":9.0,"key":"Happy Flower"},{"floor":10.0,"key":"Dream Catcher"},{"floor":23.0,"key":"FossilizedHelix"},{"floor":26.0,"key":"Orichalcum"},{"floor":28.0,"key":"Girya"},{"floor":30.0,"key":"Gremlin Horn"},{"floor":31.0,"key":"Ornamental Fan"}],"event_choices":[{"damage_healed":0.0,"max_hp_gain":0.0,"max_hp_loss":0.0,"gold_gain":75.0,"event_name":"World of Goop","player_choice":"Gather Gold","floor":2.0,"gold_loss":0.0,"damage_taken":11.0},{"damage_healed":0.0,"max_hp_gain":0.0,"max_hp_loss":0.0,"gold_gain":0.0,"event_name":"WeMeetAgain","player_choice":"Gave Potion","floor":3.0,"gold_loss":0.0,"damage_taken":0.0,"relics_obtained":["Pen Nib"]},{"damage_healed":0.0,"max_hp_gain":0.0,"max_hp_loss":0.0,"gold_gain":0.0,"cards_transformed":["Strike_G","Strike_G"],"event_name":"Drug Dealer","player_choice":"Became Test Subject","floor":20.0,"gold_loss":0.0,"damage_taken":0.0,"cards_obtained":["Noxious Fumes","Deflect"]},{"damage_healed":0.0,"max_hp_gain":0.0,"max_hp_loss":0.0,"gold_gain":0.0,"event_name":"Addict","player_choice":"Obtained Relic","floor":21.0,"gold_loss":85.0,"damage_taken":0.0,"relics_obtained":["Sundial"]}],"is_beta":false,"boss_relics":[{"not_picked":["Eternal Feather","Velvet Choker"],"picked":"Philosopher\u0027s Stone"}],"items_purged_floors":[],"is_endless":false,"potions_floor_spawned":[1,8,10,11,12,22,23],"killed_by":"Champ","ascension_level":7}