{"gold_per_floor":[118,118,137,153,53,53,79,92,92,92,92,104,115,68,68,171,171,187,198,215,93,107,107,125,142,142,142,142,142,160,171,171,268,318,331,154,168,187,287,287,319,319,319,334,344,344],"floor_reached":46,"playtime":3364,"items_purged":["Defend_G","Strike_G","Injury"],"score":666,"play_id":"0c7fc4e6-fab3-43ad-a74a-556d4e4de9c3","local_time":"20190218233533","is_ascension_mode":true,"campfire_choices":[{"data":"Leg Sweep","floor":6.0,"key":"SMITH"},{"floor":11.0,"key":"REST"},{"floor":15.0,"key":"REST"},{"floor":23.0,"key":"REST"},{"floor":27.0,"key":"REST"},{"floor":29.0,"key":"REST"},{"floor":32.0,"key":"REST"},{"floor":40.0,"key":"REST"},{"floor":42.0,"key":"REST"}],"neow_cost":"NONE","seed_source_timestamp":0,"circlet_count":0,"master_deck":["Defend_G","Defend_G","Defend_G","Defend_G","Strike_G","Strike_G","Survivor","Neutralize","Underhanded Strike","Calculated Gamble","Leg Sweep+1","Leg Sweep","Backflip","Prepared","Eviscerate+1","Masterful Stab","Flying Knee","Flying Knee","Underhanded Strike","Envenom","Crippling Poison+1","Dagger Spray+1","Burst","Deadly Poison","Dagger Throw","Setup","Terror","Poisoned Stab","Outmaneuver+1","Malaise","All Out Attack+1","Dagger Throw+1","Distraction+1","Parasite","Poisoned Stab","Heel Hook","Parasite","Catalyst+1","Underhanded Strike+1","Parasite"],"special_seed":0,"relics":["Ring of the Snake","Letter Opener","Question Card","Ice Cream","Cursed Key","Shuriken","Tiny House","Thread and Needle","Ornamental Fan"],"potions_floor_usage":[],"damage_taken":[{"damage":0.0,"enemies":"Cultist","floor":1.0,"turns":5.0},{"damage":0.0,"enemies":"2 Louse","floor":3.0,"turns":3.0},{"damage":2.0,"enemies":"Small Slimes","floor":4.0,"turns":5.0},{"damage":45.0,"enemies":"Gremlin Nob","floor":7.0,"turns":8.0},{"damage":14.0,"enemies":"Gremlin Gang","floor":8.0,"turns":7.0},{"damage":11.0,"enemies":"Large Slime","floor":12.0,"turns":10.0},{"damage":3.0,"enemies":"3 Louse","floor":13.0,"turns":3.0},{"damage":27.0,"enemies":"The Guardian","floor":16.0,"turns":19.0},{"damage":15.0,"enemies":"Spheric Guardian","floor":18.0,"turns":5.0},{"damage":16.0,"enemies":"Chosen","floor":19.0,"turns":5.0},{"damage":9.0,"enemies":"Snake Plant","floor":20.0,"turns":4.0},{"damage":10.0,"enemies":"Centurion and Healer","floor":22.0,"turns":6.0},{"damage":21.0,"enemies":"Sentry and Sphere","floor":24.0,"turns":7.0},{"damage":2.0,"enemies":"3 Cultists","floor":25.0,"turns":4.0},{"damage":0.0,"enemies":"Snecko","floor":30.0,"turns":4.0},{"damage":27.0,"enemies":"Cultist and Chosen","floor":31.0,"turns":7.0},{"damage":30.0,"enemies":"Champ","floor":33.0,"turns":13.0},{"damage":19.0,"enemies":"3 Darklings","floor":35.0,"turns":5.0},{"damage":12.0,"enemies":"Orb Walker","floor":37.0,"turns":5.0},{"damage":34.0,"enemies":"Writhing Mass","floor":38.0,"turns":6.0},{"damage":15.0,"enemies":"Reptomancer","floor":41.0,"turns":7.0},{"damage":15.0,"enemies":"Jaw Worm Horde","floor":44.0,"turns":5.0},{"damage":16.0,"enemies":"4 Shapes","floor":45.0,"turns":6.0},{"damage":9,"enemies":"Writhing Mass","floor":46,"turns":6}],"seed_played":"-8677473171551819960","potions_obtained":[{"floor":1.0,"key":"EssenceOfSteel"},{"floor":12.0,"key":"SneckoOil"},{"floor":16.0,"key":"Energy Potion"},{"floor":18.0,"key":"Explosive Potion"},{"floor":22.0,"key":"GhostInAJar"},{"floor":33.0,"key":"Regen Potion"},{"floor":34.0,"key":"GhostInAJar"},{"floor":41.0,"key":"Explosive Potion"},{"floor":44.0,"key":"Block Potion"},{"floor":45.0,"key":"Energy Potion"}],"is_trial":false,"path_per_floor":["M","T","M","M","$","R","E","M","T","?","R","M","M","$","R","B",null,"M","M","M","$","M","R","M","M","T","R","?","R","M","M","R","B",null,"M","$","M","M","?","R","E","R","T","M","M","M"],"character_chosen":"THE_SILENT","items_purchased":["Backflip","Underhanded Strike","Deadly Poison","Poison Potion"],"campfire_rested":8,"item_purchase_floors":[5,14,21,36],"current_hp_per_floor":[63,63,63,61,61,61,16,2,2,2,23,12,9,9,30,3,53,38,22,13,13,3,24,3,1,1,22,22,43,43,16,37,7,59,54,54,42,8,8,30,15,37,37,22,6,0],"gold":344,"neow_bonus":"TRANSFORM_CARD","is_prod":false,"is_daily":false,"chose_seed":false,"campfire_upgraded":1,"win_rate":0,"timestamp":1550500533,"path_taken":["M","?","M","M","$","R","E","M","T","?","R","M","?","$","R","BOSS","M","M","M","$","M","R","M","M","T","R","?","R","M","M","R","BOSS","M","$","M","M","?","R","E","R","T","M","?","M"],"build_version":"2019-01-23","purchased_purges":3,"victory":false,"max_hp_per_floor":[70,70,70,70,70,70,70,70,70,70,70,70,70,70,70,70,70,70,70,70,70,70,70,70,70,70,70,70,70,70,70,70,70,75,75,75,75,75,75,75,75,75,75,75,75,75],"card_choices":[{"not_picked":["Outmaneuver","PiercingWail"],"picked":"Calculated Gamble","floor":1.0},{"not_picked":["Footwork","PiercingWail"],"picked":"Leg Sweep","floor":3.0},{"not_picked":["Cloak And Dagger","Sucker Punch"],"picked":"Leg Sweep","floor":4.0},{"not_picked":["Finisher","Bane"],"picked":"Prepared","floor":7.0},{"not_picked":["Footwork","Sucker Punch","Infinite Blades"],"picked":"Eviscerate","floor":8.0},{"not_picked":["PiercingWail","Flechettes","Deadly Poison"],"picked":"Flying Knee","floor":12.0},{"not_picked":["Finisher","PiercingWail","Infinite Blades"],"picked":"Flying Knee","floor":13.0},{"not_picked":["Wraith Form v2","Unload","Grand Finale"],"picked":"Envenom","floor":16.0},{"not_picked":["Noxious Fumes","Underhanded Strike","Flying Knee+1"],"picked":"Crippling Poison+1","floor":18.0},{"not_picked":["Poisoned Stab","Bane","Deadly Poison+1"],"picked":"Dagger Spray+1","floor":19.0},{"not_picked":["Prepared","PiercingWail","Finisher"],"picked":"Burst","floor":20.0},{"not_picked":["Blade Dance","Finisher","Prepared"],"picked":"Dagger Throw","floor":22.0},{"not_picked":["Dash","Dagger Spray+1","Quick Slash+1"],"picked":"Setup","floor":24.0},{"not_picked":["Eviscerate+1","Distraction","Dagger Throw"],"picked":"Terror","floor":25.0},{"not_picked":["Outmaneuver","Calculated Gamble","Accuracy"],"picked":"Poisoned Stab","floor":30.0},{"not_picked":["Cloak And Dagger","Sucker Punch","Poisoned Stab"],"picked":"Outmaneuver+1","floor":31.0},{"not_picked":["Wraith Form v2","Die Die Die","After Image"],"picked":"Malaise","floor":33.0},{"not_picked":["Bane","Slice","Dagger Spray"],"picked":"All Out Attack+1","floor":34.0},{"not_picked":["Bane","Underhanded Strike","Cloak And Dagger+1"],"picked":"Dagger Throw+1","floor":35.0},{"not_picked":["Dodge and Roll","Outmaneuver+1","Dagger Spray"],"picked":"Distraction+1","floor":37.0},{"not_picked":["Outmaneuver","Backstab","Terror+1"],"picked":"Poisoned Stab","floor":38.0},{"not_picked":["Backflip","Backstab+1","Eviscerate"],"picked":"Heel Hook","floor":41.0},{"not_picked":["Footwork+1","Predator","Prepared"],"picked":"Catalyst+1","floor":44.0},{"not_picked":["Cloak And Dagger","Backstab+1","Leg Sweep+1"],"picked":"Underhanded Strike+1","floor":45.0}],"player_experience":361013,"relics_obtained":[{"floor":2.0,"key":"Letter Opener"},{"floor":7.0,"key":"Question Card"},{"floor":9.0,"key":"Ice Cream"},{"floor":26.0,"key":"Shuriken"},{"floor":41.0,"key":"Thread and Needle"},{"floor":43.0,"key":"Ornamental Fan"}],"event_choices":[{"damage_healed":0.0,"max_hp_gain":0.0,"max_hp_loss":0.0,"gold_gain":0.0,"cards_transformed":["Strike_G"],"event_name":"Transmorgrifier","player_choice":"Transformed","floor":10.0,"gold_loss":0.0,"damage_taken":0.0,"cards_obtained":["Masterful Stab"]},{"damage_healed":0.0,"max_hp_gain":0.0,"max_hp_loss":0.0,"gold_gain":0.0,"event_name":"Ghosts","player_choice":"Ignored","floor":28.0,"gold_loss":0.0,"damage_taken":0.0},{"damage_healed":0.0,"max_hp_gain":0.0,"max_hp_loss":0.0,"gold_gain":100.0,"event_name":"Golden Shrine","player_choice":"Pray","floor":39.0,"gold_loss":0.0,"damage_taken":0.0}],"is_beta":false,"boss_relics":[{"not_picked":["Runic Dome","Sozu"],"picked":"Cursed Key"},{"not_picked":["Busted Crown","Lizard Tail"],"picked":"Tiny House"}],"items_purged_floors":[5,21,36],"is_endless":false,"potions_floor_spawned":[1,12,16,18,22,33,41,44,45],"killed_by":"Writhing Mass","ascension_level":8}