{"gold_per_floor":[116,66,82,92,62,93,105,105,105,118,135,167,180,180],"floor_reached":14,"playtime":1180,"items_purged":[],"score":104,"play_id":"a9180262-da58-4b66-acfb-3a8cbb6c378b","local_time":"20190126004627","is_ascension_mode":false,"campfire_choices":[{"floor":8,"key":"REST"}],"neow_cost":"NONE","seed_source_timestamp":18875486659623,"circlet_count":0,"master_deck":["Defend_G","Defend_G","Defend_G","Defend_G","Defend_G","Strike_G","Strike_G","Strike_G","Strike_G","Survivor","Neutralize","Well Laid Plans","Crippling Poison","Backflip","Poisoned Stab","Poisoned Stab","Dagger Throw","Terror","Deadly Poison","Dagger Throw","Deadly Poison"],"relics":["Ring of the Snake","Bird Faced Urn","Matryoshka","Bottled Lightning"],"potions_floor_usage":[13],"damage_taken":[{"damage":0,"enemies":"Small Slimes","floor":1,"turns":5},{"damage":0,"enemies":"2 Louse","floor":3,"turns":4},{"damage":5,"enemies":"Cultist","floor":4,"turns":4},{"damage":2,"enemies":"Looter","floor":5,"turns":4},{"damage":29,"enemies":"3 Sentries","floor":6,"turns":15},{"damage":14,"enemies":"Lots of Slimes","floor":7,"turns":4},{"damage":5,"enemies":"Exordium Wildlife","floor":10,"turns":3},{"damage":18,"enemies":"Exordium Thugs","floor":11,"turns":5},{"damage":16,"enemies":"Lagavulin","floor":12,"turns":5},{"damage":5,"enemies":"Gremlin Gang","floor":13,"turns":4}],"seed_played":"-5890153825072524743","potions_obtained":[{"floor":1,"key":"Weak Potion"},{"floor":3,"key":"Dexterity Potion"},{"floor":7,"key":"SpeedPotion"}],"is_trial":false,"path_per_floor":["M","?","M","M","M","E","M","R","T","M","M","E","M","?"],"character_chosen":"THE_SILENT","items_purchased":[],"campfire_rested":1,"item_purchase_floors":[],"current_hp_per_floor":[77,77,77,72,70,41,27,50,50,45,29,15,12,0],"gold":180,"neow_bonus":"TEN_PERCENT_HP_BONUS","is_prod":false,"is_daily":false,"chose_seed":false,"campfire_upgraded":0,"win_rate":0.0,"timestamp":1548431187,"path_taken":["M","?","M","M","M","E","M","R","T","M","M","E","M","?"],"build_version":"2019-01-23","purchased_purges":0,"victory":false,"max_hp_per_floor":[77,77,77,77,77,77,77,77,77,77,77,77,77,77],"card_choices":[{"not_picked":["Expertise","Quick Slash"],"picked":"Well Laid Plans","floor":1},{"not_picked":["Masterful Stab","Poisoned Stab"],"picked":"Crippling Poison","floor":3},{"not_picked":["Bane","Blade Dance"],"picked":"Backflip","floor":4},{"not_picked":["Predator","Acrobatics"],"picked":"Poisoned Stab","floor":5},{"not_picked":["Dodge and Roll","A Thousand Cuts"],"picked":"Poisoned Stab","floor":6},{"not_picked":["PiercingWail","Backflip"],"picked":"Dagger Throw","floor":7},{"not_picked":["Acrobatics","Backflip"],"picked":"Terror","floor":10},{"not_picked":["Blade Dance","Dagger Throw"],"picked":"Deadly Poison","floor":11},{"not_picked":["Deflect","Dodge and Roll"],"picked":"Dagger Throw","floor":12},{"not_picked":["Heel Hook","PiercingWail"],"picked":"Deadly Poison","floor":13}],"player_experience":59787,"relics_obtained":[{"floor":6,"key":"Bird Faced Urn"},{"floor":9,"key":"Matryoshka"},{"floor":12,"key":"Bottled Lightning"}],"event_choices":[{"cards_removed":["Strike_G"],"damage_healed":0,"gold_gain":0,"player_choice":"Card Removal","damage_taken":0,"max_hp_gain":0,"max_hp_loss":0,"event_name":"The Cleric","floor":2,"gold_loss":50}],"is_beta":false,"boss_relics":[],"items_purged_floors":[],"is_endless":false,"potions_floor_spawned":[1,3,7,10,11],"ascension_level":0}