{"gold_per_floor":[113,73,47,47,62,89,89,102,102,119,419,430,447,54,54,149,149,167,167,180,197,54,54,79,98,98,131,145,165,165,53,53,150,150,169,169,169,169,8,8,43,143,143,161,161,161,174,189,189,189],"floor_reached":50,"playtime":2403,"items_purged":["Defend_G","Writhe"],"score":669,"play_id":"eeba99e4-cdf8-421a-ad1a-97cab03a4888","local_time":"20190209183150","is_ascension_mode":true,"campfire_choices":[{"floor":7.0,"key":"REST"},{"floor":15.0,"key":"REST"},{"floor":23.0,"key":"REST"},{"floor":30.0,"key":"REST"},{"floor":32.0,"key":"REST"},{"floor":40,"key":"RECALL"},{"data":"Backflip","floor":46,"key":"SMITH"},{"floor":49,"key":"REST"}],"neow_cost":"PERCENT_DAMAGE","seed_source_timestamp":84750760073486,"circlet_count":0,"master_deck":["Defend_G","Defend_G","Strike_G","Strike_G","Strike_G","Survivor","Neutralize","Choke","Deadly Poison","Calculated Gamble","Catalyst","Terror","PiercingWail","Catalyst","Backflip+1","Venomology","Die Die Die","Deadly Poison","Concentrate+1","Bane","Poisoned Stab+1","Backflip+1","Cloak And Dagger+1","Prepared","Noxious Fumes","Bouncing Flask","Envenom","Bane+1","Noxious Fumes","Catalyst","Deadly Poison+1","Cloak And Dagger+1","Acrobatics+1","Backflip+1"],"special_seed":0,"relics":["Ring of the Snake","The Courier","Mercury Hourglass","Old Coin","Toy Ornithopter","PreservedInsect","Philosopher\u0027s Stone","Nilry\u0027s Codex","Snake Skull","Molten Egg 2","Art of War","Incense Burner","HoveringKite","Ginger","Shovel","Vajra"],"potions_floor_usage":[35,35,41,44,44,47,48,50,50],"damage_taken":[{"damage":3.0,"enemies":"Small Slimes","floor":1.0,"turns":5.0},{"damage":5.0,"enemies":"Cultist","floor":5.0,"turns":4.0},{"damage":15.0,"enemies":"Lagavulin","floor":6.0,"turns":6.0},{"damage":7.0,"enemies":"Jaw Worm","floor":8.0,"turns":3.0},{"damage":22.0,"enemies":"Exordium Thugs","floor":10.0,"turns":6.0},{"damage":0.0,"enemies":"Exordium Wildlife","floor":12.0,"turns":3.0},{"damage":7.0,"enemies":"Blue Slaver","floor":13.0,"turns":3.0},{"damage":19.0,"enemies":"Hexaghost","floor":16.0,"turns":7.0},{"damage":17.0,"enemies":"2 Thieves","floor":18.0,"turns":3.0},{"damage":11.0,"enemies":"Shell Parasite","floor":20.0,"turns":3.0},{"damage":13.0,"enemies":"Centurion and Healer","floor":21.0,"turns":4.0},{"damage":10.0,"enemies":"Slavers","floor":24.0,"turns":3.0},{"damage":11.0,"enemies":"Cultist and Chosen","floor":25.0,"turns":5.0},{"damage":37.0,"enemies":"Gremlin Leader","floor":27.0,"turns":6.0},{"damage":8.0,"enemies":"Snecko","floor":28.0,"turns":3.0},{"damage":4.0,"enemies":"Centurion and Healer","floor":29.0,"turns":4.0},{"damage":19.0,"enemies":"Collector","floor":33.0,"turns":6.0},{"damage":48,"enemies":"3 Darklings","floor":35,"turns":4},{"damage":12,"enemies":"Giant Head","floor":41,"turns":5},{"damage":0,"enemies":"Mind Bloom Boss Battle","floor":42,"turns":4},{"damage":2,"enemies":"Orb Walker","floor":44,"turns":3},{"damage":10,"enemies":"4 Shapes","floor":47,"turns":4},{"damage":41,"enemies":"Maw","floor":48,"turns":6},{"damage":44,"enemies":"Donu and Deca","floor":50,"turns":2}],"seed_played":"3993348387999358849","potions_obtained":[{"floor":1.0,"key":"SteroidPotion"},{"floor":2.0,"key":"Fruit Juice"},{"floor":2.0,"key":"Ancient Potion"},{"floor":2.0,"key":"Block Potion"},{"floor":10.0,"key":"FearPotion"},{"floor":12.0,"key":"SpeedPotion"},{"floor":13.0,"key":"Swift Potion"},{"floor":24.0,"key":"Dexterity Potion"},{"floor":28.0,"key":"Fire Potion"},{"floor":29.0,"key":"SkillPotion"},{"floor":33.0,"key":"Weak Potion"},{"floor":42,"key":"SpeedPotion"},{"floor":44,"key":"Energy Potion"},{"floor":48,"key":"SteroidPotion"}],"is_trial":false,"path_per_floor":["M","?","$","?","M","E","R","M","T","M","T","M","M","$","R","B",null,"M","?","M","M","$","R","E","M","T","E","M","M","R","$","R","B",null,"M","?","?","T","$","R","E","?","T","M","$","R","M","M","R","B"],"character_chosen":"THE_SILENT","items_purchased":["Deadly Poison","Venomology","Toy Ornithopter","PreservedInsect","Snake Skull","Bane","Noxious Fumes","Bouncing Flask","Noxious Fumes","Catalyst"],"campfire_rested":6,"item_purchase_floors":[3,14,14,14,22,22,31,31,39,39],"current_hp_per_floor":[46,51,51,51,46,31,53,46,46,24,24,24,17,17,39,25,75,58,42,36,28,28,50,45,49,49,12,4,5,27,27,49,50,75,27,27,46,46,46,46,39,39,39,47,47,47,42,6,28,0],"gold":189,"neow_bonus":"REMOVE_TWO","is_prod":false,"is_daily":false,"chose_seed":false,"campfire_upgraded":1,"win_rate":0,"timestamp":1549704710,"path_taken":["M","?","?","?","?","E","R","M","T","M","?","M","M","$","R","BOSS","M","?","M","M","$","R","E","M","T","E","M","M","R","$","R","BOSS","M","?","?","?","$","R","E","?","T","M","$","R","M","M","R","BOSS"],"build_version":"2019-01-23","purchased_purges":2,"victory":false,"max_hp_per_floor":[70,75,75,75,75,75,75,75,75,75,75,75,75,75,75,75,75,75,75,75,75,75,75,75,75,75,75,75,75,75,75,75,75,75,75,75,75,75,75,75,75,75,75,75,75,75,75,75,75,75],"card_choices":[{"not_picked":["Concentrate","Underhanded Strike"],"picked":"Choke","floor":1.0},{"not_picked":["Quick Slash","Bane"],"picked":"Catalyst","floor":5.0},{"not_picked":["Accuracy","Caltrops"],"picked":"Terror","floor":6.0},{"not_picked":["Eviscerate","Deflect"],"picked":"PiercingWail","floor":8.0},{"not_picked":["Dagger Spray","Bane"],"picked":"Catalyst","floor":10.0},{"not_picked":["Tactician","Deflect"],"picked":"Backflip","floor":12.0},{"not_picked":["Quick Slash","Sucker Punch","Dagger Throw"],"picked":"SKIP","floor":13.0},{"not_picked":["Wraith Form v2","Malaise"],"picked":"Die Die Die","floor":16.0},{"not_picked":["Expertise+1","Accuracy+1"],"picked":"Deadly Poison","floor":18.0},{"not_picked":["Underhanded Strike","Distraction","Eviscerate"],"picked":"SKIP","floor":20.0},{"not_picked":["Underhanded Strike","Infinite Blades"],"picked":"Concentrate+1","floor":21.0},{"not_picked":["Dagger Spray","PiercingWail"],"picked":"Poisoned Stab+1","floor":24.0},{"not_picked":["Catalyst","Dash+1"],"picked":"Backflip+1","floor":25.0},{"not_picked":["Flying Knee+1","Outmaneuver"],"picked":"Cloak And Dagger+1","floor":27.0},{"not_picked":["Underhanded Strike+1","Distraction"],"picked":"Prepared","floor":28.0},{"not_picked":["Slice+1","Setup","Dodge and Roll"],"picked":"SKIP","floor":29.0},{"not_picked":["A Thousand Cuts","Grand Finale+1"],"picked":"Envenom","floor":33.0},{"not_picked":["Dodge and Roll","Underhanded Strike+1"],"picked":"Bane+1","floor":35},{"not_picked":["Underhanded Strike+1","Wraith Form v2"],"picked":"Deadly Poison+1","floor":41},{"not_picked":["Quick Slash+1","Dodge and Roll"],"picked":"Cloak And Dagger+1","floor":42},{"not_picked":["Backstab+1","Slice+1"],"picked":"Acrobatics+1","floor":44},{"not_picked":["Dagger Spray+1","Tactician+1"],"picked":"Backflip+1","floor":47},{"not_picked":["Slice+1","Underhanded Strike+1","Finisher+1"],"picked":"SKIP","floor":48}],"player_experience":285016,"relics_obtained":[{"floor":6.0,"key":"The Courier"},{"floor":9.0,"key":"Mercury Hourglass"},{"floor":11.0,"key":"Old Coin"},{"floor":19.0,"key":"Nilry\u0027s Codex"},{"floor":24.0,"key":"Molten Egg 2"},{"floor":26.0,"key":"Art of War"},{"floor":27.0,"key":"Incense Burner"},{"floor":41,"key":"Ginger"},{"floor":42,"key":"Shovel"},{"floor":43,"key":"Vajra"}],"event_choices":[{"damage_healed":0.0,"max_hp_gain":0.0,"max_hp_loss":0.0,"gold_gain":0.0,"event_name":"The Woman in Blue","player_choice":"Bought 3 Potions","floor":2.0,"gold_loss":0.0,"damage_taken":0.0},{"damage_healed":0.0,"max_hp_gain":0.0,"max_hp_loss":0.0,"gold_gain":0.0,"cards_transformed":["Defend_G"],"event_name":"Living Wall","player_choice":"Change","floor":4.0,"gold_loss":0.0,"damage_taken":0.0,"cards_obtained":["Calculated Gamble"]},{"damage_healed":0.0,"max_hp_gain":0.0,"max_hp_loss":0.0,"gold_gain":0.0,"event_name":"Cursed Tome","player_choice":"Obtained Book","floor":19.0,"gold_loss":0.0,"damage_taken":16.0},{"cards_removed":["Defend_G"],"damage_healed":0,"gold_gain":0,"player_choice":"Removed Skill","damage_taken":0,"max_hp_gain":0,"max_hp_loss":0,"event_name":"Falling","floor":36,"gold_loss":0},{"damage_healed":19,"gold_gain":0,"player_choice":"Writhe","damage_taken":0,"max_hp_gain":0,"max_hp_loss":0,"event_name":"Winding Halls","floor":37,"gold_loss":0,"cards_obtained":["Writhe"]},{"damage_healed":0,"gold_gain":0,"player_choice":"Fight","damage_taken":0,"max_hp_gain":0,"max_hp_loss":0,"event_name":"MindBloom","floor":42,"gold_loss":0}],"is_beta":false,"boss_relics":[{"not_picked":["Runic Dome","Busted Crown"],"picked":"Philosopher\u0027s Stone"},{"not_picked":["Snecko Eye","Coffee Dripper"],"picked":"HoveringKite"}],"items_purged_floors":[14,39],"is_endless":false,"potions_floor_spawned":[1,10,12,13,24,28,29,33,42,44,48],"killed_by":"Donu and Deca","ascension_level":4}