{"gold_per_floor":[116,131,146,33,108,108,164,164,164,193,212,212,212,14,14,117,117,137,149,64,0,19,19,19,19,98,122,147,147,172,15,15,111,111,125,125,72,72,0,0],"floor_reached":40,"playtime":2005,"items_purged":["Phantasmal Killer+1"],"score":540,"play_id":"77f3e269-f694-4309-8419-a8099d54669a","local_time":"20190209152329","is_ascension_mode":true,"campfire_choices":[{"data":"Noxious Fumes","floor":6.0,"key":"SMITH"},{"data":"Catalyst","floor":8.0,"key":"SMITH"},{"data":"Deadly Poison","floor":12.0,"key":"SMITH"},{"data":"Bouncing Flask","floor":15.0,"key":"SMITH"},{"floor":23.0,"key":"REST"},{"floor":25.0,"key":"REST"},{"floor":32.0,"key":"REST"}],"neow_cost":"NONE","seed_source_timestamp":73140604321633,"circlet_count":0,"master_deck":["Defend_G","Defend_G","Defend_G","Strike_G","Survivor","Neutralize","Blur","Deadly Poison+1","Flying Knee","Catalyst+1","Noxious Fumes+1","Blur","Footwork","Blur","Bouncing Flask+1","Sadistic Nature","Venomology","Dagger Throw+1","Well Laid Plans+1","Tactician","Dodge and Roll","Envenom","Backflip","Noxious Fumes","Corpse Explosion","Outmaneuver+1","Bane"],"special_seed":0,"relics":["Ring of the Serpent","Ancient Tea Set","Torii","Ginger","Astrolabe","Pen Nib","Meat on the Bone","Boot","Shovel","Red Mask"],"potions_floor_usage":[40],"damage_taken":[{"damage":0.0,"enemies":"2 Louse","floor":1.0,"turns":5.0},{"damage":11.0,"enemies":"Jaw Worm","floor":2.0,"turns":5.0},{"damage":0.0,"enemies":"Small Slimes","floor":3.0,"turns":4.0},{"damage":13.0,"enemies":"Lagavulin Event","floor":7.0,"turns":6.0},{"damage":1.0,"enemies":"Lagavulin","floor":10.0,"turns":6.0},{"damage":2.0,"enemies":"3 Louse","floor":11.0,"turns":4.0},{"damage":0.0,"enemies":"The Guardian","floor":16.0,"turns":7.0},{"damage":11.0,"enemies":"3 Byrds","floor":18.0,"turns":7.0},{"damage":35.0,"enemies":"2 Thieves","floor":19.0,"turns":5.0},{"damage":15.0,"enemies":"Centurion and Healer","floor":22.0,"turns":6.0},{"damage":16.0,"enemies":"Book of Stabbing","floor":28.0,"turns":7.0},{"damage":13.0,"enemies":"Colosseum Slavers","floor":29.0,"turns":5.0},{"damage":37.0,"enemies":"Slavers","floor":30.0,"turns":6.0},{"damage":30.0,"enemies":"Automaton","floor":33.0,"turns":9.0},{"damage":19.0,"enemies":"3 Shapes","floor":35.0,"turns":4.0},{"damage":68,"enemies":"Reptomancer","floor":40,"turns":2}],"seed_played":"-317128965481910072","potions_obtained":[{"floor":3.0,"key":"Ancient Potion"},{"floor":10.0,"key":"SpeedPotion"},{"floor":11.0,"key":"SpeedPotion"},{"floor":16.0,"key":"PowerPotion"},{"floor":30.0,"key":"Regen Potion"}],"is_trial":false,"path_per_floor":["M","M","M","$","?","R","?","R","T","E","M","R","?","$","R","B",null,"M","M","?","?","M","R","$","R","T","T","E","?","E","$","R","B",null,"M","?","$","$","?","E"],"character_chosen":"THE_SILENT","items_purchased":["Catalyst","Noxious Fumes","Bouncing Flask","Sadistic Nature","Noxious Fumes","Bane"],"campfire_rested":3,"item_purchase_floors":[4,4,14,14,31,37],"current_hp_per_floor":[70,59,59,59,48,48,35,35,35,34,32,32,32,32,32,32,70,59,24,24,24,9,30,30,51,51,51,47,46,21,21,42,39,70,51,51,51,51,51,0],"gold":0,"neow_bonus":"TRANSFORM_CARD","is_prod":false,"is_daily":false,"chose_seed":false,"campfire_upgraded":4,"win_rate":0,"timestamp":1549693409,"path_taken":["M","M","M","$","?","R","?","R","T","E","M","R","?","$","R","BOSS","M","M","?","?","M","R","$","R","T","?","E","?","E","$","R","BOSS","M","?","?","$","?","E"],"build_version":"2019-01-23","purchased_purges":1,"victory":false,"max_hp_per_floor":[70,70,70,70,70,70,70,70,70,70,70,70,70,70,70,70,70,70,70,70,70,70,70,70,70,70,70,70,70,70,70,70,70,70,70,70,70,70,70,70],"card_choices":[{"not_picked":["Cloak And Dagger","Underhanded Strike"],"picked":"Deadly Poison","floor":1.0},{"not_picked":["Eviscerate","Footwork"],"picked":"Flying Knee","floor":2.0},{"not_picked":["Outmaneuver","Deadly Poison","Underhanded Strike"],"picked":"SKIP","floor":3.0},{"not_picked":["Flechettes","Endless Agony"],"picked":"Blur","floor":7.0},{"not_picked":["Calculated Gamble","Well Laid Plans"],"picked":"Footwork","floor":10.0},{"not_picked":["Dash","PiercingWail","Reflex"],"picked":"SKIP","floor":11.0},{"not_picked":["A Thousand Cuts","Bullet Time"],"picked":"Venomology","floor":16.0},{"not_picked":["PiercingWail+1","Slice+1","Leg Sweep"],"picked":"SKIP","floor":18.0},{"not_picked":["Dash","Reflex"],"picked":"Tactician","floor":19.0},{"not_picked":["Acrobatics","Sucker Punch"],"picked":"Dodge and Roll","floor":22.0},{"not_picked":["Quick Slash+1","Acrobatics+1"],"picked":"Envenom","floor":28.0},{"not_picked":["Dagger Throw","Dodge and Roll"],"picked":"Backflip","floor":30.0},{"not_picked":["Tools of the Trade","Night Terror"],"picked":"Corpse Explosion","floor":33.0},{"not_picked":["Blade Dance","Backflip+1"],"picked":"Outmaneuver+1","floor":35.0}],"player_experience":275489,"relics_obtained":[{"floor":7.0,"key":"Ancient Tea Set"},{"floor":9.0,"key":"Torii"},{"floor":10.0,"key":"Ginger"},{"floor":26.0,"key":"Meat on the Bone"},{"floor":28.0,"key":"Boot"},{"floor":30.0,"key":"Shovel"}],"event_choices":[{"damage_healed":0.0,"max_hp_gain":0.0,"max_hp_loss":0.0,"gold_gain":75.0,"event_name":"World of Goop","player_choice":"Gather Gold","floor":5.0,"gold_loss":0.0,"damage_taken":11.0},{"damage_healed":0.0,"max_hp_gain":0.0,"max_hp_loss":0.0,"gold_gain":0.0,"event_name":"Dead Adventurer","player_choice":"Searched \u00272\u0027 times","floor":7.0,"gold_loss":0.0,"damage_taken":0.0},{"damage_healed":0.0,"max_hp_gain":0.0,"max_hp_loss":0.0,"gold_gain":0.0,"cards_transformed":["Strike_G"],"event_name":"Living Wall","player_choice":"Change","floor":13.0,"gold_loss":0.0,"damage_taken":0.0,"cards_obtained":["Blur"]},{"damage_healed":0.0,"max_hp_gain":0.0,"max_hp_loss":0.0,"gold_gain":0.0,"event_name":"Addict","player_choice":"Obtained Relic","floor":20.0,"gold_loss":85.0,"damage_taken":0.0,"relics_obtained":["Pen Nib"]},{"damage_healed":0.0,"max_hp_gain":0.0,"max_hp_loss":0.0,"gold_gain":0.0,"event_name":"Masked Bandits","player_choice":"Paid Fearfully","floor":21.0,"gold_loss":64.0,"damage_taken":0.0},{"damage_healed":0.0,"max_hp_gain":0.0,"max_hp_loss":0.0,"gold_gain":0.0,"event_name":"Colosseum","player_choice":"Fight","floor":29.0,"gold_loss":0.0,"damage_taken":0.0},{"damage_healed":0.0,"max_hp_gain":0.0,"max_hp_loss":0.0,"gold_gain":0.0,"event_name":"Colosseum","player_choice":"Fled From Nobs","floor":29.0,"gold_loss":0.0,"damage_taken":0.0},{"cards_removed":["Defend_G"],"damage_healed":0.0,"max_hp_gain":0.0,"max_hp_loss":0.0,"gold_gain":0.0,"event_name":"Bonfire Elementals","player_choice":"Offered Basic","floor":36.0,"gold_loss":0.0,"damage_taken":0.0},{"damage_healed":0.0,"max_hp_gain":0.0,"max_hp_loss":0.0,"gold_gain":0.0,"event_name":"Tomb of Lord Red Mask","player_choice":"Paid","floor":39.0,"gold_loss":72.0,"damage_taken":0.0,"relics_obtained":["Red Mask"]}],"is_beta":false,"boss_relics":[{"not_picked":["Lizard Tail","Ectoplasm"],"picked":"Astrolabe"},{"not_picked":["Tiny House","Sozu"],"picked":"Ring of the Serpent"}],"items_purged_floors":[31],"is_endless":false,"potions_floor_spawned":[3,10,11,16,29,30],"killed_by":"Reptomancer","ascension_level":2}