{"gold_per_floor":[118,132,132,57,74,109,109,134,134,134,147,175,175,191,191,296,296,314,326,344,362,287,312,312,343,343,343,343,343,168,185,185,283,283,295,307,129,176,187,220,13,13,13,27,27,44,144,159,159,159],"floor_reached":51,"playtime":6392,"items_purged":["Pain","Writhe","Strike_G"],"score":762,"play_id":"67a64f20-3117-4460-916d-82a6d74af551","local_time":"20190127001250","is_ascension_mode":false,"campfire_choices":[{"floor":7,"key":"REST"},{"floor":10,"key":"REST"},{"data":"Bouncing Flask","floor":13,"key":"SMITH"},{"data":"Neutralize","floor":15,"key":"SMITH"},{"data":"Blur","floor":27,"key":"SMITH"},{"floor":29,"key":"REST"},{"data":"Survivor","floor":32,"key":"SMITH"},{"data":"1","floor":45,"key":"LIFT"},{"floor":49,"key":"REST"}],"neow_cost":"PERCENT_DAMAGE","seed_source_timestamp":35023838814654,"circlet_count":0,"master_deck":["Defend_G","Defend_G","Defend_G","Defend_G","Defend_G","Strike_G","Strike_G","Strike_G","Survivor+1","Neutralize+1","Deadly Poison","Dagger Throw","Blur+1","Deadly Poison","Poisoned Stab+1","Prepared","Bouncing Flask+1","Tactician","Glass Knife+1","Quick Slash+1","Underhanded Strike+1","Bane+1","Skewer+1","Dash+1","Footwork+1","Skewer+1","Poisoned Stab+1","Burst","Prepared+1","Flechettes+1","Backflip","Flying Knee+1","Deadly Poison+1","Mind Blast+1","Bouncing Flask","Bane+1","Acrobatics+1"],"relics":["Ring of the Snake","WarpedTongs","Molten Egg 2","Thread and Needle","Calipers","Ninja Scroll","Velvet Choker","Snake Skull","Matryoshka","Strawberry","PreservedInsect","Gremlin Horn","Enchiridion","Busted Crown","Girya","Bottled Flame","Ancient Tea Set","Bottled Lightning","Tingsha"],"potions_floor_usage":[6,12,18,23,25,25,31,46,50,50],"damage_taken":[{"damage":0,"enemies":"Small Slimes","floor":1,"turns":5},{"damage":0,"enemies":"Cultist","floor":2,"turns":4},{"damage":0,"enemies":"2 Louse","floor":5,"turns":3},{"damage":25,"enemies":"Gremlin Nob","floor":6,"turns":5},{"damage":18,"enemies":"Lagavulin","floor":8,"turns":7},{"damage":0,"enemies":"Exordium Wildlife","floor":11,"turns":4},{"damage":14,"enemies":"3 Sentries","floor":12,"turns":9},{"damage":7,"enemies":"Large Slime","floor":14,"turns":4},{"damage":28,"enemies":"Slime Boss","floor":16,"turns":12},{"damage":1,"enemies":"Shell Parasite","floor":18,"turns":3},{"damage":0,"enemies":"3 Byrds","floor":19,"turns":5},{"damage":3,"enemies":"Centurion and Healer","floor":20,"turns":5},{"damage":0,"enemies":"Cultist and Chosen","floor":21,"turns":5},{"damage":7,"enemies":"Book of Stabbing","floor":23,"turns":5},{"damage":9,"enemies":"Slavers","floor":25,"turns":5},{"damage":0,"enemies":"Snake Plant","floor":31,"turns":3},{"damage":18,"enemies":"Collector","floor":33,"turns":7},{"damage":0,"enemies":"3 Darklings","floor":35,"turns":5},{"damage":0,"enemies":"Orb Walker","floor":36,"turns":2},{"damage":7,"enemies":"2 Orb Walkers","floor":38,"turns":5},{"damage":23,"enemies":"4 Shapes","floor":39,"turns":5},{"damage":0,"enemies":"Giant Head","floor":40,"turns":7},{"damage":0,"enemies":"Jaw Worm Horde","floor":44,"turns":2},{"damage":11,"enemies":"Writhing Mass","floor":46,"turns":5},{"damage":0,"enemies":"Mind Bloom Boss Battle","floor":47,"turns":5},{"damage":0,"enemies":"Sphere and 2 Shapes","floor":48,"turns":2},{"damage":56,"enemies":"Time Eater","floor":50,"turns":9}],"seed_played":"5747031941679080493","potions_obtained":[{"floor":5,"key":"AttackPotion"},{"floor":8,"key":"Dexterity Potion"},{"floor":11,"key":"EssenceOfSteel"},{"floor":12,"key":"Dexterity Potion"},{"floor":14,"key":"Poison Potion"},{"floor":18,"key":"EssenceOfSteel"},{"floor":23,"key":"Regen Potion"},{"floor":25,"key":"Weak Potion"},{"floor":33,"key":"PowerPotion"},{"floor":35,"key":"Strength Potion"},{"floor":36,"key":"Explosive Potion"},{"floor":40,"key":"Ancient Potion"},{"floor":48,"key":"Poison Potion"}],"is_trial":false,"path_per_floor":["M","M","?","$","M","E","R","E","T","R","M","E","R","M","R","B",null,"M","M","M","M","?","E","?","E","T","R","?","R","$","M","R","B",null,"M","M","$","?","M","E","$","?","T","M","R","M","?","M","R","B",null],"character_chosen":"THE_SILENT","items_purchased":["Skewer+1","Backflip","Mind Blast+1","Bouncing Flask","Bane+1"],"campfire_rested":4,"item_purchase_floors":[30,37,41,41,41],"current_hp_per_floor":[63,63,63,63,63,38,63,45,45,70,70,56,56,49,49,21,84,83,83,80,80,80,73,73,71,71,71,55,82,82,82,82,64,91,91,91,91,84,61,61,61,61,61,61,61,64,64,64,86,30],"gold":159,"neow_bonus":"TWENTY_PERCENT_HP_BONUS","is_prod":false,"is_daily":false,"chose_seed":false,"campfire_upgraded":4,"win_rate":0.0,"timestamp":1548515570,"path_taken":["M","M","?","$","?","E","R","E","T","R","M","E","R","M","R","BOSS","M","?","M","M","?","E","?","E","T","R","?","R","$","M","R","BOSS","M","M","$","?","M","E","$","?","T","M","R","M","?","M","R","BOSS"],"build_version":"2019-01-23","purchased_purges":3,"victory":true,"max_hp_per_floor":[84,84,84,84,84,84,84,84,84,84,84,84,84,84,84,84,84,84,84,84,84,84,84,84,91,91,91,91,91,91,91,91,91,91,91,91,91,91,91,91,91,86,86,86,86,86,86,86,86,86],"card_choices":[{"not_picked":["Dagger Spray","Deflect"],"picked":"Deadly Poison","floor":1},{"not_picked":["Bane","Tactician"],"picked":"Dagger Throw","floor":2},{"not_picked":["Outmaneuver","All Out Attack"],"picked":"Blur","floor":5},{"not_picked":["Sucker Punch","Dagger Throw"],"picked":"Deadly Poison","floor":6},{"not_picked":["Slice+1","Quick Slash+1"],"picked":"Poisoned Stab+1","floor":8},{"not_picked":["Deflect","Dash+1"],"picked":"Prepared","floor":11},{"not_picked":["Skewer+1","Tactician"],"picked":"Bouncing Flask","floor":12},{"not_picked":["Reflex","Outmaneuver"],"picked":"Tactician","floor":14},{"not_picked":["Unload+1","Bullet Time"],"picked":"Glass Knife+1","floor":16},{"not_picked":["Outmaneuver","Prepared"],"picked":"Quick Slash+1","floor":18},{"not_picked":["Acrobatics","PiercingWail"],"picked":"Underhanded Strike+1","floor":19},{"not_picked":["Underhanded Strike+1","Footwork+1"],"picked":"Bane+1","floor":20},{"not_picked":["Storm of Steel","Dagger Spray+1"],"picked":"Skewer+1","floor":21},{"not_picked":["All Out Attack+1","Blade Dance+1"],"picked":"Dash+1","floor":23},{"not_picked":["Backflip","Underhanded Strike+1"],"picked":"Footwork+1","floor":25},{"not_picked":["Quick Slash+1","Deflect"],"picked":"Poisoned Stab+1","floor":31},{"not_picked":["Tools of the Trade","After Image"],"picked":"Burst","floor":33},{"not_picked":[],"picked":"Prepared+1","floor":35},{"not_picked":[],"picked":"Flechettes+1","floor":36},{"not_picked":[],"picked":"Flying Knee+1","floor":38},{"not_picked":[],"picked":"Deadly Poison+1","floor":39},{"not_picked":["Finisher+1"],"picked":"SKIP","floor":40},{"not_picked":["Cloak And Dagger+1"],"picked":"SKIP","floor":44},{"not_picked":["Underhanded Strike+1"],"picked":"SKIP","floor":46},{"not_picked":[],"picked":"Acrobatics+1","floor":47},{"not_picked":["Cloak And Dagger+1"],"picked":"SKIP","floor":48}],"player_experience":64567,"relics_obtained":[{"floor":6,"key":"Molten Egg 2"},{"floor":8,"key":"Thread and Needle"},{"floor":9,"key":"Calipers"},{"floor":12,"key":"Ninja Scroll"},{"floor":23,"key":"Snake Skull"},{"floor":25,"key":"Strawberry"},{"floor":26,"key":"PreservedInsect"},{"floor":26,"key":"Gremlin Horn"},{"floor":28,"key":"Enchiridion"},{"floor":38,"key":"Girya"},{"floor":40,"key":"Bottled Flame"},{"floor":43,"key":"Ancient Tea Set"},{"floor":43,"key":"Bottled Lightning"},{"floor":47,"key":"Tingsha"}],"event_choices":[{"damage_healed":0,"gold_gain":0,"player_choice":"Rummage","damage_taken":0,"relics_obtained":["WarpedTongs"],"max_hp_gain":0,"max_hp_loss":0,"event_name":"Accursed Blacksmith","floor":3,"gold_loss":0,"cards_obtained":["Pain"]},{"cards_removed":["Strike_G"],"damage_healed":0,"gold_gain":0,"player_choice":"Gave Gold","damage_taken":0,"max_hp_gain":0,"max_hp_loss":0,"event_name":"Beggar","floor":22,"gold_loss":75},{"damage_healed":0,"gold_gain":0,"player_choice":"Opened","damage_taken":0,"relics_obtained":["Matryoshka"],"max_hp_gain":0,"max_hp_loss":0,"event_name":"The Mausoleum","floor":24,"gold_loss":0,"cards_obtained":["Writhe"]},{"damage_healed":0,"gold_gain":0,"player_choice":"Obtained Book","damage_taken":16,"max_hp_gain":0,"max_hp_loss":0,"event_name":"Cursed Tome","floor":28,"gold_loss":0},{"damage_healed":0,"gold_gain":0,"player_choice":"Fight","damage_taken":0,"max_hp_gain":0,"max_hp_loss":0,"event_name":"Mysterious Sphere","floor":38,"gold_loss":0},{"damage_healed":0,"gold_gain":0,"player_choice":"Max HP","damage_taken":0,"max_hp_gain":0,"max_hp_loss":5,"event_name":"Winding Halls","floor":42,"gold_loss":0},{"damage_healed":0,"gold_gain":0,"player_choice":"Fight","damage_taken":0,"max_hp_gain":0,"max_hp_loss":0,"event_name":"MindBloom","floor":47,"gold_loss":0}],"is_beta":false,"boss_relics":[{"not_picked":["Sozu","Coffee Dripper"],"picked":"Velvet Choker"},{"not_picked":["HoveringKite","Orrery"],"picked":"Busted Crown"}],"items_purged_floors":[4,30,37],"is_endless":false,"potions_floor_spawned":[5,8,11,12,14,18,23,25,33,35,36,39,40,48],"ascension_level":0}