{"gold_per_floor":[118,136,153,228,48,48,81,81,107,107,137,156,81,97,97,195,245,260,260,290,215,228,259,259,289,289,289,306,322,332,53,53,53],"floor_reached":33,"playtime":2172,"items_purged":["Decay","Strike_G"],"score":354,"play_id":"2a24e15e-1b3b-4a88-9f38-f3fcd6815bea","local_time":"20190210231805","is_ascension_mode":true,"campfire_choices":[{"data":"Envenom","floor":6.0,"key":"SMITH"},{"floor":8.0,"key":"REST"},{"floor":15.0,"key":"REST"},{"data":"Cloak And Dagger","floor":27.0,"key":"SMITH"},{"floor":32.0,"key":"REST"}],"neow_cost":"TEN_PERCENT_HP_LOSS","seed_source_timestamp":30508447919310,"circlet_count":0,"master_deck":["Defend_G+1","Defend_G","Defend_G","Defend_G","Strike_G+1","Strike_G","Survivor","Neutralize","All Out Attack","Finisher","Backstab","PiercingWail","Envenom+1","Dagger Throw","Endless Agony+1","Well Laid Plans","Riddle With Holes","Cloak And Dagger","Tools of the Trade","Cloak And Dagger+1","Underhanded Strike+1","Skewer+1","PiercingWail+1","Terror","Dagger Spray","Infinite Blades"],"special_seed":0,"relics":["Ring of the Snake","Blood Vial","Whetstone","Bag of Marbles","Tiny House","Red Mask","Shuriken","Unceasing Top","Ornamental Fan","Snake Skull"],"potions_floor_usage":[33,33],"damage_taken":[{"damage":0.0,"enemies":"2 Louse","floor":1.0,"turns":3.0},{"damage":0.0,"enemies":"Jaw Worm","floor":2.0,"turns":3.0},{"damage":0.0,"enemies":"Cultist","floor":3.0,"turns":1.0},{"damage":31.0,"enemies":"3 Sentries","floor":7.0,"turns":8.0},{"damage":30.0,"enemies":"Lagavulin","floor":11.0,"turns":4.0},{"damage":5.0,"enemies":"Blue Slaver","floor":12.0,"turns":3.0},{"damage":0.0,"enemies":"Large Slime","floor":14.0,"turns":1.0},{"damage":11.0,"enemies":"Slime Boss","floor":16.0,"turns":8.0},{"damage":0.0,"enemies":"3 Byrds","floor":18.0,"turns":6.0},{"damage":0.0,"enemies":"Masked Bandits","floor":20.0,"turns":3.0},{"damage":15.0,"enemies":"Spheric Guardian","floor":22.0,"turns":4.0},{"damage":1.0,"enemies":"Gremlin Leader","floor":23.0,"turns":8.0},{"damage":9.0,"enemies":"Slavers","floor":25.0,"turns":4.0},{"damage":2.0,"enemies":"Snake Plant","floor":28.0,"turns":4.0},{"damage":18.0,"enemies":"Centurion and Healer","floor":29.0,"turns":8.0},{"damage":11.0,"enemies":"Cultist and Chosen","floor":30.0,"turns":5.0},{"damage":37,"enemies":"Collector","floor":33,"turns":7}],"seed_played":"3922794252420723717","potions_obtained":[{"floor":1.0,"key":"EssenceOfSteel"},{"floor":12.0,"key":"Block Potion"},{"floor":17.0,"key":"GhostInAJar"},{"floor":22.0,"key":"PowerPotion"},{"floor":29.0,"key":"EssenceOfSteel"}],"is_trial":false,"path_per_floor":["M","M","M","?","$","R","E","R","T","?","E","M","$","M","R","B",null,"M","$","?","?","M","E","?","E","T","R","M","M","M","$","R","B"],"character_chosen":"THE_SILENT","items_purchased":["Envenom","Dagger Throw","Infinite Blades","Snake Skull"],"campfire_rested":3,"item_purchase_floors":[5,5,31,31],"current_hp_per_floor":[63,63,63,52,52,52,21,39,39,39,11,8,8,10,28,19,68,68,68,68,68,53,54,42,35,35,35,35,19,10,10,31,0],"gold":53,"neow_bonus":"TRANSFORM_TWO_CARDS","is_prod":false,"is_daily":false,"chose_seed":false,"campfire_upgraded":2,"win_rate":0,"timestamp":1549808285,"path_taken":["M","M","M","?","$","R","E","R","T","?","E","?","$","M","R","BOSS","M","$","?","?","M","E","?","E","T","R","M","M","M","$","R","BOSS"],"build_version":"2019-01-23","purchased_purges":2,"victory":false,"max_hp_per_floor":[63,63,63,63,63,63,63,63,63,63,63,63,63,63,63,63,68,68,68,68,68,68,68,73,73,73,73,73,73,73,73,73,73],"card_choices":[{"not_picked":["Setup","Acrobatics"],"picked":"Backstab","floor":1.0},{"not_picked":["Masterful Stab","Blade Dance"],"picked":"PiercingWail","floor":2.0},{"not_picked":["Outmaneuver","Acrobatics","Bane"],"picked":"SKIP","floor":3.0},{"not_picked":["Flechettes","Bane"],"picked":"Endless Agony","floor":7.0},{"not_picked":["Deadly Poison","Acrobatics"],"picked":"Well Laid Plans","floor":11.0},{"not_picked":["Dash","Bane"],"picked":"Riddle With Holes","floor":12.0},{"not_picked":["Distraction","Well Laid Plans"],"picked":"Cloak And Dagger","floor":14.0},{"not_picked":["Corpse Explosion","Malaise"],"picked":"Tools of the Trade","floor":16.0},{"not_picked":["Deadly Poison","Sucker Punch"],"picked":"Cloak And Dagger","floor":17.0},{"not_picked":["Dodge and Roll","Escape Plan"],"picked":"Underhanded Strike+1","floor":18.0},{"not_picked":["Sucker Punch","Backstab"],"picked":"Skewer+1","floor":22.0},{"not_picked":["Underhanded Strike","A Thousand Cuts"],"picked":"PiercingWail+1","floor":23.0},{"not_picked":["Distraction","Dagger Spray"],"picked":"Terror","floor":25.0},{"not_picked":["Bane","Well Laid Plans"],"picked":"Dagger Spray","floor":28.0},{"not_picked":["Blade Dance","Bane","Night Terror"],"picked":"SKIP","floor":29.0},{"not_picked":["Endless Agony+1","Flying Knee","Underhanded Strike"],"picked":"SKIP","floor":30.0}],"player_experience":303839,"relics_obtained":[{"floor":7.0,"key":"Blood Vial"},{"floor":9.0,"key":"Whetstone"},{"floor":11.0,"key":"Bag of Marbles"},{"floor":20.0,"key":"Red Mask"},{"floor":23.0,"key":"Shuriken"},{"floor":25.0,"key":"Unceasing Top"},{"floor":26.0,"key":"Ornamental Fan"}],"event_choices":[{"damage_healed":0.0,"max_hp_gain":0.0,"max_hp_loss":0.0,"gold_gain":75.0,"event_name":"World of Goop","player_choice":"Gather Gold","floor":4.0,"gold_loss":0.0,"damage_taken":11.0},{"damage_healed":0.0,"max_hp_gain":0.0,"max_hp_loss":0.0,"gold_gain":0.0,"event_name":"Wheel of Change","player_choice":"Cursed","floor":10.0,"gold_loss":0.0,"damage_taken":0.0,"cards_obtained":["Decay"]},{"damage_healed":0.0,"max_hp_gain":0.0,"max_hp_loss":0.0,"gold_gain":0.0,"event_name":"Masked Bandits","player_choice":"Fought Bandits","floor":20.0,"gold_loss":0.0,"damage_taken":0.0},{"cards_removed":["Strike_G"],"damage_healed":0.0,"max_hp_gain":0.0,"max_hp_loss":0.0,"gold_gain":0.0,"event_name":"Beggar","player_choice":"Gave Gold","floor":21.0,"gold_loss":75.0,"damage_taken":0.0},{"damage_healed":0.0,"max_hp_gain":5.0,"max_hp_loss":0.0,"gold_gain":0.0,"event_name":"Forgotten Altar","player_choice":"Shed Blood","floor":24.0,"gold_loss":0.0,"damage_taken":17.0}],"is_beta":false,"boss_relics":[{"not_picked":["Calling Bell","Coffee Dripper"],"picked":"Tiny House"}],"items_purged_floors":[13,31],"is_endless":false,"potions_floor_spawned":[1,12,18,22,29],"killed_by":"Collector","ascension_level":4}