{"gold_per_floor":[119,137,157,157,23,23,57,57,57,91,102,102,120,132,132,208,208,226,226,226,226,226,226],"floor_reached":23,"playtime":1534,"items_purged":["Strike_R"],"score":368,"play_id":"b328a648-b99d-4f16-8b0a-10f35a0999f5","local_time":"20190608140056","is_ascension_mode":true,"campfire_choices":[{"data":"Bash","floor":6.0,"key":"SMITH"},{"data":"Flame Barrier","floor":8.0,"key":"SMITH"},{"data":"Feel No Pain","floor":12.0,"key":"SMITH"},{"data":"Iron Wave","floor":15.0,"key":"SMITH"}],"neow_cost":"NONE","seed_source_timestamp":503310625971404,"circlet_count":0,"master_deck":["AscendersBane","Strike_R","Strike_R","Strike_R","Defend_R","Defend_R","Defend_R","Defend_R","Bash+1","Twin Strike","Flame Barrier+1","Iron Wave+1","Iron Wave","Feel No Pain+1","Anger","Demon Form","RitualDagger"],"special_seed":0,"relics":["Burning Blood","Bag of Preparation","Kunai","Sundial","Omamori","Velvet Choker","The Courier"],"potions_floor_usage":[23],"damage_taken":[{"damage":7.0,"enemies":"Cultist","floor":1.0,"turns":4.0},{"damage":7.0,"enemies":"Small Slimes","floor":2.0,"turns":3.0},{"damage":0.0,"enemies":"2 Louse","floor":3.0,"turns":3.0},{"damage":44.0,"enemies":"Gremlin Nob","floor":7.0,"turns":6.0},{"damage":3.0,"enemies":"3 Sentries","floor":10.0,"turns":12.0},{"damage":1.0,"enemies":"Looter","floor":11.0,"turns":5.0},{"damage":16.0,"enemies":"Exordium Wildlife","floor":13.0,"turns":8.0},{"damage":8.0,"enemies":"Blue Slaver","floor":14.0,"turns":6.0},{"damage":44.0,"enemies":"Slime Boss","floor":16.0,"turns":15.0},{"damage":14.0,"enemies":"Spheric Guardian","floor":18.0,"turns":6.0},{"damage":38,"enemies":"Colosseum Slavers","floor":19,"turns":7},{"damage":31,"enemies":"Slavers","floor":23,"turns":3}],"seed_played":"5222379824220051249","potions_obtained":[{"floor":1.0,"key":"Regen Potion"},{"floor":3.0,"key":"LiquidBronze"},{"floor":7.0,"key":"Block Potion"},{"floor":16.0,"key":"Fire Potion"}],"is_trial":false,"path_per_floor":["M","M","M","?","$","R","E","R","T","E","M","R","M","M","R","B",null,"M","?","?","?","T","E"],"character_chosen":"IRONCLAD","items_purchased":["Iron Wave"],"campfire_rested":0,"item_purchase_floors":[5],"current_hp_per_floor":[67,66,72,72,72,72,34,34,34,37,42,42,32,45,45,7,58,50,18,12,27,27,0],"gold":226,"neow_bonus":"RANDOM_COMMON_RELIC","is_prod":false,"is_daily":false,"chose_seed":false,"campfire_upgraded":4,"win_rate":0,"timestamp":1560016856,"path_taken":["M","?","M","?","?","R","E","R","T","E","?","R","M","M","R","BOSS","M","?","?","?","?","E"],"build_version":"2019-01-23","purchased_purges":1,"victory":false,"max_hp_per_floor":[75,75,75,75,75,75,75,75,75,75,75,75,75,75,75,75,75,75,75,75,75,75,75],"card_choices":[{"not_picked":["Seeing Red","Flex"],"picked":"Twin Strike","floor":1.0},{"not_picked":["Inflame","Perfected Strike"],"picked":"Flame Barrier","floor":2.0},{"not_picked":["Ghostly Armor","Infernal Blade"],"picked":"Iron Wave","floor":3.0},{"not_picked":["Evolve","Havoc"],"picked":"Feel No Pain","floor":7.0},{"not_picked":["Intimidate","Carnage","Sever Soul"],"picked":"SKIP","floor":10.0},{"not_picked":["Wild Strike","Perfected Strike","Searing Blow"],"picked":"SKIP","floor":11.0},{"not_picked":["Wild Strike","Heavy Blade","Hemokinesis"],"picked":"SKIP","floor":13.0},{"not_picked":["Cleave","Corruption"],"picked":"Anger","floor":14.0},{"not_picked":["Dark Embrace","Impervious"],"picked":"Demon Form","floor":16.0},{"not_picked":["Blood for Blood","Clothesline","Wild Strike"],"picked":"SKIP","floor":18.0}],"player_experience":2280027,"relics_obtained":[{"floor":7.0,"key":"Kunai"},{"floor":9.0,"key":"Sundial"},{"floor":10.0,"key":"Omamori"},{"floor":22,"key":"The Courier"}],"event_choices":[{"cards_removed":["Strike_R"],"damage_healed":0.0,"max_hp_gain":0.0,"max_hp_loss":0.0,"gold_gain":0.0,"event_name":"Bonfire Elementals","player_choice":"Offered Basic","floor":4.0,"gold_loss":0.0,"damage_taken":0.0},{"damage_healed":0,"gold_gain":0,"player_choice":"Fight","damage_taken":0,"max_hp_gain":0,"max_hp_loss":0,"event_name":"Colosseum","floor":19,"gold_loss":0},{"damage_healed":0,"gold_gain":0,"player_choice":"Fled From Nobs","damage_taken":0,"max_hp_gain":0,"max_hp_loss":0,"event_name":"Colosseum","floor":19,"gold_loss":0},{"damage_healed":0,"gold_gain":0,"player_choice":"Joined the Cult","damage_taken":6,"max_hp_gain":0,"max_hp_loss":0,"event_name":"Nest","floor":20,"gold_loss":0,"cards_obtained":["RitualDagger"]},{"damage_healed":15,"gold_gain":0,"player_choice":"Heal","damage_taken":0,"max_hp_gain":0,"max_hp_loss":0,"event_name":"The Library","floor":21,"gold_loss":0}],"is_beta":false,"boss_relics":[{"not_picked":["Runic Dome","Tiny House"],"picked":"Velvet Choker"}],"items_purged_floors":[5],"is_endless":false,"potions_floor_spawned":[1,3,7,13,16,19],"killed_by":"Slavers","ascension_level":17}