{"gold_per_floor":[17,35,35,52,71,71,99,112,112,41,54,54,54,82,82,181,181,200,44,59,77,77,104,104,133,211,223,423,438,456,472,472,577,577,593,198,198,210,230,230,262,282,334,361,361,361,375,375,375,375],"floor_reached":50,"playtime":2746,"items_purged":["Regret","Strike_G"],"score":772,"play_id":"6d4aea54-47a5-4edc-aba5-c21cd9032db9","local_time":"20190209200011","is_ascension_mode":true,"campfire_choices":[{"data":"Adrenaline","floor":6.0,"key":"SMITH"},{"data":"Catalyst","floor":12.0,"key":"SMITH"},{"floor":15.0,"key":"REST"},{"floor":24.0,"key":"RECALL"},{"data":"Noxious Fumes","floor":32.0,"key":"SMITH"},{"data":"Catalyst","floor":40.0,"key":"SMITH"},{"data":"Burst","floor":46.0,"key":"SMITH"},{"data":"Noxious Fumes","floor":49.0,"key":"SMITH"}],"neow_cost":"NO_GOLD","seed_source_timestamp":88550243528521,"circlet_count":0,"master_deck":["Defend_G","Defend_G","Defend_G","Defend_G","Strike_G","Strike_G","Survivor","Neutralize","Unload","Noxious Fumes+1","Dodge and Roll","PiercingWail","Adrenaline+1","Poisoned Stab","Catalyst+1","Deflect","Malaise","PiercingWail+1","Noxious Fumes+1","Backstab","Dodge and Roll+1","Cloak And Dagger","Leg Sweep+1","Poisoned Stab+1","Burst+1","Flying Knee+1","Deadly Poison","Poisoned Stab+1","Neutralize+1","Bane+1","Poisoned Stab+1","Catalyst+1","Sucker Punch+1","Terror+1","Deadly Poison+1","Dark Shackles"],"special_seed":0,"relics":["Ring of the Snake","Mummified Hand","Centennial Puzzle","Meat on the Bone","Nunchaku","Sozu","Regal Pillow","Molten Egg 2","Ninja Scroll","Eternal Feather","TwistedFunnel","Juzu Bracelet","Bottled Tornado"],"potions_floor_usage":[],"damage_taken":[{"damage":2.0,"enemies":"Small Slimes","floor":1.0,"turns":3.0},{"damage":7.0,"enemies":"2 Louse","floor":2.0,"turns":3.0},{"damage":1.0,"enemies":"Jaw Worm","floor":4.0,"turns":3.0},{"damage":8.0,"enemies":"Gremlin Gang","floor":5.0,"turns":4.0},{"damage":19.0,"enemies":"3 Sentries","floor":7.0,"turns":8.0},{"damage":0.0,"enemies":"3 Louse","floor":8.0,"turns":5.0},{"damage":8.0,"enemies":"Exordium Thugs","floor":11.0,"turns":5.0},{"damage":33.0,"enemies":"Lagavulin","floor":14.0,"turns":7.0},{"damage":28.0,"enemies":"Slime Boss","floor":16.0,"turns":10.0},{"damage":4.0,"enemies":"3 Byrds","floor":18.0,"turns":6.0},{"damage":4.0,"enemies":"Chosen","floor":20.0,"turns":5.0},{"damage":10.0,"enemies":"Centurion and Healer","floor":21.0,"turns":6.0},{"damage":16.0,"enemies":"Book of Stabbing","floor":23.0,"turns":6.0},{"damage":32.0,"enemies":"Gremlin Leader","floor":25.0,"turns":9.0},{"damage":13.0,"enemies":"Sentry and Sphere","floor":27.0,"turns":7.0},{"damage":7.0,"enemies":"Cultist and Chosen","floor":29.0,"turns":6.0},{"damage":0.0,"enemies":"Snake Plant","floor":30.0,"turns":6.0},{"damage":0.0,"enemies":"Chosen and Byrds","floor":31.0,"turns":5.0},{"damage":36.0,"enemies":"Automaton","floor":33.0,"turns":11.0},{"damage":30.0,"enemies":"3 Shapes","floor":35.0,"turns":7.0},{"damage":0.0,"enemies":"Orb Walker","floor":38.0,"turns":3.0},{"damage":15.0,"enemies":"Spire Growth","floor":39.0,"turns":4.0},{"damage":21.0,"enemies":"Reptomancer","floor":41.0,"turns":5.0},{"damage":6.0,"enemies":"4 Shapes","floor":42.0,"turns":5.0},{"damage":19.0,"enemies":"Giant Head","floor":44.0,"turns":6.0},{"damage":13.0,"enemies":"Sphere and 2 Shapes","floor":47.0,"turns":4.0},{"damage":59,"enemies":"Awakened One","floor":50,"turns":9}],"seed_played":"3080093011841969167","potions_obtained":[{"floor":4.0,"key":"Ancient Potion"},{"floor":7.0,"key":"Energy Potion"},{"floor":14.0,"key":"LiquidBronze"}],"is_trial":false,"path_per_floor":["M","M","?","M","M","R","E","M","T","$","M","R","$","E","R","B",null,"M","$","M","M","?","E","R","E","T","M","?","M","M","M","R","B",null,"M","$","?","M","M","R","E","M","T","E","?","R","M","?","R","B"],"character_chosen":"THE_SILENT","items_purchased":["Catalyst","Noxious Fumes","TwistedFunnel","Deadly Poison","Poisoned Stab+1"],"campfire_rested":1,"item_purchase_floors":[10,19,36,36,36],"current_hp_per_floor":[68,61,61,60,52,52,33,33,33,33,37,37,37,16,37,21,70,66,66,62,52,52,36,36,16,16,15,15,20,32,44,44,20,70,40,40,40,40,37,55,46,40,40,33,33,51,38,38,59,0],"gold":375,"neow_bonus":"TRANSFORM_TWO_CARDS","is_prod":false,"is_daily":false,"chose_seed":false,"campfire_upgraded":6,"win_rate":0,"timestamp":1549710011,"path_taken":["M","M","?","M","M","R","E","M","T","$","M","R","$","E","R","BOSS","M","$","M","M","?","E","R","E","T","M","?","M","M","?","R","BOSS","M","$","?","M","?","R","E","M","T","E","?","R","M","?","R","BOSS"],"build_version":"2019-01-23","purchased_purges":2,"victory":false,"max_hp_per_floor":[70,70,70,70,70,70,70,70,70,70,70,70,70,70,70,70,70,70,70,70,70,70,70,70,70,70,70,70,70,70,70,70,70,70,70,70,70,70,70,70,70,70,70,70,70,70,70,70,70,70],"card_choices":[{"not_picked":["Blade Dance","Backflip"],"picked":"Dodge and Roll","floor":1.0},{"not_picked":["Backflip","Well Laid Plans"],"picked":"PiercingWail","floor":2.0},{"not_picked":["Dagger Throw","Flying Knee"],"picked":"Adrenaline","floor":4.0},{"not_picked":["Escape Plan","Prepared"],"picked":"Poisoned Stab","floor":5.0},{"not_picked":["Dagger Spray","Infinite Blades","Finisher"],"picked":"SKIP","floor":7.0},{"not_picked":["Eviscerate","Slice","Footwork"],"picked":"SKIP","floor":8.0},{"not_picked":["Flying Knee","Dagger Throw"],"picked":"Deflect","floor":11.0},{"not_picked":["Calculated Gamble","Masterful Stab","Flying Knee"],"picked":"SKIP","floor":14.0},{"not_picked":["Bullet Time","Night Terror"],"picked":"Malaise","floor":16.0},{"not_picked":["Outmaneuver","Dagger Throw"],"picked":"PiercingWail+1","floor":18.0},{"not_picked":["PiercingWail","Dash","Sucker Punch"],"picked":"SKIP","floor":20.0},{"not_picked":["Quick Slash","Flying Knee"],"picked":"Backstab","floor":21.0},{"not_picked":["Outmaneuver","Dagger Throw"],"picked":"Dodge and Roll+1","floor":23.0},{"not_picked":["Dagger Throw","A Thousand Cuts"],"picked":"Cloak And Dagger","floor":25.0},{"not_picked":["Crippling Poison","Outmaneuver","All Out Attack+1"],"picked":"SKIP","floor":27.0},{"not_picked":["PiercingWail+1","Flying Knee+1"],"picked":"Leg Sweep+1","floor":29.0},{"not_picked":["PiercingWail","Deadly Poison"],"picked":"Poisoned Stab+1","floor":30.0},{"not_picked":["Acrobatics","Calculated Gamble","Crippling Poison"],"picked":"SKIP","floor":31.0},{"not_picked":["Night Terror","Bullet Time"],"picked":"Burst","floor":33.0},{"not_picked":["Prepared+1","Acrobatics"],"picked":"Flying Knee+1","floor":35.0},{"not_picked":["Slice+1","Dagger Throw+1"],"picked":"Poisoned Stab+1","floor":38.0},{"not_picked":["Dagger Spray+1","Underhanded Strike+1"],"picked":"Catalyst","floor":39.0},{"not_picked":["Backflip","Expertise"],"picked":"Sucker Punch+1","floor":41.0},{"not_picked":["Poisoned Stab+1","Calculated Gamble+1"],"picked":"Terror+1","floor":42.0},{"not_picked":["Tactician","Unload+1","Flying Knee+1"],"picked":"SKIP","floor":44.0},{"not_picked":["PiercingWail+1","Cloak And Dagger"],"picked":"Deadly Poison+1","floor":47.0},{"not_picked":["Dramatic Entrance+1","The Bomb"],"picked":"Dark Shackles","floor":48.0}],"player_experience":288152,"relics_obtained":[{"floor":7.0,"key":"Centennial Puzzle"},{"floor":9.0,"key":"Meat on the Bone"},{"floor":14.0,"key":"Nunchaku"},{"floor":23.0,"key":"Regal Pillow"},{"floor":25.0,"key":"Molten Egg 2"},{"floor":26.0,"key":"Ninja Scroll"},{"floor":41.0,"key":"Juzu Bracelet"},{"floor":44.0,"key":"Bottled Tornado"}],"event_choices":[{"damage_healed":0.0,"max_hp_gain":0.0,"max_hp_loss":0.0,"gold_gain":0.0,"event_name":"Big Fish","player_choice":"Box","floor":3.0,"gold_loss":0.0,"damage_taken":0.0,"relics_obtained":["Mummified Hand"],"cards_obtained":["Regret"]},{"damage_healed":0.0,"max_hp_gain":0.0,"max_hp_loss":0.0,"gold_gain":0.0,"event_name":"Ghosts","player_choice":"Ignored","floor":22.0,"gold_loss":0.0,"damage_taken":0.0},{"damage_healed":0.0,"max_hp_gain":0.0,"max_hp_loss":0.0,"gold_gain":200.0,"event_name":"Wheel of Change","player_choice":"Gold","floor":28.0,"gold_loss":0.0,"damage_taken":0.0},{"damage_healed":0.0,"max_hp_gain":0.0,"max_hp_loss":0.0,"gold_gain":0.0,"event_name":"Match and Keep!","player_choice":"2 cards matched","floor":37.0,"gold_loss":0.0,"damage_taken":0.0,"cards_obtained":["Neutralize","Bane"]},{"cards_removed":["Strike_G"],"damage_healed":0.0,"max_hp_gain":0.0,"max_hp_loss":0.0,"gold_gain":0.0,"event_name":"Falling","player_choice":"Removed Attack","floor":45.0,"gold_loss":0.0,"damage_taken":0.0},{"damage_healed":0.0,"max_hp_gain":0.0,"max_hp_loss":0.0,"gold_gain":0.0,"event_name":"SensoryStone","player_choice":"Memory 1","floor":48.0,"gold_loss":0.0,"damage_taken":0.0}],"is_beta":false,"boss_relics":[{"not_picked":["White Beast Statue","Fusion Hammer"],"picked":"Sozu"},{"not_picked":["Tiny House","Astrolabe"],"picked":"Eternal Feather"}],"items_purged_floors":[19,36],"is_endless":false,"potions_floor_spawned":[4,7,14,18,25,29,31,42,44],"killed_by":"Awakened One","ascension_level":4}