{"gold_per_floor":[110,121,25,37,53,53,80,93,163,193,208,308,341,360,360,455,455,467,467,487,487,155,190,190,190,190,200,200,233,233,567,567,567],"floor_reached":33,"playtime":1984,"items_purged":["Writhe"],"score":433,"play_id":"cc183011-e422-4c99-8b22-3e072219c579","local_time":"20190210193102","is_ascension_mode":true,"campfire_choices":[{"data":"Terror","floor":6.0,"key":"SMITH"},{"floor":15.0,"key":"REST"},{"data":"Bouncing Flask","floor":25.0,"key":"SMITH"},{"floor":28.0,"key":"REST"},{"data":"Burst","floor":30.0,"key":"SMITH"},{"floor":32.0,"key":"REST"}],"neow_cost":"PERCENT_DAMAGE","seed_source_timestamp":17505930240927,"circlet_count":0,"master_deck":["Defend_G","Defend_G","Defend_G","Defend_G","Strike_G","Strike_G","Strike_G","Strike_G","Survivor","Neutralize","Dash","Endless Agony","Backflip","Bouncing Flask+1","Poisoned Stab","Deadly Poison","Terror+1","Noxious Fumes","Well Laid Plans","PiercingWail","Burst+1","Bullet Time","Dodge and Roll+1","Poisoned Stab+1","Acrobatics+1","Bouncing Flask","Dodge and Roll+1","Backflip+1"],"special_seed":0,"relics":["Ring of the Snake","Bottled Lightning","Incense Burner","Boot","Black Star","Ginger","Centennial Puzzle","Singing Bowl","The Courier","StoneCalendar","Toxic Egg 2","Orichalcum","Bronze Scales","Sundial","Old Coin"],"potions_floor_usage":[33,33],"damage_taken":[{"damage":1.0,"enemies":"2 Louse","floor":1.0,"turns":2.0},{"damage":0.0,"enemies":"Cultist","floor":2.0,"turns":4.0},{"damage":0.0,"enemies":"Small Slimes","floor":4.0,"turns":3.0},{"damage":6.0,"enemies":"Looter","floor":5.0,"turns":3.0},{"damage":15.0,"enemies":"Lagavulin","floor":7.0,"turns":5.0},{"damage":1.0,"enemies":"Red Slaver","floor":8.0,"turns":3.0},{"damage":19.0,"enemies":"Large Slime","floor":11.0,"turns":5.0},{"damage":0.0,"enemies":"Gremlin Nob","floor":13.0,"turns":3.0},{"damage":1.0,"enemies":"Looter","floor":14.0,"turns":3.0},{"damage":13.0,"enemies":"The Guardian","floor":16.0,"turns":8.0},{"damage":15.0,"enemies":"2 Thieves","floor":18.0,"turns":5.0},{"damage":12.0,"enemies":"Shell Parasite","floor":20.0,"turns":4.0},{"damage":19.0,"enemies":"Slavers","floor":23.0,"turns":6.0},{"damage":1.0,"enemies":"Chosen and Byrds","floor":27.0,"turns":4.0},{"damage":14.0,"enemies":"Gremlin Leader","floor":29.0,"turns":6.0},{"damage":22.0,"enemies":"Book of Stabbing","floor":31.0,"turns":4.0},{"damage":38,"enemies":"Champ","floor":33,"turns":9}],"seed_played":"-3205109422623849699","potions_obtained":[{"floor":7.0,"key":"Poison Potion"},{"floor":8.0,"key":"Block Potion"},{"floor":16.0,"key":"Fire Potion"},{"floor":27.0,"key":"SpeedPotion"},{"floor":31.0,"key":"FearPotion"}],"is_trial":false,"path_per_floor":["M","M","$","M","M","R","E","M","T","?","M","?","E","M","R","B",null,"M","T","M","?","$","E","?","R","T","M","R","E","R","E","R","B"],"character_chosen":"THE_SILENT","items_purchased":["Poisoned Stab","Deadly Poison","Singing Bowl"],"campfire_rested":3,"item_purchase_floors":[3,3,22],"current_hp_per_floor":[48,48,48,48,42,42,27,26,26,26,7,7,7,6,27,14,70,55,55,43,43,43,24,24,24,24,25,46,32,32,10,31,0],"gold":567,"neow_bonus":"TRANSFORM_TWO_CARDS","is_prod":false,"is_daily":false,"chose_seed":false,"campfire_upgraded":3,"win_rate":0,"timestamp":1549794662,"path_taken":["M","M","$","M","M","R","E","M","T","?","M","?","E","?","R","BOSS","M","?","M","?","$","E","?","R","T","?","R","E","R","E","R","BOSS"],"build_version":"2019-01-23","purchased_purges":1,"victory":false,"max_hp_per_floor":[70,70,70,70,70,70,70,70,70,70,70,70,70,70,70,70,70,70,70,70,70,70,70,70,70,70,72,72,72,72,72,72,72],"card_choices":[{"not_picked":["Accuracy","Finisher"],"picked":"Backflip","floor":1.0},{"not_picked":["Backflip","Cloak And Dagger"],"picked":"Bouncing Flask","floor":2.0},{"not_picked":["Dodge and Roll","Dagger Spray"],"picked":"Terror","floor":4.0},{"not_picked":["Dodge and Roll","Caltrops"],"picked":"Noxious Fumes","floor":5.0},{"not_picked":["Calculated Gamble","Expertise","Eviscerate"],"picked":"SKIP","floor":7.0},{"not_picked":["Blade Dance","Calculated Gamble","Deadly Poison"],"picked":"SKIP","floor":8.0},{"not_picked":["Tactician","Backflip"],"picked":"Well Laid Plans","floor":11.0},{"not_picked":["Quick Slash","Reflex"],"picked":"PiercingWail","floor":13.0},{"not_picked":["Sucker Punch","Blur"],"picked":"Burst","floor":14.0},{"not_picked":["Night Terror","After Image"],"picked":"Bullet Time","floor":16.0},{"not_picked":["Backflip","Setup"],"picked":"Dodge and Roll+1","floor":18.0},{"not_picked":["Sucker Punch","Deadly Poison"],"picked":"Poisoned Stab+1","floor":20.0},{"not_picked":["Quick Slash","Predator+1"],"picked":"Acrobatics+1","floor":23.0},{"not_picked":["Crippling Poison+1","Deflect+1","Accuracy"],"picked":"Singing Bowl","floor":27.0},{"not_picked":["Slice","Deadly Poison+1"],"picked":"Dodge and Roll+1","floor":29.0},{"not_picked":["Noxious Fumes+1","Flying Knee"],"picked":"Backflip+1","floor":31.0}],"player_experience":301855,"relics_obtained":[{"floor":7.0,"key":"Bottled Lightning"},{"floor":13.0,"key":"Boot"},{"floor":19.0,"key":"Ginger"},{"floor":23.0,"key":"The Courier"},{"floor":23.0,"key":"StoneCalendar"},{"floor":26.0,"key":"Toxic Egg 2"},{"floor":29.0,"key":"Orichalcum"},{"floor":29.0,"key":"Bronze Scales"},{"floor":31.0,"key":"Sundial"},{"floor":31.0,"key":"Old Coin"}],"event_choices":[{"damage_healed":0.0,"max_hp_gain":0.0,"max_hp_loss":0.0,"gold_gain":30.0,"event_name":"Dead Adventurer","player_choice":"Searched \u00272\u0027 times","floor":10.0,"gold_loss":0.0,"damage_taken":0.0,"relics_obtained":["Incense Burner"]},{"damage_healed":0.0,"max_hp_gain":0.0,"max_hp_loss":0.0,"gold_gain":100.0,"event_name":"Golden Shrine","player_choice":"Pray","floor":12.0,"gold_loss":0.0,"damage_taken":0.0},{"damage_healed":0.0,"max_hp_gain":0.0,"max_hp_loss":0.0,"gold_gain":0.0,"event_name":"The Mausoleum","player_choice":"Opened","floor":21.0,"gold_loss":0.0,"damage_taken":0.0,"relics_obtained":["Centennial Puzzle"],"cards_obtained":["Writhe"]},{"damage_healed":0.0,"max_hp_gain":0.0,"max_hp_loss":0.0,"gold_gain":0.0,"event_name":"Duplicator","player_choice":"Copied","floor":24.0,"gold_loss":0.0,"damage_taken":0.0,"cards_obtained":["Bouncing Flask"]}],"is_beta":false,"boss_relics":[{"not_picked":["Coffee Dripper","Astrolabe"],"picked":"Black Star"}],"items_purged_floors":[22],"is_endless":false,"potions_floor_spawned":[7,8,16,27,31],"killed_by":"Champ","ascension_level":4}