{"gold_per_floor":[112,128,128,140,171,218,304,333,419,457,480,567,579,602,614,724,736,765,777,801,490,510,538,453,453,453,453,453,464,131,141,141,240,240,260,157,257,332,2,31,45,45,71,97,97,111,13,31,31,31],"floor_reached":51,"playtime":3389,"items_purged":["Strike_G","Defend_G","Injury","Writhe"],"score":1025,"play_id":"10fc7f9b-08db-40ff-be5f-21f1d171fdd9","local_time":"20190218222040","is_ascension_mode":true,"campfire_choices":[{"data":"Leg Sweep","floor":13.0,"key":"SMITH"},{"floor":15.0,"key":"REST"},{"data":"Leg Sweep","floor":25.0,"key":"SMITH"},{"floor":28.0,"key":"REST"},{"floor":32.0,"key":"REST"},{"data":"Bouncing Flask","floor":42.0,"key":"SMITH"},{"data":"Noxious Fumes","floor":45.0,"key":"SMITH"},{"floor":49.0,"key":"REST"}],"neow_cost":"NONE","seed_source_timestamp":355088880158,"circlet_count":0,"master_deck":["Defend_G","Defend_G","Strike_G","Strike_G","Survivor","Neutralize","Dagger Throw","Sucker Punch","Leg Sweep+1","Well Laid Plans","Flying Knee","Bouncing Flask+1","Noxious Fumes+1","Glass Knife","PiercingWail","Night Terror","Dagger Throw+1","Poisoned Stab","Backflip","Bane","Leg Sweep+1","Deflect","Heel Hook","Deflect+1","Malaise+1","Adrenaline+1","Die Die Die+1","Concentrate+1","Slice+1","Noxious Fumes+1","Backflip+1","Backflip+1","Sadistic Nature","Dash+1","Outmaneuver+1","Crippling Poison+1","Dodge and Roll+1","Dodge and Roll+1","Distraction+1"],"special_seed":0,"relics":["Ring of the Snake","MawBank","Art of War","Meat on the Bone","Question Card","Ginger","Cursed Key","TwistedFunnel","Pocketwatch","Smiling Mask","Bag of Marbles","Toxic Egg 2","Astrolabe","Mango","Lantern","Frozen Egg 2","Snake Skull","Regal Pillow"],"potions_floor_usage":[50],"damage_taken":[{"damage":2.0,"enemies":"2 Louse","floor":1.0,"turns":4.0},{"damage":0.0,"enemies":"Small Slimes","floor":2.0,"turns":4.0},{"damage":0.0,"enemies":"Jaw Worm","floor":5.0,"turns":4.0},{"damage":35.0,"enemies":"3 Sentries","floor":6.0,"turns":14.0},{"damage":7.0,"enemies":"Exordium Wildlife","floor":8.0,"turns":4.0},{"damage":12.0,"enemies":"Gremlin Nob","floor":10.0,"turns":5.0},{"damage":16.0,"enemies":"2 Fungi Beasts","floor":11.0,"turns":5.0},{"damage":3.0,"enemies":"Looter","floor":14.0,"turns":3.0},{"damage":27.0,"enemies":"Hexaghost","floor":16.0,"turns":9.0},{"damage":3.0,"enemies":"Spheric Guardian","floor":18.0,"turns":4.0},{"damage":25.0,"enemies":"2 Thieves","floor":20.0,"turns":5.0},{"damage":0.0,"enemies":"Snecko","floor":22.0,"turns":3.0},{"damage":31.0,"enemies":"Slavers","floor":23.0,"turns":6.0},{"damage":9.0,"enemies":"Shelled Parasite and Fungi","floor":29.0,"turns":5.0},{"damage":11.0,"enemies":"Sentry and Sphere","floor":31.0,"turns":6.0},{"damage":56.0,"enemies":"Champ","floor":33.0,"turns":14.0},{"damage":5.0,"enemies":"3 Shapes","floor":35.0,"turns":3.0},{"damage":0.0,"enemies":"Mind Bloom Boss Battle","floor":37.0,"turns":7.0},{"damage":12.0,"enemies":"Reptomancer","floor":40.0,"turns":5.0},{"damage":0.0,"enemies":"Orb Walker","floor":41.0,"turns":3.0},{"damage":28.0,"enemies":"Giant Head","floor":44.0,"turns":8.0},{"damage":9.0,"enemies":"4 Shapes","floor":46.0,"turns":3.0},{"damage":0.0,"enemies":"Sphere and 2 Shapes","floor":48.0,"turns":5.0},{"damage":12,"enemies":"Donu and Deca","floor":50,"turns":8}],"seed_played":"5972393197919540675","potions_obtained":[{"floor":2.0,"key":"LiquidBronze"},{"floor":5.0,"key":"Fruit Juice"},{"floor":10.0,"key":"Swift Potion"},{"floor":14.0,"key":"Fire Potion"},{"floor":18.0,"key":"Block Potion"},{"floor":23.0,"key":"GhostInAJar"},{"floor":29.0,"key":"Swift Potion"},{"floor":31.0,"key":"Poison Potion"},{"floor":37.0,"key":"Swift Potion"},{"floor":40.0,"key":"Energy Potion"}],"is_trial":false,"path_per_floor":["M","M","?","?","M","E","T","M","T","E","M","?","R","M","R","B",null,"M","?","M","$","M","E","?","R","T","?","R","M","$","M","R","B",null,"M","$","?","?","$","E","M","R","T","E","R","M","$","M","R","B",null],"character_chosen":"THE_SILENT","items_purchased":["TwistedFunnel","Backflip","Toxic Egg 2","Deflect+1","Backflip+1","Sadistic Nature","Lantern","Dodge and Roll+1"],"campfire_rested":4,"item_purchase_floors":[21,21,30,30,36,39,39,47],"current_hp_per_floor":[61,61,61,61,66,31,31,36,36,36,32,21,21,30,52,37,66,63,63,38,38,38,19,19,19,19,19,41,44,44,45,67,23,62,57,57,71,63,63,51,51,51,51,35,35,38,38,50,89,77],"gold":31,"neow_bonus":"THREE_CARDS","is_prod":false,"is_daily":false,"chose_seed":false,"campfire_upgraded":4,"win_rate":0,"timestamp":1550496040,"path_taken":["M","M","?","?","M","E","?","M","T","E","?","?","R","M","R","BOSS","M","?","M","$","M","E","?","R","T","?","R","M","$","M","R","BOSS","M","?","?","?","$","E","M","R","T","E","R","?","$","M","R","BOSS"],"build_version":"2019-01-23","purchased_purges":4,"victory":true,"max_hp_per_floor":[70,70,70,70,75,75,75,75,75,75,75,75,75,75,75,75,75,75,75,75,75,75,75,75,75,75,75,75,75,75,75,75,75,75,75,75,89,89,89,89,89,89,89,89,89,89,89,89,89,89],"card_choices":[{"not_picked":["Outmaneuver","Deflect"],"picked":"Dagger Throw","floor":0.0},{"not_picked":["Dagger Throw","Deadly Poison"],"picked":"Sucker Punch","floor":1.0},{"not_picked":["Eviscerate","Footwork"],"picked":"Leg Sweep","floor":2.0},{"not_picked":["All Out Attack","Outmaneuver"],"picked":"Well Laid Plans","floor":5.0},{"not_picked":["Slice","Setup"],"picked":"Flying Knee","floor":6.0},{"not_picked":["Poisoned Stab","Cloak And Dagger"],"picked":"Bouncing Flask","floor":8.0},{"not_picked":["Flying Knee","Blur","Cloak And Dagger"],"picked":"Noxious Fumes","floor":10.0},{"not_picked":["Blade Dance","Dagger Throw","Choke"],"picked":"Glass Knife","floor":11.0},{"not_picked":["Endless Agony","Prepared","Dodge and Roll"],"picked":"PiercingWail","floor":14.0},{"not_picked":["Doppelganger","Wraith Form v2","Malaise"],"picked":"Night Terror","floor":16.0},{"not_picked":["Bane","Deadly Poison","Slice"],"picked":"Dagger Throw+1","floor":18.0},{"not_picked":["Prepared","Acrobatics","Eviscerate"],"picked":"Poisoned Stab","floor":20.0},{"not_picked":["Outmaneuver","Tactician+1","Caltrops+1"],"picked":"Bane","floor":22.0},{"not_picked":["Masterful Stab","Riddle With Holes+1","Choke"],"picked":"Leg Sweep","floor":23.0},{"not_picked":["Quick Slash","Sucker Punch","Dagger Spray"],"picked":"Heel Hook","floor":29.0},{"not_picked":["Blade Dance+1","Dagger Spray","Quick Slash+1"],"picked":"Malaise+1","floor":31.0},{"not_picked":["Storm of Steel+1","Grand Finale","Burst+1"],"picked":"Adrenaline+1","floor":33.0},{"not_picked":["Slice+1","Poisoned Stab","Expertise+1"],"picked":"Noxious Fumes+1","floor":35.0},{"not_picked":["Dash+1","Underhanded Strike","Prepared+1"],"picked":"Backflip+1","floor":37.0},{"not_picked":["Finisher","Quick Slash+1","Unload"],"picked":"Dash+1","floor":40.0},{"not_picked":["Prepared+1","Backflip+1","Slice+1"],"picked":"Outmaneuver+1","floor":41.0},{"not_picked":["PiercingWail+1","Eviscerate+1","Infinite Blades+1"],"picked":"Crippling Poison+1","floor":44.0},{"not_picked":["Slice","Flying Knee","Accuracy+1"],"picked":"Dodge and Roll+1","floor":46.0},{"not_picked":["Underhanded Strike+1","Sucker Punch+1","Acrobatics+1"],"picked":"Distraction+1","floor":48.0}],"player_experience":357624,"relics_obtained":[{"floor":6.0,"key":"Art of War"},{"floor":7.0,"key":"Meat on the Bone"},{"floor":9.0,"key":"Question Card"},{"floor":10.0,"key":"Ginger"},{"floor":23.0,"key":"Pocketwatch"},{"floor":26.0,"key":"Bag of Marbles"},{"floor":37.0,"key":"Mango"},{"floor":40.0,"key":"Frozen Egg 2"},{"floor":43.0,"key":"Snake Skull"},{"floor":44.0,"key":"Regal Pillow"}],"event_choices":[{"damage_healed":0.0,"max_hp_gain":0.0,"max_hp_loss":0.0,"gold_gain":0.0,"event_name":"Big Fish","player_choice":"Box","floor":3.0,"gold_loss":0.0,"damage_taken":0.0,"relics_obtained":["MawBank"],"cards_obtained":["Regret"]},{"cards_removed":["Regret"],"damage_healed":0.0,"max_hp_gain":0.0,"max_hp_loss":0.0,"gold_gain":0.0,"event_name":"Living Wall","player_choice":"Forget","floor":4.0,"gold_loss":0.0,"damage_taken":0.0},{"damage_healed":0.0,"max_hp_gain":0.0,"max_hp_loss":0.0,"gold_gain":75.0,"event_name":"World of Goop","player_choice":"Gather Gold","floor":12.0,"gold_loss":0.0,"damage_taken":11.0},{"damage_healed":0.0,"max_hp_gain":0.0,"max_hp_loss":0.0,"gold_gain":0.0,"event_name":"Ghosts","player_choice":"Ignored","floor":19.0,"gold_loss":0.0,"damage_taken":0.0},{"damage_healed":0.0,"max_hp_gain":0.0,"max_hp_loss":0.0,"gold_gain":0.0,"event_name":"Addict","player_choice":"Obtained Relic","floor":24.0,"gold_loss":85.0,"damage_taken":0.0,"relics_obtained":["Smiling Mask"]},{"damage_healed":0.0,"max_hp_gain":0.0,"max_hp_loss":0.0,"gold_gain":0.0,"cards_transformed":["Strike_G"],"event_name":"Transmorgrifier","player_choice":"Transformed","floor":27.0,"gold_loss":0.0,"damage_taken":0.0,"cards_obtained":["Deflect"]},{"damage_healed":0.0,"max_hp_gain":0.0,"max_hp_loss":0.0,"gold_gain":0.0,"event_name":"MindBloom","player_choice":"Fight","floor":37.0,"gold_loss":0.0,"damage_taken":0.0},{"damage_healed":0.0,"max_hp_gain":0.0,"max_hp_loss":0.0,"gold_gain":75.0,"event_name":"FaceTrader","player_choice":"Touch","floor":38.0,"gold_loss":0.0,"damage_taken":8.0}],"is_beta":false,"boss_relics":[{"not_picked":["WristBlade","Sozu"],"picked":"Cursed Key"},{"not_picked":["Ring of the Serpent","Runic Dome"],"picked":"Astrolabe"}],"items_purged_floors":[21,30,36,47],"is_endless":false,"potions_floor_spawned":[2,5,10,14,18,23,29,31,37,40,46],"ascension_level":7}