{"gold_per_floor":[113,40,215,215,231,266,283,298,351,361,380,380],"floor_reached":12,"playtime":528,"items_purged":[],"score":103,"play_id":"03df4ed3-d818-4049-affd-ff7b3e360932","local_time":"20190212015143","is_ascension_mode":true,"campfire_choices":[],"neow_cost":"NONE","seed_source_timestamp":24415001866252,"circlet_count":0,"master_deck":["Defend_G","Defend_G","Defend_G","Defend_G","Defend_G","Strike_G","Strike_G","Strike_G+1","Strike_G","Strike_G","Survivor+1","Neutralize","Dodge and Roll","Riddle With Holes","Doubt","Dagger Throw","Bouncing Flask","Bouncing Flask","Dagger Spray","Bane"],"relics":["Ring of the Snake","Blue Candle","Centennial Puzzle"],"potions_floor_usage":[12],"damage_taken":[{"damage":3,"enemies":"Jaw Worm","floor":1,"turns":5},{"damage":2,"enemies":"Small Slimes","floor":5,"turns":4},{"damage":16,"enemies":"Gremlin Nob","floor":6,"turns":4},{"damage":0,"enemies":"2 Louse","floor":7,"turns":2},{"damage":25,"enemies":"Gremlin Gang","floor":8,"turns":5},{"damage":3,"enemies":"2 Fungi Beasts","floor":10,"turns":3},{"damage":0,"enemies":"Lots of Slimes","floor":11,"turns":2},{"damage":13,"enemies":"Large Slime","floor":12,"turns":1}],"seed_played":"7865140205179413310","potions_obtained":[{"floor":6,"key":"Weak Potion"},{"floor":8,"key":"Swift Potion"}],"is_trial":false,"path_per_floor":["M","$","?","?","M","E","M","M","T","M","M","M"],"character_chosen":"THE_SILENT","items_purchased":["Riddle With Holes"],"campfire_rested":0,"item_purchase_floors":[2],"current_hp_per_floor":[74,74,74,59,57,41,41,16,16,13,13,0],"gold":380,"neow_bonus":"TEN_PERCENT_HP_BONUS","is_prod":false,"is_daily":false,"chose_seed":false,"campfire_upgraded":0,"win_rate":0,"timestamp":1549903903,"path_taken":["M","$","?","?","M","E","M","M","T","M","M","M"],"build_version":"2019-01-23","purchased_purges":0,"victory":false,"max_hp_per_floor":[77,77,77,77,77,77,77,77,77,77,77,77],"card_choices":[{"not_picked":["Slice","Choke"],"picked":"Dodge and Roll","floor":1},{"not_picked":["Escape Plan","Caltrops"],"picked":"Dagger Throw","floor":5},{"not_picked":["Underhanded Strike","Masterful Stab","Well Laid Plans"],"picked":"SKIP","floor":6},{"not_picked":["Calculated Gamble","PiercingWail"],"picked":"Bouncing Flask","floor":7},{"not_picked":["Poisoned Stab","PiercingWail"],"picked":"Bouncing Flask","floor":8},{"not_picked":["Blade Dance","Skewer"],"picked":"Dagger Spray","floor":10},{"not_picked":["Backflip","Sucker Punch"],"picked":"Bane","floor":11}],"player_experience":316183,"relics_obtained":[{"floor":6,"key":"Blue Candle"},{"floor":9,"key":"Centennial Puzzle"}],"event_choices":[{"damage_healed":0,"gold_gain":175,"player_choice":"AGREE","damage_taken":0,"max_hp_gain":0,"max_hp_loss":0,"event_name":"Liars Game","floor":3,"gold_loss":0,"cards_obtained":["Doubt"]},{"damage_healed":0,"gold_gain":0,"player_choice":"Entered Light","damage_taken":15,"max_hp_gain":0,"max_hp_loss":0,"event_name":"Shining Light","floor":4,"gold_loss":0,"cards_upgraded":["Strike_G","Survivor"]}],"is_beta":false,"boss_relics":[],"items_purged_floors":[],"is_endless":false,"potions_floor_spawned":[6,8],"killed_by":"Large Slime","ascension_level":5}