{"gold_per_floor":[109,123,99,99,110,110,60,60,60,139,139,157,168,52,52,153,153,172,172,184,184,202,202,214,248,248,248,263,291,291,45,45,149,149,168,185,198,215,490,490,518,518,518,531,565,565,577,577,577,577],"floor_reached":50,"playtime":5596,"items_purged":[],"score":582,"play_id":"70839113-0ec9-4986-ad9a-dbadff86041f","local_time":"20190124024502","is_ascension_mode":false,"campfire_choices":[{"data":"Blade Dance","floor":6,"key":"SMITH"},{"data":"Poisoned Stab","floor":8,"key":"SMITH"},{"data":"Choke","floor":11,"key":"SMITH"},{"data":"Neutralize","floor":15,"key":"SMITH"},{"floor":23,"key":"REST"},{"floor":27,"key":"REST"},{"floor":32,"key":"REST"},{"floor":40,"key":"REST"},{"floor":42,"key":"REST"},{"data":"Catalyst","floor":46,"key":"SMITH"},{"floor":49,"key":"REST"}],"neow_cost":"NONE","seed_source_timestamp":24851924233440,"circlet_count":0,"master_deck":["Defend_G","Defend_G","Defend_G","Defend_G","Strike_G","Strike_G","Strike_G","Strike_G","Survivor","Neutralize+1","Choke+1","Noxious Fumes+1","Blade Dance+1","Poisoned Stab+1","Acrobatics","Slice+1","Deadly Poison","Dash+1","Flash of Steel+1","Corpse Explosion","Bane+1","Sucker Punch+1","Slice+1","Catalyst+1","Backflip","Quick Slash+1","Blade Dance+1","Neutralize+1","Dodge and Roll","Bullet Time","Backstab+1","Finisher+1","Venomology","Slice+1","Heel Hook+1","Flying Knee+1","Underhanded Strike+1","Regret","Dash+1","Catalyst","Deflect","Infinite Blades","Backstab+1","Footwork+1","Backflip+1"],"relics":["Ring of the Snake","WarpedTongs","Bottled Flame","Molten Egg 2","Black Star","Bird Faced Urn","Dream Catcher","Mercury Hourglass","Shuriken","Thread and Needle","Lizard Tail","Gremlin Horn","Happy Flower","Mummified Hand","Snake Skull","Boot"],"potions_floor_usage":[25,25,28,33,35,37,38,41,41,41,45,50,50,50,50],"damage_taken":[{"damage":4,"enemies":"Cultist","floor":1,"turns":3},{"damage":4,"enemies":"Jaw Worm","floor":2,"turns":4},{"damage":5,"enemies":"Small Slimes","floor":5,"turns":3},{"damage":7,"enemies":"Exordium Wildlife","floor":12,"turns":3},{"damage":0,"enemies":"Looter","floor":13,"turns":2},{"damage":18,"enemies":"The Guardian","floor":16,"turns":8},{"damage":14,"enemies":"Spheric Guardian","floor":18,"turns":5},{"damage":8,"enemies":"Shell Parasite","floor":20,"turns":4},{"damage":10,"enemies":"Snecko","floor":22,"turns":5},{"damage":12,"enemies":"Snake Plant","floor":24,"turns":4},{"damage":16,"enemies":"Gremlin Leader","floor":25,"turns":3},{"damage":0,"enemies":"Centurion and Healer","floor":28,"turns":4},{"damage":27,"enemies":"Book of Stabbing","floor":29,"turns":5},{"damage":46,"enemies":"Collector","floor":33,"turns":7},{"damage":21,"enemies":"3 Darklings","floor":35,"turns":7},{"damage":2,"enemies":"Orb Walker","floor":36,"turns":3},{"damage":19,"enemies":"Sphere and 2 Shapes","floor":37,"turns":5},{"damage":0,"enemies":"Jaw Worm Horde","floor":38,"turns":2},{"damage":36,"enemies":"Giant Head","floor":41,"turns":7},{"damage":3,"enemies":"Writhing Mass","floor":44,"turns":4},{"damage":0,"enemies":"Reptomancer","floor":45,"turns":3},{"damage":7,"enemies":"Maw","floor":47,"turns":6},{"damage":114,"enemies":"Awakened One","floor":50,"turns":8}],"seed_played":"2722029403505139260","potions_obtained":[{"floor":1,"key":"Energy Potion"},{"floor":2,"key":"LiquidBronze"},{"floor":24,"key":"GhostInAJar"},{"floor":25,"key":"SpeedPotion"},{"floor":36,"key":"SkillPotion"},{"floor":37,"key":"Energy Potion"},{"floor":38,"key":"Dexterity Potion"},{"floor":41,"key":"Fire Potion"},{"floor":47,"key":"SteroidPotion"}],"is_trial":false,"path_per_floor":["M","M","$","?","M","R","?","R","T","T","R","M","M","$","R","B",null,"M","?","M","?","M","R","M","E","T","R","M","E","?","$","R","B",null,"M","M","M","M","?","R","E","R","T","M","E","R","M","?","R","B"],"character_chosen":"THE_SILENT","items_purchased":["Poisoned Stab","Dash+1","Flash of Steel+1","Dodge and Roll","Bullet Time","Backstab+1"],"campfire_rested":6,"item_purchase_floors":[3,14,14,31,31,31],"current_hp_per_floor":[66,62,62,62,57,57,57,57,57,57,57,50,50,50,50,32,70,56,56,48,48,38,59,47,31,31,52,54,29,29,29,50,6,70,51,49,32,32,32,53,34,55,55,54,56,56,51,51,70,0],"gold":577,"neow_bonus":"TRANSFORM_CARD","is_prod":false,"is_daily":false,"chose_seed":false,"campfire_upgraded":5,"win_rate":0.0,"timestamp":1548265502,"path_taken":["M","M","?","?","?","R","?","R","T","?","R","M","M","$","R","BOSS","M","?","?","?","?","R","M","E","T","R","M","E","?","$","R","BOSS","M","M","M","M","?","R","E","R","T","M","E","R","?","?","R","BOSS"],"build_version":"2019-01-17v2","purchased_purges":0,"victory":false,"max_hp_per_floor":[70,70,70,70,70,70,70,70,70,70,70,70,70,70,70,70,70,70,70,70,70,70,70,70,70,70,70,70,70,70,70,70,70,70,70,70,70,70,70,70,70,70,70,70,70,70,70,70,70,70],"card_choices":[{"not_picked":["Prepared","Quick Slash"],"picked":"Noxious Fumes","floor":1},{"not_picked":["Deadly Poison","Unload"],"picked":"Blade Dance","floor":2},{"not_picked":["Quick Slash","Poisoned Stab"],"picked":"Acrobatics","floor":5},{"not_picked":["Flying Knee+1","Backflip"],"picked":"Slice+1","floor":12},{"not_picked":["Deflect","Eviscerate+1"],"picked":"Deadly Poison","floor":13},{"not_picked":["Tools of the Trade","After Image"],"picked":"Corpse Explosion","floor":16},{"not_picked":["Prepared","Terror"],"picked":"Bane+1","floor":18},{"not_picked":["Escape Plan","Dodge and Roll"],"picked":"Sucker Punch+1","floor":20},{"not_picked":["Dagger Spray+1","Flying Knee+1"],"picked":"Slice+1","floor":22},{"not_picked":["Distraction","Infinite Blades"],"picked":"Catalyst","floor":24},{"not_picked":["Dodge and Roll","Choke+1"],"picked":"Backflip","floor":25},{"not_picked":["Expertise","Prepared+1"],"picked":"Quick Slash+1","floor":28},{"not_picked":["Deadly Poison+1","Bouncing Flask"],"picked":"Blade Dance+1","floor":29},{"not_picked":["Infinite Blades+1","Deadly Poison+1"],"picked":"Finisher+1","floor":32},{"not_picked":["Night Terror","Doppelganger"],"picked":"Venomology","floor":33},{"not_picked":["Blur","Flying Knee+1"],"picked":"Slice+1","floor":35},{"not_picked":["PiercingWail","Outmaneuver"],"picked":"Heel Hook+1","floor":36},{"not_picked":["Choke+1","Dagger Throw+1"],"picked":"Flying Knee+1","floor":37},{"not_picked":["After Image","Blade Dance"],"picked":"Underhanded Strike+1","floor":38},{"not_picked":["Flechettes+1","Prepared"],"picked":"Dash+1","floor":40},{"not_picked":["Tactician","Sucker Punch+1"],"picked":"Catalyst","floor":41},{"not_picked":["Flechettes+1","Sucker Punch+1"],"picked":"Deflect","floor":42},{"not_picked":["Bane+1","Quick Slash+1"],"picked":"Infinite Blades","floor":44},{"not_picked":["Poisoned Stab+1","PiercingWail"],"picked":"Backstab+1","floor":45},{"not_picked":["Noxious Fumes","Crippling Poison"],"picked":"Footwork+1","floor":47},{"not_picked":["Terror","Crippling Poison+1"],"picked":"Backflip+1","floor":49}],"player_experience":37492,"relics_obtained":[{"floor":9,"key":"Bottled Flame"},{"floor":10,"key":"Molten Egg 2"},{"floor":25,"key":"Bird Faced Urn"},{"floor":25,"key":"Dream Catcher"},{"floor":26,"key":"Mercury Hourglass"},{"floor":29,"key":"Shuriken"},{"floor":29,"key":"Thread and Needle"},{"floor":41,"key":"Gremlin Horn"},{"floor":41,"key":"Happy Flower"},{"floor":43,"key":"Mummified Hand"},{"floor":45,"key":"Snake Skull"},{"floor":45,"key":"Boot"}],"event_choices":[{"damage_healed":0,"gold_gain":0,"player_choice":"Rummage","damage_taken":0,"relics_obtained":["WarpedTongs"],"max_hp_gain":0,"max_hp_loss":0,"event_name":"Accursed Blacksmith","floor":4,"gold_loss":0,"cards_obtained":["Pain"]},{"cards_removed":["Pain"],"damage_healed":0,"gold_gain":0,"player_choice":"Card Removal","damage_taken":0,"max_hp_gain":0,"max_hp_loss":0,"event_name":"The Cleric","floor":7,"gold_loss":50},{"damage_healed":0,"gold_gain":0,"player_choice":"Upgraded","damage_taken":0,"max_hp_gain":0,"max_hp_loss":0,"event_name":"Upgrade Shrine","floor":19,"gold_loss":0,"cards_upgraded":["Noxious Fumes"]},{"cards_removed":["Strike_G"],"damage_healed":0,"gold_gain":0,"player_choice":"Offered Basic","damage_taken":0,"max_hp_gain":0,"max_hp_loss":0,"event_name":"Bonfire Elementals","floor":21,"gold_loss":0},{"damage_healed":0,"gold_gain":0,"player_choice":"Copied","damage_taken":0,"max_hp_gain":0,"max_hp_loss":0,"event_name":"Duplicator","floor":30,"gold_loss":0,"cards_obtained":["Neutralize"]},{"damage_healed":0,"gold_gain":275,"player_choice":"Desecrate","damage_taken":0,"max_hp_gain":0,"max_hp_loss":0,"event_name":"Golden Shrine","floor":39,"gold_loss":0,"cards_obtained":["Regret"]},{"damage_healed":0,"gold_gain":0,"player_choice":"Ignored","damage_taken":0,"max_hp_gain":0,"max_hp_loss":0,"event_name":"Tomb of Lord Red Mask","floor":48,"gold_loss":0}],"is_beta":false,"boss_relics":[{"not_picked":["Empty Cage","White Beast Statue"],"picked":"Black Star"},{"not_picked":["Cursed Key","Philosopher\u0027s Stone"],"picked":"Lizard Tail"}],"items_purged_floors":[],"is_endless":false,"potions_floor_spawned":[1,2,24,25,36,37,38,41,47],"killed_by":"Awakened One","ascension_level":0}