{"gold_per_floor":[113,288,306,325,69,85,115,115],"floor_reached":8,"playtime":401,"items_purged":["Doubt"],"score":58,"play_id":"89efa4f3-1ce9-4774-91aa-8eaf0dd9b9ef","local_time":"20190210162919","is_ascension_mode":true,"campfire_choices":[],"neow_cost":"NONE","seed_source_timestamp":9061980926087,"circlet_count":0,"master_deck":["Defend_G","Defend_G","Defend_G","Defend_G","Defend_G","Strike_G","Strike_G","Strike_G","Strike_G","Strike_G","Survivor","Neutralize","PiercingWail","Cloak And Dagger","Backflip","Flying Knee","Cloak And Dagger","Dodge and Roll"],"special_seed":0,"relics":["Ring of the Snake","Snake Skull","Odd Mushroom"],"potions_floor_usage":[6,8],"damage_taken":[{"damage":0.0,"enemies":"2 Louse","floor":1.0,"turns":4.0},{"damage":4.0,"enemies":"Jaw Worm","floor":3.0,"turns":6.0},{"damage":0.0,"enemies":"Cultist","floor":4.0,"turns":5.0},{"damage":6,"enemies":"Looter","floor":6,"turns":4},{"damage":40,"enemies":"The Mushroom Lair","floor":7,"turns":7},{"damage":37,"enemies":"Lagavulin","floor":8,"turns":8}],"seed_played":"6231207915014662466","potions_obtained":[{"floor":3.0,"key":"SkillPotion"},{"floor":7,"key":"Block Potion"}],"is_trial":false,"path_per_floor":["M","?","M","M","$","M","?","E"],"character_chosen":"THE_SILENT","items_purchased":["Snake Skull","Flying Knee"],"campfire_rested":0,"item_purchase_floors":[5,5],"current_hp_per_floor":[77,77,73,73,73,67,27,0],"gold":115,"neow_bonus":"TEN_PERCENT_HP_BONUS","is_prod":false,"is_daily":false,"chose_seed":false,"campfire_upgraded":0,"win_rate":0,"timestamp":1549783759,"path_taken":["M","?","M","M","$","M","?","E"],"build_version":"2019-01-23","purchased_purges":1,"victory":false,"max_hp_per_floor":[77,77,77,77,77,77,77,77],"card_choices":[{"not_picked":["Sucker Punch","Accuracy"],"picked":"PiercingWail","floor":1.0},{"not_picked":["Finisher","Masterful Stab"],"picked":"Cloak And Dagger","floor":3.0},{"not_picked":["Dagger Throw","Quick Slash"],"picked":"Backflip","floor":4.0},{"not_picked":["Dagger Throw","Concentrate"],"picked":"Cloak And Dagger","floor":6},{"not_picked":["Underhanded Strike","PiercingWail"],"picked":"Dodge and Roll","floor":7}],"player_experience":295048,"relics_obtained":[{"floor":7,"key":"Odd Mushroom"}],"event_choices":[{"damage_healed":0.0,"max_hp_gain":0.0,"max_hp_loss":0.0,"gold_gain":175.0,"event_name":"Liars Game","player_choice":"AGREE","floor":2.0,"gold_loss":0.0,"damage_taken":0.0,"cards_obtained":["Doubt"]},{"damage_healed":0,"gold_gain":0,"player_choice":"Fought Mushrooms","damage_taken":0,"max_hp_gain":0,"max_hp_loss":0,"event_name":"Mushrooms","floor":7,"gold_loss":0}],"is_beta":false,"boss_relics":[],"items_purged_floors":[5],"is_endless":false,"potions_floor_spawned":[3,7],"killed_by":"Lagavulin","ascension_level":4}