{"gold_per_floor":[113,126,144,157,157,157,109,109,159,159,85,98,115,134,134,232,232,251,176,176,176,77,77,77,92,115,78,78,0,12,46,46,143,143,154,172,172],"floor_reached":37,"playtime":1495,"items_purged":[],"score":474,"play_id":"42362492-20ad-43b5-b6fa-2008f0ac118e","local_time":"20190212022957","is_ascension_mode":true,"campfire_choices":[{"data":"Distraction","floor":6.0,"key":"SMITH"},{"data":"Neutralize","floor":10.0,"key":"SMITH"},{"data":"Catalyst","floor":15.0,"key":"SMITH"},{"floor":23.0,"key":"REST"},{"data":"Dash","floor":28.0,"key":"SMITH"},{"floor":32.0,"key":"REST"}],"neow_cost":"NONE","seed_source_timestamp":25586553448756,"circlet_count":0,"master_deck":["Defend_G","Defend_G","Defend_G","Strike_G","Strike_G+1","Survivor","Neutralize+1","Dagger Spray+1","Catalyst+1","Distraction+1","Catalyst","Poisoned Stab+1","Blur","Backstab","Heel Hook","Malaise","Escape Plan+1","Phantasmal Killer+1","Catalyst+1","Cloak And Dagger+1","Poisoned Stab","Necronomicurse","Bane+1","Dash+1","Underhanded Strike+1","Dash","Bane+1"],"special_seed":0,"relics":["Ring of the Snake","NeowsBlessing","Whetstone","Astrolabe","Necronomicon","Oddly Smooth Stone","Art of War","Cursed Key"],"potions_floor_usage":[33],"damage_taken":[{"damage":0.0,"enemies":"Small Slimes","floor":1.0,"turns":1.0},{"damage":0.0,"enemies":"Jaw Worm","floor":2.0,"turns":1.0},{"damage":0.0,"enemies":"Cultist","floor":3.0,"turns":1.0},{"damage":12.0,"enemies":"3 Louse","floor":4.0,"turns":5.0},{"damage":0.0,"enemies":"Blue Slaver","floor":12.0,"turns":3.0},{"damage":3.0,"enemies":"Looter","floor":13.0,"turns":4.0},{"damage":0.0,"enemies":"2 Fungi Beasts","floor":14.0,"turns":4.0},{"damage":25.0,"enemies":"Hexaghost","floor":16.0,"turns":6.0},{"damage":15.0,"enemies":"2 Thieves","floor":18.0,"turns":3.0},{"damage":13.0,"enemies":"Shell Parasite","floor":25.0,"turns":4.0},{"damage":13.0,"enemies":"3 Cultists","floor":30.0,"turns":6.0},{"damage":15.0,"enemies":"Book of Stabbing","floor":31.0,"turns":5.0},{"damage":27,"enemies":"Collector","floor":33,"turns":5},{"damage":16,"enemies":"3 Darklings","floor":35,"turns":4},{"damage":0,"enemies":"3 Shapes","floor":36,"turns":4},{"damage":45,"enemies":"2 Orb Walkers","floor":37,"turns":4}],"seed_played":"-576805393135770730","potions_obtained":[{"floor":1.0,"key":"Regen Potion"},{"floor":4.0,"key":"AttackPotion"},{"floor":14.0,"key":"GamblersBrew"},{"floor":25.0,"key":"Dexterity Potion"},{"floor":36,"key":"Ancient Potion"}],"is_trial":false,"path_per_floor":["M","M","M","M","?","R","$","?","T","R","$","M","M","M","R","B",null,"M","?","$","?","$","R","?","M","T","$","R","?","M","E","R","B",null,"M","M","?"],"character_chosen":"THE_SILENT","items_purchased":["Poisoned Stab","Blur","EntropicBrew","Dash"],"campfire_rested":2,"item_purchase_floors":[7,11,22,27],"current_hp_per_floor":[70,70,70,58,58,58,58,58,58,58,58,58,55,55,55,30,60,45,45,45,45,45,66,50,51,51,51,51,51,38,23,44,17,57,41,41,0],"gold":172,"neow_bonus":"THREE_ENEMY_KILL","is_prod":false,"is_daily":false,"chose_seed":false,"campfire_upgraded":4,"win_rate":0,"timestamp":1549906197,"path_taken":["M","M","M","M","?","R","$","?","T","R","$","M","M","?","R","BOSS","M","?","$","?","$","R","?","M","T","?","R","?","M","E","R","BOSS","M","M","?"],"build_version":"2019-01-23","purchased_purges":0,"victory":false,"max_hp_per_floor":[70,70,70,70,70,70,70,70,70,70,70,70,70,70,70,70,70,70,70,70,70,70,70,70,70,70,70,70,70,70,70,70,70,70,70,70,70],"card_choices":[{"not_picked":["Finisher","Quick Slash"],"picked":"Dagger Spray","floor":1.0},{"not_picked":["Quick Slash","Calculated Gamble"],"picked":"Catalyst","floor":2.0},{"not_picked":["Blade Dance","Caltrops"],"picked":"Distraction","floor":3.0},{"not_picked":["Footwork","PiercingWail","Blade Dance"],"picked":"SKIP","floor":4.0},{"not_picked":["Predator","PiercingWail","Outmaneuver"],"picked":"SKIP","floor":12.0},{"not_picked":["Flechettes","Outmaneuver"],"picked":"Backstab","floor":13.0},{"not_picked":["Caltrops","Slice"],"picked":"Heel Hook","floor":14.0},{"not_picked":["Wraith Form v2","Unload"],"picked":"Malaise","floor":16.0},{"not_picked":["Flying Knee","Dagger Throw"],"picked":"Cloak And Dagger+1","floor":18.0},{"not_picked":["Distraction","Underhanded Strike+1"],"picked":"Bane+1","floor":25.0},{"not_picked":["Blade Dance+1","PiercingWail"],"picked":"Underhanded Strike+1","floor":30.0},{"not_picked":["Backflip","Slice"],"picked":"Dash","floor":31.0},{"not_picked":["Flying Knee+1","Dagger Spray"],"picked":"Bane+1","floor":35},{"not_picked":["Sucker Punch+1","Flying Knee","Bane+1"],"picked":"SKIP","floor":36}],"player_experience":317250,"relics_obtained":[{"floor":9.0,"key":"Whetstone"},{"floor":24.0,"key":"Necronomicon"},{"floor":26.0,"key":"Oddly Smooth Stone"},{"floor":31.0,"key":"Art of War"}],"event_choices":[{"damage_healed":0.0,"max_hp_gain":0.0,"max_hp_loss":0.0,"gold_gain":0.0,"cards_transformed":["Strike_G"],"event_name":"Living Wall","player_choice":"Change","floor":5.0,"gold_loss":0.0,"damage_taken":0.0,"cards_obtained":["Catalyst"]},{"damage_healed":0.0,"max_hp_gain":0.0,"max_hp_loss":0.0,"gold_gain":0.0,"event_name":"Upgrade Shrine","player_choice":"Upgraded","floor":8.0,"gold_loss":0.0,"damage_taken":0.0,"cards_upgraded":["Poisoned Stab"]},{"cards_removed":["Defend_G"],"damage_healed":0.0,"max_hp_gain":0.0,"max_hp_loss":0.0,"gold_gain":0.0,"event_name":"Beggar","player_choice":"Gave Gold","floor":19.0,"gold_loss":75.0,"damage_taken":0.0},{"damage_healed":0.0,"max_hp_gain":0.0,"max_hp_loss":0.0,"gold_gain":0.0,"event_name":"The Library","player_choice":"Read","floor":21.0,"gold_loss":0.0,"damage_taken":0.0,"cards_obtained":["Poisoned Stab"]},{"damage_healed":0.0,"max_hp_gain":0.0,"max_hp_loss":0.0,"gold_gain":0.0,"event_name":"Cursed Tome","player_choice":"Obtained Book","floor":24.0,"gold_loss":0.0,"damage_taken":16.0},{"damage_healed":0.0,"max_hp_gain":0.0,"max_hp_loss":0.0,"gold_gain":0.0,"event_name":"Masked Bandits","player_choice":"Paid Fearfully","floor":29.0,"gold_loss":78.0,"damage_taken":0.0},{"damage_healed":0,"gold_gain":0,"player_choice":"Fight","damage_taken":0,"max_hp_gain":0,"max_hp_loss":0,"event_name":"Mysterious Sphere","floor":37,"gold_loss":0}],"is_beta":false,"boss_relics":[{"not_picked":["Empty Cage","Calling Bell"],"picked":"Astrolabe"},{"not_picked":["Sozu","Runic Pyramid"],"picked":"Cursed Key"}],"items_purged_floors":[],"is_endless":false,"potions_floor_spawned":[1,4,14,25,30,36],"killed_by":"2 Orb Walkers","ascension_level":5}