{"gold_per_floor":[116,116,41,64,64,64,108,108,163,188,188,212,253,2,2,128,128,146,171,171,171,192,226,36,36,36,36,49,49,49,92,92,92],"floor_reached":33,"playtime":1736,"items_purged":["Injury"],"score":379,"play_id":"f51425f1-b799-4b9b-8c5e-bbfb4e6cb61d","local_time":"20190210062252","is_ascension_mode":true,"campfire_choices":[{"data":"Riddle With Holes","floor":6.0,"key":"SMITH"},{"floor":8.0,"key":"REST"},{"data":"Leg Sweep","floor":11.0,"key":"SMITH"},{"floor":15.0,"key":"RECALL"},{"data":"Dodge and Roll","floor":25.0,"key":"SMITH"},{"data":"Bouncing Flask","floor":30,"key":"SMITH"},{"floor":32,"key":"REST"}],"neow_cost":"NONE","seed_source_timestamp":128385363471137,"circlet_count":0,"master_deck":["Defend_G","Defend_G","Defend_G","Defend_G","Defend_G","Strike_G","Strike_G","Strike_G","Survivor","Neutralize+1","Riddle With Holes+1","Flying Knee","Leg Sweep+1","Backstab+1","Glass Knife","Unload+1","Sucker Punch+1","Dodge and Roll+1","Bullet Time","Blur","Dagger Spray+1","Poisoned Stab+1","Escape Plan+1","Bouncing Flask+1","Terror"],"special_seed":0,"relics":["Ring of the Serpent","Golden Idol","Vajra","Strawberry","Whetstone","Molten Egg 2","Prayer Wheel","MealTicket","Meat on the Bone","Snake Skull"],"potions_floor_usage":[33],"damage_taken":[{"damage":12.0,"enemies":"Jaw Worm","floor":1.0,"turns":6.0},{"damage":2.0,"enemies":"Small Slimes","floor":4.0,"turns":4.0},{"damage":54.0,"enemies":"Lagavulin","floor":7.0,"turns":11.0},{"damage":0.0,"enemies":"Cultist","floor":10.0,"turns":3.0},{"damage":0.0,"enemies":"Red Slaver","floor":12.0,"turns":4.0},{"damage":0.0,"enemies":"Gremlin Nob","floor":13.0,"turns":3.0},{"damage":29.0,"enemies":"Hexaghost","floor":16.0,"turns":15.0},{"damage":2.0,"enemies":"3 Byrds","floor":18.0,"turns":4.0},{"damage":11.0,"enemies":"Spheric Guardian","floor":19.0,"turns":3.0},{"damage":12.0,"enemies":"Centurion and Healer","floor":22.0,"turns":8.0},{"damage":18.0,"enemies":"Book of Stabbing","floor":23.0,"turns":6.0},{"damage":10,"enemies":"Snake Plant","floor":28,"turns":5},{"damage":37,"enemies":"Slavers","floor":31,"turns":6},{"damage":78,"enemies":"Champ","floor":33,"turns":11}],"seed_played":"4973268419248446256","potions_obtained":[{"floor":1.0,"key":"EssenceOfSteel"},{"floor":4.0,"key":"SpeedPotion"},{"floor":7.0,"key":"SmokeBomb"},{"floor":18.0,"key":"FairyPotion"}],"is_trial":false,"path_per_floor":["M","?","$","M","?","R","E","R","T","M","R","M","E","$","R","B",null,"M","M","?","?","M","E","$","R","T","$","M","$","R","E","R","B"],"character_chosen":"THE_SILENT","items_purchased":["Molten Egg 2","MealTicket"],"campfire_rested":2,"item_purchase_floors":[14,24],"current_hp_per_floor":[58,58,58,56,56,56,2,23,30,30,30,30,30,30,30,1,77,75,64,64,64,52,34,34,34,34,49,39,54,54,29,52,0],"gold":92,"neow_bonus":"THREE_CARDS","is_prod":false,"is_daily":false,"chose_seed":false,"campfire_upgraded":4,"win_rate":0,"timestamp":1549747372,"path_taken":["M","?","$","M","?","R","E","R","T","?","R","M","E","?","R","BOSS","M","M","?","?","M","E","$","R","T","$","M","$","R","E","R","BOSS"],"build_version":"2019-01-23","purchased_purges":1,"victory":false,"max_hp_per_floor":[70,70,70,70,70,70,70,70,77,77,77,77,77,77,77,77,77,77,77,77,77,77,77,77,77,77,77,77,77,77,77,77,77],"card_choices":[{"not_picked":["Dagger Throw","Flying Knee"],"picked":"Riddle With Holes","floor":0.0},{"not_picked":["Infinite Blades","Reflex"],"picked":"Flying Knee","floor":1.0},{"not_picked":["Accuracy","Dagger Throw"],"picked":"Leg Sweep","floor":4.0},{"not_picked":["Flechettes","PiercingWail","Quick Slash"],"picked":"SKIP","floor":7.0},{"not_picked":["Masterful Stab","Endless Agony","Crippling Poison"],"picked":"SKIP","floor":10.0},{"not_picked":["Bane","Slice"],"picked":"Backstab","floor":12.0},{"not_picked":["Dodge and Roll","Endless Agony"],"picked":"Glass Knife","floor":13.0},{"not_picked":["Bullet Time","After Image"],"picked":"Unload+1","floor":16.0},{"not_picked":["Predator+1","Outmaneuver+1"],"picked":"Sucker Punch+1","floor":18.0},{"not_picked":["Underhanded Strike+1","Cloak And Dagger"],"picked":"Dodge and Roll","floor":19.0},{"not_picked":["Malaise","Deflect"],"picked":"Dagger Spray+1","floor":22.0},{"not_picked":["PiercingWail","Dagger Throw+1"],"picked":"Poisoned Stab+1","floor":23.0},{"not_picked":["Acrobatics","Prepared"],"picked":"Escape Plan+1","floor":28},{"not_picked":["Sucker Punch+1","PiercingWail"],"picked":"Bouncing Flask","floor":28},{"not_picked":["Riddle With Holes+1","Deadly Poison+1"],"picked":"Terror","floor":31}],"player_experience":290898,"relics_obtained":[{"floor":7.0,"key":"Vajra"},{"floor":9.0,"key":"Strawberry"},{"floor":13.0,"key":"Whetstone"},{"floor":23.0,"key":"Prayer Wheel"},{"floor":26.0,"key":"Meat on the Bone"},{"floor":31,"key":"Snake Skull"}],"event_choices":[{"damage_healed":0.0,"max_hp_gain":0.0,"max_hp_loss":0.0,"gold_gain":0.0,"event_name":"Golden Idol","player_choice":"Take Wound","floor":2.0,"gold_loss":0.0,"damage_taken":0.0,"relics_obtained":["Golden Idol"],"cards_obtained":["Injury"]},{"damage_healed":0.0,"max_hp_gain":0.0,"max_hp_loss":0.0,"gold_gain":0.0,"event_name":"The Woman in Blue","player_choice":"Bought 0 Potions","floor":5.0,"gold_loss":0.0,"damage_taken":0.0},{"damage_healed":0.0,"max_hp_gain":0.0,"max_hp_loss":0.0,"gold_gain":0.0,"event_name":"Vampires","player_choice":"Ignored","floor":20.0,"gold_loss":0.0,"damage_taken":0.0},{"damage_healed":0.0,"max_hp_gain":0.0,"max_hp_loss":0.0,"gold_gain":0.0,"cards_transformed":["Strike_G","Strike_G"],"event_name":"Drug Dealer","player_choice":"Became Test Subject","floor":21.0,"gold_loss":0.0,"damage_taken":0.0,"cards_obtained":["Bullet Time","Blur"]}],"is_beta":false,"boss_relics":[{"not_picked":["Runic Dome","Runic Pyramid"],"picked":"Ring of the Serpent"}],"items_purged_floors":[3],"is_endless":false,"potions_floor_spawned":[1,4,7,12,18,22,31],"killed_by":"Champ","ascension_level":4}