{"gold_per_floor":[109,109,123,50,67,67,85,111,136,136,311,321,341,30,30,30],"floor_reached":16,"playtime":1276,"items_purged":["Regret"],"score":102,"play_id":"20238821-8cd0-4988-bb30-2dcdcaf3863e","local_time":"20190126000451","is_ascension_mode":false,"campfire_choices":[{"data":"Neutralize","floor":6,"key":"SMITH"},{"floor":10,"key":"REST"},{"floor":15,"key":"REST"}],"neow_cost":"CURSE","seed_source_timestamp":16284239515307,"circlet_count":0,"master_deck":["Defend_G","Defend_G","Defend_G","Defend_G","Defend_G","Strike_G","Strike_G","Strike_G","Strike_G","Strike_G","Survivor","Neutralize+1","Prepared","Poisoned Stab","Infinite Blades","Cloak And Dagger","Catalyst","Storm of Steel","Noxious Fumes","Doubt","Accuracy","Footwork","Noxious Fumes","Crippling Poison"],"relics":["Ring of the Snake","WingedGreaves","Strawberry","Centennial Puzzle","Dream Catcher","TwistedFunnel"],"potions_floor_usage":[8,8,13,16],"damage_taken":[{"damage":7,"enemies":"Jaw Worm","floor":1,"turns":4},{"damage":0,"enemies":"2 Louse","floor":3,"turns":3},{"damage":8,"enemies":"Small Slimes","floor":5,"turns":4},{"damage":0,"enemies":"Blue Slaver","floor":7,"turns":5},{"damage":17,"enemies":"Lagavulin","floor":8,"turns":6},{"damage":17,"enemies":"Large Slime","floor":12,"turns":6},{"damage":28,"enemies":"Exordium Thugs","floor":13,"turns":7},{"damage":38,"enemies":"Slime Boss","floor":16,"turns":8}],"seed_played":"-3240923137834283223","potions_obtained":[{"floor":1,"key":"SteroidPotion"},{"floor":7,"key":"FearPotion"},{"floor":12,"key":"GhostInAJar"},{"floor":13,"key":"FearPotion"}],"is_trial":false,"path_per_floor":["M","?","M","$","M","R","M","E","T","R","?","M","M","$","R","B"],"character_chosen":"THE_SILENT","items_purchased":["Infinite Blades","TwistedFunnel","Noxious Fumes"],"campfire_rested":2,"item_purchase_floors":[4,14,14],"current_hp_per_floor":[63,58,58,58,50,50,50,33,33,56,56,39,11,11,34,0],"gold":30,"neow_bonus":"ONE_RARE_RELIC","is_prod":false,"is_daily":false,"chose_seed":false,"campfire_upgraded":1,"win_rate":0.0,"timestamp":1548428691,"path_taken":["M","?","M","$","M","R","M","E","T","R","?","M","M","$","R","BOSS"],"build_version":"2019-01-23","purchased_purges":1,"victory":false,"max_hp_per_floor":[70,77,77,77,77,77,77,77,77,77,77,77,77,77,77,77],"card_choices":[{"not_picked":["Caltrops","Skewer"],"picked":"Prepared","floor":1},{"not_picked":["Eviscerate","Acrobatics"],"picked":"Poisoned Stab","floor":3},{"not_picked":["Sucker Punch","Prepared"],"picked":"Cloak And Dagger","floor":5},{"not_picked":["Deflect","Cloak And Dagger"],"picked":"Catalyst","floor":7},{"not_picked":["Expertise","All Out Attack"],"picked":"Storm of Steel","floor":8},{"not_picked":["Poisoned Stab","Footwork"],"picked":"Noxious Fumes","floor":10},{"not_picked":["Underhanded Strike","Slice"],"picked":"Accuracy","floor":12},{"not_picked":["Bane","Acrobatics"],"picked":"Footwork","floor":13},{"not_picked":["Endless Agony","Dodge and Roll"],"picked":"Crippling Poison","floor":15}],"player_experience":57236,"relics_obtained":[{"floor":8,"key":"Centennial Puzzle"},{"floor":9,"key":"Dream Catcher"}],"event_choices":[{"damage_healed":0,"gold_gain":0,"player_choice":"Success","damage_taken":12,"relics_obtained":["Strawberry"],"max_hp_gain":0,"max_hp_loss":0,"event_name":"Scrap Ooze","floor":2,"gold_loss":0},{"damage_healed":0,"gold_gain":175,"player_choice":"AGREE","damage_taken":0,"max_hp_gain":0,"max_hp_loss":0,"event_name":"Liars Game","floor":11,"gold_loss":0,"cards_obtained":["Doubt"]}],"is_beta":false,"boss_relics":[],"items_purged_floors":[14],"is_endless":false,"potions_floor_spawned":[1,7,12,13],"killed_by":"Slime Boss","ascension_level":0}