{"gold_per_floor":[111,111,121,121,135,135,170,170,227,246,196,228,228,83,83,179,179,195,195,208,208,208,208,51,77,77,88,106,125,142,142,142,238,238,254,9,9,9,28,57,57,92,119,134,148,148,148,164,164,164,164,164,66,66],"floor_reached":54,"playtime":5424,"items_purged":[],"score":1110,"play_id":"c388d866-2a9b-43f0-8c93-d38c35962326","local_time":"20190223180024","is_ascension_mode":true,"campfire_choices":[{"floor":6.0,"key":"REST"},{"floor":8.0,"key":"REST"},{"data":"Survivor","floor":13.0,"key":"SMITH"},{"data":"Neutralize","floor":15.0,"key":"SMITH"},{"data":"Backflip","floor":23.0,"key":"SMITH"},{"floor":32.0,"key":"REST"},{"floor":41.0,"key":"REST"},{"floor":46.0,"key":"RECALL"},{"floor":49.0,"key":"REST"},{"floor":52.0,"key":"REST"}],"neow_cost":"PERCENT_DAMAGE","seed_source_timestamp":6174966306087,"circlet_count":0,"master_deck":["Defend_G","Defend_G","Defend_G","Defend_G","Strike_G","Strike_G","Survivor+1","Neutralize+1","All Out Attack","Choke","Cloak And Dagger+1","Flying Knee","Infinite Blades","PiercingWail","Dagger Spray","Bullet Time","Backflip+1","Leg Sweep","Setup+1","Noxious Fumes+1","Finisher+1","Envenom","Poisoned Stab+1","Neutralize","Purity","Cloak And Dagger","Corpse Explosion","Footwork","Leg Sweep+1","Escape Plan+1","Noxious Fumes","Acrobatics","Sucker Punch+1","Backflip","Terror"],"special_seed":0,"relics":["Ring of the Snake","Bag of Marbles","Torii","Tiny Chest","Boot","Dream Catcher","Sozu","Matryoshka","Snake Skull","Shuriken","Bronze Scales","Ninja Scroll","Philosopher\u0027s Stone","Mummified Hand","Paper Crane","Nunchaku","Omamori"],"potions_floor_usage":[],"damage_taken":[{"damage":0.0,"enemies":"2 Louse","floor":1.0,"turns":2.0},{"damage":0.0,"enemies":"Cultist","floor":3.0,"turns":2.0},{"damage":8.0,"enemies":"Small Slimes","floor":5.0,"turns":3.0},{"damage":0.0,"enemies":"Gremlin Nob","floor":7.0,"turns":2.0},{"damage":2.0,"enemies":"Blue Slaver","floor":10.0,"turns":4.0},{"damage":11.0,"enemies":"Lagavulin","floor":12.0,"turns":5.0},{"damage":26.0,"enemies":"Slime Boss","floor":16.0,"turns":9.0},{"damage":9.0,"enemies":"Shell Parasite","floor":18.0,"turns":5.0},{"damage":1.0,"enemies":"2 Thieves","floor":20.0,"turns":5.0},{"damage":29.0,"enemies":"Gremlin Leader","floor":25.0,"turns":6.0},{"damage":1.0,"enemies":"Cultist and Chosen","floor":27.0,"turns":4.0},{"damage":1.0,"enemies":"Sentry and Sphere","floor":28.0,"turns":4.0},{"damage":1.0,"enemies":"Snecko","floor":29.0,"turns":4.0},{"damage":1.0,"enemies":"Centurion and Healer","floor":30.0,"turns":5.0},{"damage":9.0,"enemies":"Colosseum Slavers","floor":31.0,"turns":4.0},{"damage":22.0,"enemies":"Champ","floor":33.0,"turns":5.0},{"damage":0.0,"enemies":"3 Shapes","floor":35.0,"turns":3.0},{"damage":0.0,"enemies":"3 Darklings","floor":39.0,"turns":2.0},{"damage":42.0,"enemies":"Reptomancer","floor":40.0,"turns":5.0},{"damage":0.0,"enemies":"Nemesis","floor":42.0,"turns":5.0},{"damage":0.0,"enemies":"4 Shapes","floor":44.0,"turns":3.0},{"damage":0.0,"enemies":"Jaw Worm Horde","floor":45.0,"turns":4.0},{"damage":0.0,"enemies":"Sphere and 2 Shapes","floor":48.0,"turns":2.0},{"damage":39.0,"enemies":"Donu and Deca","floor":50.0,"turns":6.0},{"damage":76,"enemies":"Shield and Spear","floor":54,"turns":2}],"seed_played":"-5849759951054968041","potions_obtained":[{"floor":1.0,"key":"AttackPotion"},{"floor":3.0,"key":"Strength Potion"},{"floor":7.0,"key":"SteroidPotion"},{"floor":16.0,"key":"Dexterity Potion"}],"is_trial":false,"path_per_floor":["M","?","M","?","M","R","E","R","T","M","?","E","R","$","R","B",null,"M","?","M","T","?","R","$","E","T","M","M","M","M","?","R","B",null,"M","$","?","$","M","E","R","E","T","M","M","R","?","M","R","B",null,"R","$","E"],"character_chosen":"THE_SILENT","items_purchased":["Dream Catcher","Snake Skull","Mummified Hand","Backflip","Terror"],"campfire_rested":6,"item_purchase_floors":[14,24,36,53,53],"current_hp_per_floor":[45,20,20,20,12,33,33,54,54,52,52,41,41,41,41,15,56,47,47,46,46,46,46,46,17,17,16,15,14,13,4,25,3,53,53,53,53,53,53,11,32,32,32,32,32,32,32,32,53,14,56,70,70,0],"gold":66,"neow_bonus":"TRANSFORM_TWO_CARDS","is_prod":false,"is_daily":false,"chose_seed":false,"campfire_upgraded":3,"win_rate":0,"timestamp":1550912424,"path_taken":["M","?","M","?","?","R","E","R","T","M","?","E","R","$","R","BOSS","M","?","M","?","?","R","$","E","T","M","M","?","M","?","R","BOSS","M","$","?","$","?","E","R","E","T","M","M","R","?","M","R","BOSS","R","$","E"],"build_version":"2019-01-23","purchased_purges":0,"victory":false,"max_hp_per_floor":[70,70,70,70,70,70,70,70,70,70,70,70,70,70,70,70,70,70,70,70,70,70,70,70,70,70,70,70,70,70,70,70,70,70,70,70,70,70,70,70,70,70,70,70,70,70,70,70,70,70,70,70,70,70],"card_choices":[{"not_picked":["Dodge and Roll","Quick Slash"],"picked":"Cloak And Dagger","floor":1.0},{"not_picked":["Quick Slash","Noxious Fumes"],"picked":"Flying Knee","floor":3.0},{"not_picked":["Deadly Poison","All Out Attack"],"picked":"Infinite Blades","floor":5.0},{"not_picked":["Quick Slash","Noxious Fumes"],"picked":"PiercingWail","floor":7.0},{"not_picked":["Deadly Poison","Infinite Blades","Predator"],"picked":"SKIP","floor":10.0},{"not_picked":["Deadly Poison","Concentrate"],"picked":"Dagger Spray","floor":12.0},{"not_picked":["Unload","Wraith Form v2"],"picked":"Bullet Time","floor":16.0},{"not_picked":["Masterful Stab","Underhanded Strike"],"picked":"Backflip","floor":18.0},{"not_picked":["Dodge and Roll","Blade Dance"],"picked":"Setup+1","floor":20.0},{"not_picked":["Grand Finale","All Out Attack+1","Sucker Punch"],"picked":"SKIP","floor":25.0},{"not_picked":["Deflect","Expertise"],"picked":"Noxious Fumes+1","floor":27.0},{"not_picked":["Bane","Poisoned Stab","Backflip"],"picked":"SKIP","floor":28.0},{"not_picked":["Masterful Stab+1","Backflip","All Out Attack+1"],"picked":"SKIP","floor":29.0},{"not_picked":["Prepared","Deflect","Flying Knee"],"picked":"SKIP","floor":30.0},{"not_picked":["Flying Knee","Deadly Poison"],"picked":"Finisher+1","floor":32.0},{"not_picked":["Adrenaline","Storm of Steel"],"picked":"Envenom","floor":33.0},{"not_picked":["Dagger Throw","Quick Slash+1"],"picked":"Poisoned Stab+1","floor":35.0},{"not_picked":["Slice+1","Dagger Throw+1"],"picked":"Cloak And Dagger","floor":39.0},{"not_picked":["Dash+1","Deflect+1"],"picked":"Corpse Explosion","floor":40.0},{"not_picked":["Dodge and Roll+1","Predator+1"],"picked":"Footwork","floor":41.0},{"not_picked":["Flying Knee+1","Prepared","Sucker Punch"],"picked":"SKIP","floor":42.0},{"not_picked":["Quick Slash","Cloak And Dagger+1"],"picked":"Leg Sweep+1","floor":44.0},{"not_picked":["All Out Attack","Flying Knee+1"],"picked":"Escape Plan+1","floor":45.0},{"not_picked":["Cloak And Dagger","Poisoned Stab+1"],"picked":"Noxious Fumes","floor":48.0},{"not_picked":["Underhanded Strike+1","Distraction"],"picked":"Acrobatics","floor":49.0},{"not_picked":["Bouncing Flask+1","Slice"],"picked":"Sucker Punch+1","floor":52.0}],"player_experience":387330,"relics_obtained":[{"floor":7.0,"key":"Torii"},{"floor":9.0,"key":"Tiny Chest"},{"floor":12.0,"key":"Boot"},{"floor":21.0,"key":"Matryoshka"},{"floor":25.0,"key":"Shuriken"},{"floor":26.0,"key":"Bronze Scales"},{"floor":26.0,"key":"Ninja Scroll"},{"floor":40.0,"key":"Paper Crane"},{"floor":42.0,"key":"Nunchaku"},{"floor":43.0,"key":"Omamori"}],"event_choices":[{"damage_healed":0.0,"max_hp_gain":0.0,"max_hp_loss":0.0,"gold_gain":0.0,"event_name":"Scrap Ooze","player_choice":"Success","floor":2.0,"gold_loss":0.0,"damage_taken":25.0,"relics_obtained":["Bag of Marbles"]},{"damage_healed":0.0,"max_hp_gain":0.0,"max_hp_loss":0.0,"gold_gain":0.0,"event_name":"Upgrade Shrine","player_choice":"Upgraded","floor":4.0,"gold_loss":0.0,"damage_taken":0.0,"cards_upgraded":["Cloak And Dagger"]},{"cards_removed":["Strike_G"],"damage_healed":0.0,"max_hp_gain":0.0,"max_hp_loss":0.0,"gold_gain":0.0,"event_name":"The Cleric","player_choice":"Card Removal","floor":11.0,"gold_loss":50.0,"damage_taken":0.0},{"damage_healed":0.0,"max_hp_gain":0.0,"max_hp_loss":0.0,"gold_gain":0.0,"event_name":"The Library","player_choice":"Read","floor":19.0,"gold_loss":0.0,"damage_taken":0.0,"cards_obtained":["Leg Sweep"]},{"damage_healed":0.0,"max_hp_gain":0.0,"max_hp_loss":0.0,"gold_gain":0.0,"event_name":"Vampires","player_choice":"Ignored","floor":22.0,"gold_loss":0.0,"damage_taken":0.0},{"damage_healed":0.0,"max_hp_gain":0.0,"max_hp_loss":0.0,"gold_gain":0.0,"event_name":"Colosseum","player_choice":"Fight","floor":31.0,"gold_loss":0.0,"damage_taken":0.0},{"damage_healed":0.0,"max_hp_gain":0.0,"max_hp_loss":0.0,"gold_gain":0.0,"event_name":"Colosseum","player_choice":"Fled From Nobs","floor":31.0,"gold_loss":0.0,"damage_taken":0.0},{"damage_healed":0.0,"max_hp_gain":0.0,"max_hp_loss":0.0,"gold_gain":0.0,"event_name":"Match and Keep!","player_choice":"2 cards matched","floor":37.0,"gold_loss":0.0,"damage_taken":0.0,"cards_obtained":["Neutralize","Purity"]},{"cards_removed":["Strike_G"],"damage_healed":0.0,"max_hp_gain":0.0,"max_hp_loss":0.0,"gold_gain":0.0,"event_name":"Falling","player_choice":"Removed Attack","floor":47.0,"gold_loss":0.0,"damage_taken":0.0}],"is_beta":false,"boss_relics":[{"not_picked":["Busted Crown","Astrolabe"],"picked":"Sozu"},{"not_picked":["Velvet Choker","Black Star"],"picked":"Philosopher\u0027s Stone"}],"items_purged_floors":[],"is_endless":false,"potions_floor_spawned":[1,3,7,16,25,27,28,35,40,42],"killed_by":"Shield and Spear","ascension_level":8}