{"gold_per_floor":[109,109,109,124,13,48,66,87,87,87,87,120,120,52,52,52],"floor_reached":16,"playtime":453,"items_purged":["Pain"],"score":193,"play_id":"07ae9a81-ba69-451a-9276-8ebe2af0b561","local_time":"20190224124102","is_ascension_mode":true,"campfire_choices":[{"floor":11.0,"key":"REST"},{"floor":13.0,"key":"REST"},{"data":"Well Laid Plans","floor":15.0,"key":"SMITH"}],"neow_cost":"NONE","seed_source_timestamp":12896799502961,"circlet_count":0,"master_deck":["Defend_G","Defend_G","Defend_G","Defend_G","Defend_G","Strike_G","Strike_G","Strike_G","Strike_G","Strike_G","Survivor","Neutralize","Bouncing Flask","Injury","Bane","Crippling Poison","Deadly Poison","Dagger Spray","Bouncing Flask","Well Laid Plans+1"],"special_seed":0,"relics":["Ring of the Snake","NeowsBlessing","Golden Idol","WarpedTongs","Sundial","Juzu Bracelet","Pear"],"potions_floor_usage":[],"damage_taken":[{"damage":0.0,"enemies":"Jaw Worm","floor":1.0,"turns":1.0},{"damage":0.0,"enemies":"2 Louse","floor":4.0,"turns":1.0},{"damage":0.0,"enemies":"3 Sentries","floor":6.0,"turns":2.0},{"damage":0.0,"enemies":"Cultist","floor":7.0,"turns":3.0},{"damage":4.0,"enemies":"Blue Slaver","floor":8.0,"turns":3.0},{"damage":27.0,"enemies":"Gremlin Nob","floor":12.0,"turns":4.0},{"damage":71,"enemies":"Slime Boss","floor":16,"turns":6}],"seed_played":"1669959725476890110","potions_obtained":[{"floor":1.0,"key":"Strength Potion"},{"floor":6.0,"key":"FearPotion"},{"floor":12.0,"key":"SteroidPotion"}],"is_trial":false,"path_per_floor":["M","?","?","M","$","E","M","M","T","?","R","E","R","$","R","B"],"character_chosen":"THE_SILENT","items_purchased":["Crippling Poison","Well Laid Plans"],"campfire_rested":2,"item_purchase_floors":[5,14],"current_hp_per_floor":[63,63,63,63,63,63,63,59,59,34,55,38,62,62,62,0],"gold":52,"neow_bonus":"THREE_ENEMY_KILL","is_prod":false,"is_daily":false,"chose_seed":false,"campfire_upgraded":1,"win_rate":0,"timestamp":1550979662,"path_taken":["M","?","?","?","$","E","M","M","T","?","R","E","R","?","R","BOSS"],"build_version":"2019-01-23","purchased_purges":1,"victory":false,"max_hp_per_floor":[70,70,70,70,70,70,70,70,70,70,70,80,80,80,80,80],"card_choices":[{"not_picked":["Deflect","Dagger Throw"],"picked":"Bouncing Flask","floor":1.0},{"not_picked":["Deadly Poison","Dagger Spray"],"picked":"Bane","floor":4.0},{"not_picked":["Blade Dance","Outmaneuver"],"picked":"Deadly Poison","floor":6.0},{"not_picked":["Slice","Deflect"],"picked":"Dagger Spray","floor":7.0},{"not_picked":["Deflect","Setup","Concentrate"],"picked":"SKIP","floor":8.0},{"not_picked":["Choke","Underhanded Strike"],"picked":"Bouncing Flask","floor":12.0}],"player_experience":393685,"relics_obtained":[{"floor":6.0,"key":"Sundial"},{"floor":12.0,"key":"Pear"}],"event_choices":[{"damage_healed":0.0,"max_hp_gain":0.0,"max_hp_loss":0.0,"gold_gain":0.0,"event_name":"Golden Idol","player_choice":"Take Wound","floor":2.0,"gold_loss":0.0,"damage_taken":0.0,"relics_obtained":["Golden Idol"],"cards_obtained":["Injury"]},{"damage_healed":0.0,"max_hp_gain":0.0,"max_hp_loss":0.0,"gold_gain":0.0,"event_name":"Accursed Blacksmith","player_choice":"Rummage","floor":3.0,"gold_loss":0.0,"damage_taken":0.0,"relics_obtained":["WarpedTongs"],"cards_obtained":["Pain"]},{"damage_healed":0.0,"max_hp_gain":0.0,"max_hp_loss":0.0,"gold_gain":0.0,"event_name":"Scrap Ooze","player_choice":"Success","floor":10.0,"gold_loss":0.0,"damage_taken":25.0,"relics_obtained":["Juzu Bracelet"]}],"is_beta":false,"boss_relics":[],"items_purged_floors":[5],"is_endless":false,"potions_floor_spawned":[1,6,12],"killed_by":"Slime Boss","ascension_level":9}