{"gold_per_floor":[110,63,73,90,56,81,81,92,92,111,111,111,129,129],"floor_reached":14,"playtime":1689,"items_purged":[],"score":92,"play_id":"10b4732e-3fae-41fd-a08e-2a75f40ab108","local_time":"20190125200442","is_ascension_mode":false,"campfire_choices":[{"floor":11,"key":"REST"}],"neow_cost":"NONE","seed_source_timestamp":1461902264127,"circlet_count":0,"master_deck":["Defend_G","Defend_G","Defend_G","Defend_G","Defend_G","Strike_G","Strike_G","Strike_G","Strike_G","Strike_G","Survivor","Neutralize+1","Dagger Spray","Cloak And Dagger","Escape Plan","Cloak And Dagger","Accuracy","Accuracy","Skewer","Predator","Decay","Bouncing Flask"],"relics":["Ring of the Snake","Centennial Puzzle","Mummified Hand","Boot"],"potions_floor_usage":[10],"damage_taken":[{"damage":1,"enemies":"Cultist","floor":1,"turns":5},{"damage":4,"enemies":"2 Louse","floor":3,"turns":3},{"damage":0,"enemies":"Small Slimes","floor":4,"turns":4},{"damage":43,"enemies":"Gremlin Nob","floor":6,"turns":6},{"damage":17,"enemies":"Gremlin Gang","floor":8,"turns":8},{"damage":1,"enemies":"2 Fungi Beasts","floor":10,"turns":4},{"damage":2,"enemies":"Looter","floor":13,"turns":4},{"damage":30,"enemies":"Lagavulin","floor":14,"turns":5}],"seed_played":"-6113431576355479709","potions_obtained":[{"floor":4,"key":"Ancient Potion"},{"floor":8,"key":"PowerPotion"},{"floor":10,"key":"Fruit Juice"}],"is_trial":false,"path_per_floor":["M","$","M","M","$","E","?","M","T","M","R","?","M","E"],"character_chosen":"THE_SILENT","items_purchased":["Cloak And Dagger","Accuracy"],"campfire_rested":1,"item_purchase_floors":[2,5],"current_hp_per_floor":[69,69,65,65,65,22,22,5,5,9,31,31,29,0],"gold":129,"neow_bonus":"UPGRADE_CARD","is_prod":false,"is_daily":false,"chose_seed":false,"campfire_upgraded":0,"win_rate":0.0,"timestamp":1548414282,"path_taken":["M","$","M","?","$","E","?","M","T","M","R","?","M","E"],"build_version":"2019-01-23","purchased_purges":0,"victory":false,"max_hp_per_floor":[70,70,70,70,70,70,70,70,70,75,75,75,75,75],"card_choices":[{"not_picked":["Flying Knee","Expertise"],"picked":"Dagger Spray","floor":1},{"not_picked":["Underhanded Strike","Cloak And Dagger"],"picked":"Escape Plan","floor":3},{"not_picked":["Expertise","Underhanded Strike"],"picked":"Cloak And Dagger","floor":4},{"not_picked":["Acrobatics","Dash"],"picked":"Accuracy","floor":6},{"not_picked":["Dash","Quick Slash"],"picked":"Skewer","floor":8},{"not_picked":["Reflex","Underhanded Strike"],"picked":"Predator","floor":10},{"not_picked":["Backstab","Leg Sweep"],"picked":"Bouncing Flask","floor":13}],"player_experience":44775,"relics_obtained":[{"floor":6,"key":"Centennial Puzzle"},{"floor":9,"key":"Boot"}],"event_choices":[{"damage_healed":0,"gold_gain":0,"player_choice":"Box","damage_taken":0,"relics_obtained":["Mummified Hand"],"max_hp_gain":0,"max_hp_loss":0,"event_name":"Big Fish","floor":7,"gold_loss":0,"cards_obtained":["Regret"]},{"damage_healed":0,"gold_gain":0,"cards_transformed":["Regret"],"player_choice":"Transformed","damage_taken":0,"max_hp_gain":0,"max_hp_loss":0,"event_name":"Transmorgrifier","floor":12,"gold_loss":0,"cards_obtained":["Decay"]}],"is_beta":false,"boss_relics":[],"items_purged_floors":[],"is_endless":false,"potions_floor_spawned":[4,8,10],"killed_by":"Lagavulin","ascension_level":0}