{"gold_per_floor":[110,110,129,143,158,193,212,212,212,250,269,269,344,363,363,486,486,486,15,15,15,15,15,15,15,15,15,15,15,15,15,15,15,15,15,15,15,15,15,15,15,15,15,15,15,15,15,15,15,15],"floor_reached":51,"playtime":3140,"items_purged":["Strike_G"],"score":856,"play_id":"fd5a8ac4-35d0-4ced-8c33-2adf6b54393c","local_time":"20190209140112","is_ascension_mode":true,"campfire_choices":[{"floor":8.0,"key":"REST"},{"floor":15.0,"key":"REST"},{"data":"Envenom","floor":29.0,"key":"SMITH"},{"floor":32.0,"key":"REST"},{"data":"Madness","floor":40.0,"key":"SMITH"},{"data":"Madness","floor":44.0,"key":"SMITH"},{"floor":49,"key":"REST"}],"neow_cost":"NONE","seed_source_timestamp":67908636672377,"circlet_count":0,"master_deck":["Defend_G","Defend_G","Defend_G","Strike_G","Strike_G","Strike_G+1","Survivor","Neutralize","Poisoned Stab","Dodge and Roll","Backflip","Dagger Spray","Envenom+1","Outmaneuver","Cloak And Dagger+1","Blade Dance","Bouncing Flask","Die Die Die+1","Quick Slash+1","Shame","Skewer+1","Dodge and Roll+1","Dagger Spray+1","Well Laid Plans","Adrenaline+1","Escape Plan","Bane+1","Blade Dance","Doppelganger","Slice+1","Terror+1","Flying Knee+1","Backflip+1","Calculated Gamble+1","Riddle With Holes+1","Madness+1","Madness+1","Catalyst+1","Blade Dance+1","Reflex+1"],"special_seed":0,"relics":["Ring of the Snake","NeowsBlessing","Pantograph","Molten Egg 2","Gambling Chip","Ectoplasm","Happy Flower","Kunai","Shuriken","Nunchaku","Blue Candle","Lantern","Astrolabe","Mango","Ornamental Fan","Mummified Hand","Question Card"],"potions_floor_usage":[46,50],"damage_taken":[{"damage":0.0,"enemies":"2 Louse","floor":1.0,"turns":1.0},{"damage":0.0,"enemies":"Cultist","floor":3.0,"turns":1.0},{"damage":0.0,"enemies":"Small Slimes","floor":4.0,"turns":1.0},{"damage":11.0,"enemies":"3 Louse","floor":5.0,"turns":4.0},{"damage":18.0,"enemies":"3 Sentries","floor":6.0,"turns":10.0},{"damage":11.0,"enemies":"Blue Slaver","floor":7.0,"turns":5.0},{"damage":6.0,"enemies":"Gremlin Nob","floor":10.0,"turns":4.0},{"damage":0.0,"enemies":"Lots of Slimes","floor":11.0,"turns":3.0},{"damage":0.0,"enemies":"2 Fungi Beasts","floor":14.0,"turns":4.0},{"damage":22.0,"enemies":"The Guardian","floor":16.0,"turns":10.0},{"damage":11.0,"enemies":"Chosen","floor":18.0,"turns":5.0},{"damage":0.0,"enemies":"3 Byrds","floor":22.0,"turns":3.0},{"damage":3.0,"enemies":"Snecko","floor":23.0,"turns":4.0},{"damage":0.0,"enemies":"Gremlin Leader","floor":24.0,"turns":7.0},{"damage":21.0,"enemies":"Centurion and Healer","floor":25.0,"turns":7.0},{"damage":1.0,"enemies":"3 Cultists","floor":27.0,"turns":2.0},{"damage":2.0,"enemies":"Snecko","floor":28.0,"turns":3.0},{"damage":11.0,"enemies":"Slavers","floor":30.0,"turns":2.0},{"damage":0.0,"enemies":"Snake Plant","floor":31.0,"turns":2.0},{"damage":19.0,"enemies":"Automaton","floor":33.0,"turns":8.0},{"damage":2.0,"enemies":"Orb Walker","floor":35.0,"turns":2.0},{"damage":4.0,"enemies":"3 Shapes","floor":37.0,"turns":2.0},{"damage":0.0,"enemies":"3 Darklings","floor":38.0,"turns":3.0},{"damage":0.0,"enemies":"Transient","floor":41.0,"turns":5.0},{"damage":7.0,"enemies":"Nemesis","floor":42.0,"turns":3.0},{"damage":4.0,"enemies":"Giant Head","floor":45.0,"turns":4.0},{"damage":28,"enemies":"Spire Growth","floor":46,"turns":3},{"damage":3,"enemies":"Reptomancer","floor":47,"turns":4},{"damage":34,"enemies":"Donu and Deca","floor":50,"turns":8}],"seed_played":"1162996406137063778","potions_obtained":[{"floor":1.0,"key":"Swift Potion"},{"floor":10.0,"key":"FairyPotion"},{"floor":11.0,"key":"SmokeBomb"},{"floor":16.0,"key":"Weak Potion"},{"floor":22.0,"key":"Regen Potion"},{"floor":24.0,"key":"Dexterity Potion"},{"floor":33.0,"key":"SteroidPotion"},{"floor":42.0,"key":"SteroidPotion"},{"floor":46,"key":"Fire Potion"}],"is_trial":false,"path_per_floor":["M","?","M","M","M","E","M","R","T","E","M","?","?","M","R","B",null,"M","$","?","?","M","M","E","M","T","M","M","R","E","M","R","B",null,"M","?","M","M","?","R","M","E","T","R","E","M","E","?","R","B",null],"character_chosen":"THE_SILENT","items_purchased":["Happy Flower","Kunai"],"campfire_rested":4,"item_purchase_floors":[19,19],"current_hp_per_floor":[70,53,53,53,42,24,13,34,34,28,28,14,7,7,28,31,70,59,59,59,59,59,56,70,49,49,48,46,46,35,35,56,51,70,68,68,64,64,55,55,55,62,62,62,58,30,27,27,52,43],"gold":15,"neow_bonus":"THREE_ENEMY_KILL","is_prod":false,"is_daily":false,"chose_seed":false,"campfire_upgraded":3,"win_rate":0,"timestamp":1549688472,"path_taken":["M","?","M","M","M","E","M","R","T","E","M","?","?","?","R","BOSS","M","$","?","?","M","M","E","M","T","M","M","R","E","M","R","BOSS","M","?","?","M","?","R","M","E","T","R","E","M","E","?","R","BOSS"],"build_version":"2019-01-23","purchased_purges":1,"victory":true,"max_hp_per_floor":[70,70,70,70,70,70,70,70,70,70,70,70,70,70,70,70,70,70,70,70,70,70,70,70,70,70,70,70,70,70,70,70,70,70,70,70,70,70,70,70,70,84,84,84,84,84,84,84,84,84],"card_choices":[{"not_picked":["Choke","Sucker Punch"],"picked":"Poisoned Stab","floor":1.0},{"not_picked":["Masterful Stab","Deflect"],"picked":"Dodge and Roll","floor":3.0},{"not_picked":["PiercingWail","Distraction"],"picked":"Backflip","floor":4.0},{"not_picked":["Sucker Punch","Blade Dance"],"picked":"Dagger Spray","floor":5.0},{"not_picked":["Endless Agony","Backstab"],"picked":"Envenom","floor":6.0},{"not_picked":["Catalyst","Deflect"],"picked":"Outmaneuver","floor":7.0},{"not_picked":["All Out Attack+1","Dagger Spray+1"],"picked":"Cloak And Dagger","floor":10.0},{"not_picked":["Slice+1","PiercingWail"],"picked":"Blade Dance","floor":11.0},{"not_picked":["Accuracy","Outmaneuver"],"picked":"Bouncing Flask","floor":14.0},{"not_picked":["Night Terror","A Thousand Cuts"],"picked":"Die Die Die+1","floor":16.0},{"not_picked":["Cloak And Dagger","Outmaneuver"],"picked":"Quick Slash+1","floor":18.0},{"not_picked":["Deadly Poison+1","Deflect+1"],"picked":"Skewer+1","floor":22.0},{"not_picked":["Outmaneuver","Dagger Spray+1"],"picked":"Dodge and Roll+1","floor":23.0},{"not_picked":["Predator+1","Dagger Throw+1"],"picked":"Dagger Spray+1","floor":24.0},{"not_picked":["Flying Knee+1","Flechettes+1"],"picked":"Well Laid Plans","floor":25.0},{"not_picked":["Blur","Cloak And Dagger"],"picked":"Adrenaline","floor":27.0},{"not_picked":["PiercingWail","Riddle With Holes+1"],"picked":"Escape Plan","floor":28.0},{"not_picked":["Calculated Gamble","Setup+1"],"picked":"Bane+1","floor":30.0},{"not_picked":["Flying Knee+1","Deadly Poison"],"picked":"Blade Dance","floor":31.0},{"not_picked":["Wraith Form v2","Night Terror"],"picked":"Doppelganger","floor":33.0},{"not_picked":["Choke+1","Endless Agony+1"],"picked":"Backflip+1","floor":35.0},{"not_picked":["Caltrops","Crippling Poison"],"picked":"Calculated Gamble+1","floor":37.0},{"not_picked":["Endless Agony+1","Deadly Poison"],"picked":"Riddle With Holes+1","floor":38.0},{"not_picked":["Quick Slash+1","Bane+1","Dagger Throw+1"],"picked":"SKIP","floor":41.0},{"not_picked":["Quick Slash+1","Heel Hook+1","Dagger Spray+1"],"picked":"SKIP","floor":42.0},{"not_picked":["Poisoned Stab+1","Crippling Poison"],"picked":"Catalyst+1","floor":45.0},{"not_picked":["Skewer+1","Flying Knee+1"],"picked":"Blade Dance+1","floor":46},{"not_picked":["Glass Knife+1","Deflect+1"],"picked":"Reflex+1","floor":47}],"player_experience":270722,"relics_obtained":[{"floor":6.0,"key":"Pantograph"},{"floor":9.0,"key":"Molten Egg 2"},{"floor":10.0,"key":"Gambling Chip"},{"floor":24.0,"key":"Nunchaku"},{"floor":26.0,"key":"Blue Candle"},{"floor":30.0,"key":"Lantern"},{"floor":42.0,"key":"Mango"},{"floor":43.0,"key":"Ornamental Fan"},{"floor":45.0,"key":"Mummified Hand"},{"floor":47,"key":"Question Card"}],"event_choices":[{"damage_healed":0.0,"max_hp_gain":0.0,"max_hp_loss":0.0,"gold_gain":0.0,"event_name":"Golden Idol","player_choice":"Take Damage","floor":2.0,"gold_loss":0.0,"damage_taken":17.0,"relics_obtained":["Golden Idol"]},{"damage_healed":0.0,"max_hp_gain":0.0,"max_hp_loss":0.0,"gold_gain":0.0,"event_name":"Shining Light","player_choice":"Entered Light","floor":12.0,"gold_loss":0.0,"damage_taken":14.0,"cards_upgraded":["Strike_G","Cloak And Dagger"]},{"damage_healed":0.0,"max_hp_gain":0.0,"max_hp_loss":0.0,"gold_gain":75.0,"event_name":"FaceTrader","player_choice":"Touch","floor":13.0,"gold_loss":0.0,"damage_taken":7.0},{"damage_healed":0.0,"max_hp_gain":0.0,"max_hp_loss":0.0,"gold_gain":0.0,"event_name":"Beggar","player_choice":"Ignored","floor":20.0,"gold_loss":0.0,"damage_taken":0.0},{"damage_healed":0.0,"max_hp_gain":0.0,"max_hp_loss":0.0,"gold_gain":0.0,"event_name":"Addict","player_choice":"Stole Relic","floor":21.0,"gold_loss":0.0,"damage_taken":0.0,"relics_obtained":["Shuriken"],"cards_obtained":["Shame"]},{"damage_healed":0.0,"max_hp_gain":0.0,"max_hp_loss":0.0,"gold_gain":0.0,"event_name":"Upgrade Shrine","player_choice":"Upgraded","floor":36.0,"gold_loss":0.0,"damage_taken":0.0,"cards_upgraded":["Adrenaline"]},{"damage_healed":0.0,"max_hp_gain":0.0,"max_hp_loss":0.0,"gold_gain":0.0,"event_name":"Winding Halls","player_choice":"Embrace Madness","floor":39.0,"gold_loss":0.0,"damage_taken":9.0,"cards_obtained":["Madness","Madness"]},{"damage_healed":0,"gold_gain":333,"player_choice":"Gave Idol","damage_taken":0,"max_hp_gain":0,"max_hp_loss":0,"event_name":"The Moai Head","floor":48,"relics_lost":["Golden Idol"],"gold_loss":0}],"is_beta":false,"boss_relics":[{"not_picked":["Busted Crown","Fusion Hammer"],"picked":"Ectoplasm"},{"not_picked":["Snecko Eye","Calling Bell"],"picked":"Astrolabe"}],"items_purged_floors":[19],"is_endless":false,"potions_floor_spawned":[1,10,11,16,22,23,24,31,33,37,42,46,47],"ascension_level":1}