{"gold_per_floor":[368,384,384,34,53,53,83,83,107,136,154,184,199,45,45,124,124,137,236,236,254,273,300,300,320,344,108,33,33,66,83,83,162,162,176,137,137,151,168,201,167,167,167,267,367,385,403,63,63,63,63,63,63,63],"floor_reached":54,"playtime":3028,"items_purged":["Defend_G","Regret","Defend_G"],"score":1266,"play_id":"02ba71cc-8099-4eb1-b61d-9b5568b26cb7","local_time":"20190227225407","is_ascension_mode":true,"campfire_choices":[{"data":"Leg Sweep","floor":6.0,"key":"SMITH"},{"floor":15.0,"key":"REST"},{"floor":24.0,"key":"REST"},{"data":"Apotheosis","floor":29.0,"key":"SMITH"},{"data":"Adrenaline","floor":32.0,"key":"SMITH"},{"floor":42.0,"key":"REST"},{"floor":49.0,"key":"RECALL"},{"floor":52,"key":"REST"}],"neow_cost":"TEN_PERCENT_HP_LOSS","seed_source_timestamp":5043565896311,"circlet_count":0,"master_deck":["AscendersBane","Defend_G+1","Defend_G","Defend_G","Strike_G","Strike_G","Survivor+1","Neutralize","Leg Sweep+1","Finisher","Dash","Dramatic Entrance","Terror+1","Die Die Die","Prepared","Underhanded Strike","Poisoned Stab","Backflip","Adrenaline+1","Blur","Poisoned Stab","Heel Hook","PiercingWail","Crippling Poison","Quick Slash","Apotheosis+1","Night Terror","Blur","Bullet Time","Dagger Throw","Well Laid Plans","Parasite","Poisoned Stab+1","Burst","Riddle With Holes","Acrobatics","Sucker Punch+1","Bouncing Flask","Tools of the Trade","Skewer"],"special_seed":0,"relics":["Ring of the Snake","Happy Flower","Bronze Scales","Ancient Tea Set","Orichalcum","War Paint","Sozu","Vajra","Regal Pillow","Bag of Marbles","Fusion Hammer","Anchor","Tingsha"],"potions_floor_usage":[],"damage_taken":[{"damage":0.0,"enemies":"Small Slimes","floor":1.0,"turns":3.0},{"damage":0.0,"enemies":"Jaw Worm","floor":2.0,"turns":5.0},{"damage":2.0,"enemies":"Cultist","floor":5.0,"turns":4.0},{"damage":0.0,"enemies":"Gremlin Nob","floor":7.0,"turns":3.0},{"damage":29.0,"enemies":"3 Sentries","floor":10.0,"turns":13.0},{"damage":7.0,"enemies":"Exordium Thugs","floor":11.0,"turns":5.0},{"damage":0.0,"enemies":"3 Louse","floor":13.0,"turns":1.0},{"damage":9.0,"enemies":"The Guardian","floor":16.0,"turns":12.0},{"damage":0.0,"enemies":"Shell Parasite","floor":18.0,"turns":3.0},{"damage":16.0,"enemies":"Spheric Guardian","floor":21.0,"turns":3.0},{"damage":3.0,"enemies":"Snake Plant","floor":22.0,"turns":4.0},{"damage":13.0,"enemies":"Gremlin Leader","floor":23.0,"turns":5.0},{"damage":9.0,"enemies":"Snecko","floor":25.0,"turns":5.0},{"damage":2.0,"enemies":"Book of Stabbing","floor":30.0,"turns":4.0},{"damage":0.0,"enemies":"Cultist and Chosen","floor":31.0,"turns":4.0},{"damage":3.0,"enemies":"Collector","floor":33.0,"turns":6.0},{"damage":0.0,"enemies":"Orb Walker","floor":35.0,"turns":2.0},{"damage":0.0,"enemies":"3 Shapes","floor":38.0,"turns":1.0},{"damage":18.0,"enemies":"Writhing Mass","floor":39.0,"turns":6.0},{"damage":4.0,"enemies":"Giant Head","floor":40.0,"turns":5.0},{"damage":2.0,"enemies":"Mind Bloom Boss Battle","floor":44.0,"turns":6.0},{"damage":17.0,"enemies":"Jaw Worm Horde","floor":46.0,"turns":3.0},{"damage":0.0,"enemies":"4 Shapes","floor":47.0,"turns":4.0},{"damage":21,"enemies":"Awakened One","floor":50,"turns":12},{"damage":61,"enemies":"Shield and Spear","floor":54,"turns":5}],"seed_played":"-4771785707222989904","potions_obtained":[{"floor":2.0,"key":"Ancient Potion"},{"floor":5.0,"key":"SkillPotion"},{"floor":10.0,"key":"Energy Potion"}],"is_trial":false,"path_per_floor":["M","M","?","$","M","R","E","?","T","E","M","?","M","$","R","B",null,"M","?","?","M","M","E","R","M","T","$","?","R","E","M","R","B",null,"M","$","?","M","M","E","$","R","T","?","?","M","M","$","R","B",null,"R","$","E"],"character_chosen":"THE_SILENT","items_purchased":["Dash","Happy Flower","Dramatic Entrance","Backflip","Quick Slash","Apotheosis","Well Laid Plans","Riddle With Holes","Bouncing Flask","Tools of the Trade","Skewer"],"campfire_rested":4,"item_purchase_floors":[4,4,4,14,27,27,36,41,48,48,48],"current_hp_per_floor":[59,59,59,59,57,57,57,57,57,28,21,21,21,21,39,30,53,53,53,53,37,34,21,39,30,30,30,30,30,28,28,28,25,51,51,51,51,51,33,29,29,60,60,58,58,41,41,41,41,20,50,60,60,0],"gold":63,"neow_bonus":"TWO_FIFTY_GOLD","is_prod":false,"is_daily":false,"chose_seed":false,"campfire_upgraded":3,"win_rate":0,"timestamp":1551275647,"path_taken":["M","M","?","$","M","R","E","?","T","E","M","?","M","$","R","BOSS","M","?","?","M","?","E","R","M","T","$","?","R","E","M","R","BOSS","M","$","?","M","M","E","?","R","T","?","?","M","?","$","R","BOSS","R","$","E"],"build_version":"2019-01-23","purchased_purges":3,"victory":false,"max_hp_per_floor":[60,60,60,60,60,60,60,60,60,60,60,60,60,60,60,60,60,60,60,60,60,60,60,60,60,60,60,60,60,60,60,60,60,60,60,60,60,60,60,60,60,60,60,60,60,60,60,60,60,60,60,60,60,60],"card_choices":[{"not_picked":["Dodge and Roll","Backflip"],"picked":"Leg Sweep","floor":1.0},{"not_picked":["Concentrate","Blade Dance","Eviscerate"],"picked":"SKIP","floor":2.0},{"not_picked":["Deflect","Choke"],"picked":"Terror","floor":5.0},{"not_picked":["Cloak And Dagger","Quick Slash"],"picked":"Die Die Die","floor":7.0},{"not_picked":["Infinite Blades","Leg Sweep"],"picked":"Prepared","floor":10.0},{"not_picked":["Finisher","Deadly Poison"],"picked":"Underhanded Strike","floor":11.0},{"not_picked":["Bane","Deflect"],"picked":"Poisoned Stab","floor":13.0},{"not_picked":["Envenom","Unload"],"picked":"Adrenaline","floor":16.0},{"not_picked":["Flying Knee","Dagger Spray"],"picked":"Blur","floor":18.0},{"not_picked":["Dodge and Roll","Slice"],"picked":"Poisoned Stab","floor":21.0},{"not_picked":["Sucker Punch","Deflect"],"picked":"Heel Hook","floor":22.0},{"not_picked":["Slice","Cloak And Dagger"],"picked":"PiercingWail","floor":23.0},{"not_picked":["Underhanded Strike","Bane"],"picked":"Crippling Poison","floor":25.0},{"not_picked":["Prepared","Dagger Spray"],"picked":"Night Terror","floor":30.0},{"not_picked":["Underhanded Strike","Backstab"],"picked":"Blur","floor":31.0},{"not_picked":["Malaise","Storm of Steel"],"picked":"Bullet Time","floor":33.0},{"not_picked":["Setup","Dagger Spray"],"picked":"Dagger Throw","floor":35.0},{"not_picked":["Outmaneuver","Dagger Throw","Accuracy"],"picked":"SKIP","floor":38.0},{"not_picked":["Bane","Outmaneuver"],"picked":"Poisoned Stab+1","floor":39.0},{"not_picked":["Deflect","Outmaneuver"],"picked":"Burst","floor":40.0},{"not_picked":["Dagger Throw","Riddle With Holes+1"],"picked":"Acrobatics","floor":44.0},{"not_picked":["PiercingWail+1","Sucker Punch+1","Poisoned Stab"],"picked":"SKIP","floor":46.0},{"not_picked":["PiercingWail+1","Poisoned Stab"],"picked":"Sucker Punch+1","floor":46.0},{"not_picked":["Dash","Flying Knee","Dagger Throw+1"],"picked":"SKIP","floor":47.0}],"player_experience":422994,"relics_obtained":[{"floor":7.0,"key":"Bronze Scales"},{"floor":9.0,"key":"Orichalcum"},{"floor":10.0,"key":"War Paint"},{"floor":23.0,"key":"Vajra"},{"floor":26.0,"key":"Regal Pillow"},{"floor":30.0,"key":"Bag of Marbles"},{"floor":40.0,"key":"Anchor"},{"floor":44.0,"key":"Tingsha"}],"event_choices":[{"damage_healed":0.0,"max_hp_gain":0.0,"max_hp_loss":0.0,"gold_gain":0.0,"cards_transformed":["Strike_G"],"event_name":"Living Wall","player_choice":"Change","floor":3.0,"gold_loss":0.0,"damage_taken":0.0,"cards_obtained":["Finisher"]},{"damage_healed":0.0,"max_hp_gain":0.0,"max_hp_loss":0.0,"gold_gain":0.0,"event_name":"Big Fish","player_choice":"Box","floor":8.0,"gold_loss":0.0,"damage_taken":0.0,"relics_obtained":["Ancient Tea Set"],"cards_obtained":["Regret"]},{"damage_healed":0.0,"max_hp_gain":0.0,"max_hp_loss":0.0,"gold_gain":30.0,"event_name":"Dead Adventurer","player_choice":"Searched \u00272\u0027 times","floor":12.0,"gold_loss":0.0,"damage_taken":0.0},{"damage_healed":0.0,"max_hp_gain":0.0,"max_hp_loss":0.0,"gold_gain":99.0,"event_name":"Nest","player_choice":"Stole From Cult","floor":19.0,"gold_loss":0.0,"damage_taken":0.0},{"damage_healed":0.0,"max_hp_gain":0.0,"max_hp_loss":0.0,"gold_gain":0.0,"event_name":"Upgrade Shrine","player_choice":"Upgraded","floor":20.0,"gold_loss":0.0,"damage_taken":0.0,"cards_upgraded":["Terror"]},{"cards_removed":["Strike_G"],"damage_healed":0.0,"max_hp_gain":0.0,"max_hp_loss":0.0,"gold_gain":0.0,"event_name":"Beggar","player_choice":"Gave Gold","floor":28.0,"gold_loss":75.0,"damage_taken":0.0},{"cards_removed":["Strike_G"],"damage_healed":0.0,"max_hp_gain":0.0,"max_hp_loss":0.0,"gold_gain":0.0,"event_name":"Purifier","player_choice":"Purged","floor":37.0,"gold_loss":0.0,"damage_taken":0.0},{"damage_healed":0.0,"max_hp_gain":0.0,"max_hp_loss":0.0,"gold_gain":0.0,"event_name":"MindBloom","player_choice":"Fight","floor":44.0,"gold_loss":0.0,"damage_taken":0.0},{"damage_healed":0.0,"max_hp_gain":0.0,"max_hp_loss":0.0,"gold_gain":100.0,"event_name":"Golden Shrine","player_choice":"Pray","floor":45.0,"gold_loss":0.0,"damage_taken":0.0}],"is_beta":false,"boss_relics":[{"not_picked":["Black Star","Ring of the Serpent"],"picked":"Sozu"},{"not_picked":["Cursed Key","Busted Crown"],"picked":"Fusion Hammer"}],"items_purged_floors":[4,14,48],"is_endless":false,"potions_floor_spawned":[2,5,10,16,18,25,30,31,33,40,44,47],"killed_by":"Shield and Spear","ascension_level":14}