{"gold_per_floor":[111,121,96,106,106,106,82,108,134,148,177,177,187,187,187,308,308,331,350,364,125,125,164,164,183,207,207,227,243,267,267,267,390,390,410,535,535,548,158,171,195,195],"floor_reached":42,"playtime":3571,"items_purged":["Strike_G","Strike_G"],"score":457,"play_id":"ceea4e72-9c89-4986-a33b-d6ff9cc09691","local_time":"20190126014652","is_ascension_mode":false,"campfire_choices":[{"data":"Poisoned Stab","floor":6,"key":"SMITH"},{"data":"Neutralize","floor":12,"key":"SMITH"},{"floor":15,"key":"REST"},{"floor":27,"key":"REST"},{"floor":32,"key":"REST"}],"neow_cost":"NONE","seed_source_timestamp":20107966666306,"circlet_count":0,"master_deck":["Defend_G","Defend_G","Defend_G","Strike_G","Strike_G","Survivor","Neutralize+1","Endless Agony","Poisoned Stab+1","Underhanded Strike","Cloak And Dagger","Dagger Throw","Infinite Blades","Choke","Distraction","Bullet Time","Envenom","Bane+1","Terror","Venomology","Die Die Die+1","Dagger Spray+1","Cloak And Dagger+1","Iron Wave","Endless Agony+1","Riddle With Holes+1","Dagger Throw+1","Endless Agony+1","Night Terror","Die Die Die+1","Night Terror+1","Sucker Punch+1","Backstab+1","Slice+1","Dash+1","Blade Dance+1","Glass Knife+1"],"relics":["Ring of the Snake","Vajra","PreservedInsect","Oddly Smooth Stone","Molten Egg 2","Golden Idol","Lizard Tail","Smiling Mask","Strawberry","Potion Belt","Astrolabe","Ginger","Orichalcum","TheAbacus"],"potions_floor_usage":[8,19,20,23,23,23,29,30,33,33,33,33,41,41,41],"damage_taken":[{"damage":0,"enemies":"2 Louse","floor":1,"turns":3},{"damage":3,"enemies":"Jaw Worm","floor":2,"turns":4},{"damage":0,"enemies":"Cultist","floor":4,"turns":3},{"damage":2,"enemies":"Gremlin Nob","floor":8,"turns":3},{"damage":1,"enemies":"Looter","floor":10,"turns":2},{"damage":13,"enemies":"Lagavulin","floor":11,"turns":4},{"damage":0,"enemies":"Exordium Wildlife","floor":13,"turns":3},{"damage":43,"enemies":"Slime Boss","floor":16,"turns":15},{"damage":4,"enemies":"Chosen","floor":18,"turns":5},{"damage":6,"enemies":"2 Thieves","floor":19,"turns":3},{"damage":14,"enemies":"Snake Plant","floor":20,"turns":3},{"damage":21,"enemies":"Book of Stabbing","floor":23,"turns":5},{"damage":6,"enemies":"3 Cultists","floor":25,"turns":5},{"damage":9,"enemies":"Cultist and Chosen","floor":28,"turns":3},{"damage":1,"enemies":"Shelled Parasite and Fungi","floor":29,"turns":3},{"damage":8,"enemies":"Centurion and Healer","floor":30,"turns":6},{"damage":145,"enemies":"Collector","floor":33,"turns":7},{"damage":34,"enemies":"3 Darklings","floor":35,"turns":5},{"damage":0,"enemies":"Mind Bloom Boss Battle","floor":36,"turns":3},{"damage":10,"enemies":"Orb Walker","floor":38,"turns":2},{"damage":34,"enemies":"Spire Growth","floor":40,"turns":5},{"damage":0,"enemies":"Jaw Worm Horde","floor":41,"turns":3},{"damage":15,"enemies":"Sphere and 2 Shapes","floor":42,"turns":2}],"seed_played":"8862251707646386383","potions_obtained":[{"floor":2,"key":"LiquidBronze"},{"floor":4,"key":"Strength Potion"},{"floor":8,"key":"Explosive Potion"},{"floor":11,"key":"SpeedPotion"},{"floor":18,"key":"Fire Potion"},{"floor":19,"key":"Poison Potion"},{"floor":23,"key":"Regen Potion"},{"floor":28,"key":"Regen Potion"}],"is_trial":false,"path_per_floor":["M","M","$","M","?","R","$","E","T","M","E","R","M","?","R","B",null,"M","M","M","$","?","E","?","M","T","R","M","M","M","?","R","B",null,"M","?","?","M","$","M","M","M"],"character_chosen":"THE_SILENT","items_purchased":["Underhanded Strike","Dagger Throw","Die Die Die+1","Dagger Spray+1","Orichalcum","TheAbacus"],"campfire_rested":3,"item_purchase_floors":[3,7,21,21,39,39],"current_hp_per_floor":[77,74,74,74,67,67,67,65,65,64,51,51,51,32,55,12,77,73,67,53,53,53,39,39,33,33,58,49,48,40,40,65,5,84,50,50,50,40,40,6,6,0],"gold":195,"neow_bonus":"TEN_PERCENT_HP_BONUS","is_prod":false,"is_daily":false,"chose_seed":false,"campfire_upgraded":2,"win_rate":0.0,"timestamp":1548434812,"path_taken":["M","M","$","M","?","R","$","E","T","M","E","R","M","?","R","BOSS","M","M","M","$","?","E","?","M","T","R","M","?","M","?","R","BOSS","M","?","?","M","$","?","M","M"],"build_version":"2019-01-23","purchased_purges":2,"victory":false,"max_hp_per_floor":[77,77,77,77,77,77,77,77,77,77,77,77,77,77,77,77,77,77,77,77,77,77,84,84,84,84,84,84,84,84,84,84,84,84,84,84,84,84,84,84,84,84],"card_choices":[{"not_picked":["Dodge and Roll","Quick Slash"],"picked":"Endless Agony","floor":1},{"not_picked":["Calculated Gamble","Blade Dance"],"picked":"Poisoned Stab","floor":2},{"not_picked":["Riddle With Holes","Bane"],"picked":"Cloak And Dagger","floor":4},{"not_picked":["Bane","Slice"],"picked":"Infinite Blades","floor":8},{"not_picked":["Caltrops","PiercingWail"],"picked":"Choke","floor":10},{"not_picked":["Poisoned Stab","Blade Dance"],"picked":"Distraction","floor":11},{"not_picked":["Slice+1","Terror"],"picked":"Bullet Time","floor":13},{"not_picked":["Doppelganger","Bullet Time"],"picked":"Envenom","floor":16},{"not_picked":["Outmaneuver","Backflip"],"picked":"Bane+1","floor":18},{"not_picked":["Underhanded Strike+1","Tactician"],"picked":"Terror","floor":19},{"not_picked":["Sucker Punch+1","Deadly Poison+1"],"picked":"Venomology","floor":20},{"not_picked":["Blade Dance+1","Underhanded Strike+1"],"picked":"Cloak And Dagger+1","floor":23},{"not_picked":["Bane+1","Acrobatics"],"picked":"Endless Agony+1","floor":25},{"not_picked":["Corpse Explosion","Cloak And Dagger"],"picked":"Riddle With Holes+1","floor":28},{"not_picked":["Outmaneuver","Acrobatics","Dagger Spray+1"],"picked":"SKIP","floor":29},{"not_picked":["Prepared","Bane+1"],"picked":"Dagger Throw+1","floor":30},{"not_picked":["Malaise","Venomology"],"picked":"Night Terror","floor":33},{"not_picked":["Calculated Gamble","Dagger Spray+1"],"picked":"Backstab+1","floor":35},{"not_picked":["Dodge and Roll+1","Sucker Punch+1"],"picked":"Slice+1","floor":36},{"not_picked":["Underhanded Strike+1","Flying Knee+1"],"picked":"Dash+1","floor":38},{"not_picked":["Escape Plan","Slice+1"],"picked":"Blade Dance+1","floor":40},{"not_picked":["Prepared+1","Deadly Poison+1"],"picked":"Glass Knife+1","floor":41}],"player_experience":60996,"relics_obtained":[{"floor":8,"key":"PreservedInsect"},{"floor":9,"key":"Oddly Smooth Stone"},{"floor":11,"key":"Molten Egg 2"},{"floor":23,"key":"Strawberry"},{"floor":26,"key":"Potion Belt"},{"floor":36,"key":"Ginger"}],"event_choices":[{"damage_healed":0,"gold_gain":0,"player_choice":"Success","damage_taken":7,"relics_obtained":["Vajra"],"max_hp_gain":0,"max_hp_loss":0,"event_name":"Scrap Ooze","floor":5,"gold_loss":0},{"damage_healed":0,"gold_gain":0,"player_choice":"Take Damage","damage_taken":19,"relics_obtained":["Golden Idol"],"max_hp_gain":0,"max_hp_loss":0,"event_name":"Golden Idol","floor":14,"gold_loss":0},{"damage_healed":0,"gold_gain":0,"player_choice":"Opened","damage_taken":0,"relics_obtained":["Smiling Mask"],"max_hp_gain":0,"max_hp_loss":0,"event_name":"The Mausoleum","floor":22,"gold_loss":0,"cards_obtained":["Writhe"]},{"cards_removed":["Writhe"],"damage_healed":0,"gold_gain":0,"player_choice":"Took Card","damage_taken":0,"max_hp_gain":0,"max_hp_loss":0,"event_name":"NoteForYourself","floor":24,"gold_loss":0,"cards_obtained":["Iron Wave"]},{"damage_healed":0,"gold_gain":0,"player_choice":"Read","damage_taken":0,"max_hp_gain":0,"max_hp_loss":0,"event_name":"The Library","floor":31,"gold_loss":0,"cards_obtained":["Endless Agony"]},{"damage_healed":0,"gold_gain":0,"player_choice":"Fight","damage_taken":0,"max_hp_gain":0,"max_hp_loss":0,"event_name":"MindBloom","floor":36,"gold_loss":0},{"damage_healed":0,"gold_gain":0,"player_choice":"Ignored","damage_taken":0,"max_hp_gain":0,"max_hp_loss":0,"event_name":"SecretPortal","floor":37,"gold_loss":0}],"is_beta":false,"boss_relics":[{"not_picked":["Velvet Choker","Fusion Hammer"],"picked":"Lizard Tail"},{"not_picked":["Cursed Key","Calling Bell"],"picked":"Astrolabe"}],"items_purged_floors":[21,39],"is_endless":false,"potions_floor_spawned":[2,4,8,11,18,19,23,28],"killed_by":"Sphere and 2 Shapes","ascension_level":0}