{"gold_per_floor":[169,169,93,112,132,132,158,171,226,256,256,269,289,301,301,402,402,414,414,429,429,429,454,179,179,203,20,39,58,58,58],"floor_reached":31,"playtime":2026,"items_purged":["Defend_G+1"],"score":374,"play_id":"da3bab59-a866-4ae2-828b-8337eec6ae38","local_time":"20190220014651","is_ascension_mode":true,"campfire_choices":[{"data":"Leg Sweep","floor":6.0,"key":"SMITH"},{"data":"Envenom","floor":11.0,"key":"SMITH"},{"floor":15.0,"key":"REST"},{"floor":25.0,"key":"REST"}],"neow_cost":"NONE","seed_source_timestamp":23930325214573,"circlet_count":0,"master_deck":["Defend_G+1","Defend_G+1","Defend_G+1","Defend_G+1","Strike_G+1","Strike_G+1","Strike_G+1","Survivor","Neutralize","Leg Sweep+1","Dagger Spray","Malaise","Neutralize","Endless Agony","Well Laid Plans","Outmaneuver","Skewer","Flechettes","Envenom+1","Backstab","Outmaneuver","Backflip","Adrenaline","Deadly Poison+1","Wraith Form v2","Adrenaline","Writhe","Storm of Steel","Apotheosis","Cloak And Dagger+1"],"special_seed":0,"relics":["Tiny House","Blue Candle","Potion Belt","PreservedInsect","White Beast Statue","Sundial","Smiling Mask","Regal Pillow","Blood Vial"],"potions_floor_usage":[],"damage_taken":[{"damage":0.0,"enemies":"Cultist","floor":1.0,"turns":5.0},{"damage":1.0,"enemies":"Small Slimes","floor":4.0,"turns":3.0},{"damage":0.0,"enemies":"2 Louse","floor":5.0,"turns":2.0},{"damage":19.0,"enemies":"3 Sentries","floor":7.0,"turns":12.0},{"damage":5.0,"enemies":"Blue Slaver","floor":8.0,"turns":4.0},{"damage":16.0,"enemies":"Gremlin Nob","floor":10.0,"turns":4.0},{"damage":7.0,"enemies":"Gremlin Gang","floor":12.0,"turns":4.0},{"damage":0.0,"enemies":"2 Fungi Beasts","floor":13.0,"turns":4.0},{"damage":4.0,"enemies":"Blue Slaver","floor":14.0,"turns":4.0},{"damage":11.0,"enemies":"Slime Boss","floor":16.0,"turns":11.0},{"damage":9.0,"enemies":"Chosen","floor":18.0,"turns":9.0},{"damage":16.0,"enemies":"3 Byrds","floor":20.0,"turns":5.0},{"damage":36.0,"enemies":"Gremlin Leader","floor":23.0,"turns":7.0},{"damage":34.0,"enemies":"Centurion and Healer","floor":28.0,"turns":8.0},{"damage":0.0,"enemies":"Snake Plant","floor":29.0,"turns":6.0},{"damage":11,"enemies":"Sentry and Sphere","floor":31,"turns":3}],"seed_played":"5509180523781584658","potions_obtained":[{"floor":0.0,"key":"Poison Potion"},{"floor":1.0,"key":"Poison Potion"},{"floor":4.0,"key":"Strength Potion"},{"floor":7.0,"key":"Block Potion"},{"floor":12.0,"key":"AttackPotion"},{"floor":18.0,"key":"EssenceOfSteel"},{"floor":20.0,"key":"AttackPotion"},{"floor":23.0,"key":"Weak Potion"},{"floor":28.0,"key":"Weak Potion"},{"floor":29.0,"key":"Swift Potion"}],"is_trial":false,"path_per_floor":["M","?","$","M","M","R","E","M","T","E","R","M","M","M","R","B",null,"M","?","M","?","?","E","$","R","T","$","M","M","?","M"],"character_chosen":"THE_SILENT","items_purchased":["Well Laid Plans","Regal Pillow","Storm of Steel","Apotheosis"],"campfire_rested":2,"item_purchase_floors":[3,24,24,27],"current_hp_per_floor":[68,68,68,67,67,67,48,43,43,27,27,20,20,16,38,27,63,54,54,38,38,38,2,2,39,39,39,7,9,9,0],"gold":58,"neow_bonus":"BOSS_RELIC","is_prod":false,"is_daily":false,"chose_seed":false,"campfire_upgraded":2,"win_rate":0,"timestamp":1550594811,"path_taken":["M","?","$","M","M","R","E","M","T","E","R","M","M","?","R","BOSS","M","?","M","?","?","E","$","R","T","?","M","?","?","M"],"build_version":"2019-01-23","purchased_purges":1,"victory":false,"max_hp_per_floor":[75,75,75,75,75,75,75,75,75,75,75,75,75,75,75,75,75,75,75,75,75,75,75,75,75,75,75,75,75,75,75],"card_choices":[{"not_picked":["Slice","Accuracy"],"picked":"Leg Sweep","floor":0.0},{"not_picked":["Blade Dance","Quick Slash"],"picked":"Dagger Spray","floor":1.0},{"not_picked":["Distraction","Eviscerate"],"picked":"Outmaneuver","floor":4.0},{"not_picked":["Accuracy","Acrobatics"],"picked":"Skewer","floor":5.0},{"not_picked":["Prepared","Cloak And Dagger","Acrobatics"],"picked":"SKIP","floor":7.0},{"not_picked":["Bane","Deflect"],"picked":"Flechettes","floor":8.0},{"not_picked":["Flying Knee","Skewer"],"picked":"Envenom","floor":10.0},{"not_picked":["Setup","Sucker Punch"],"picked":"Backstab","floor":12.0},{"not_picked":["Deadly Poison","Dodge and Roll"],"picked":"Outmaneuver","floor":13.0},{"not_picked":["Sucker Punch","Concentrate"],"picked":"Backflip","floor":14.0},{"not_picked":["Wraith Form v2","A Thousand Cuts"],"picked":"Adrenaline","floor":16.0},{"not_picked":["Dagger Throw","Expertise+1"],"picked":"Deadly Poison+1","floor":18.0},{"not_picked":["Endless Agony","Outmaneuver","Blade Dance"],"picked":"SKIP","floor":20.0},{"not_picked":["Dagger Spray","Deadly Poison","Distraction"],"picked":"SKIP","floor":23.0},{"not_picked":["Deadly Poison","Masterful Stab","Eviscerate"],"picked":"SKIP","floor":28.0},{"not_picked":["Flying Knee","Prepared+1"],"picked":"Cloak And Dagger+1","floor":29.0}],"player_experience":377626,"relics_obtained":[{"floor":7.0,"key":"Blue Candle"},{"floor":9.0,"key":"Potion Belt"},{"floor":10.0,"key":"PreservedInsect"},{"floor":23.0,"key":"Smiling Mask"},{"floor":26.0,"key":"Blood Vial"}],"event_choices":[{"damage_healed":0.0,"max_hp_gain":0.0,"max_hp_loss":0.0,"gold_gain":0.0,"event_name":"Match and Keep!","player_choice":"3 cards matched","floor":2.0,"gold_loss":0.0,"damage_taken":0.0,"cards_obtained":["Malaise","Neutralize","Endless Agony"]},{"damage_healed":0.0,"max_hp_gain":0.0,"max_hp_loss":0.0,"gold_gain":0.0,"cards_transformed":["Strike_G","Strike_G"],"event_name":"Drug Dealer","player_choice":"Became Test Subject","floor":19.0,"gold_loss":0.0,"damage_taken":0.0,"cards_obtained":["Wraith Form v2","Adrenaline"]},{"damage_healed":0.0,"max_hp_gain":0.0,"max_hp_loss":0.0,"gold_gain":0.0,"event_name":"Back to Basics","player_choice":"Simplicity","floor":21.0,"gold_loss":0.0,"damage_taken":0.0,"cards_upgraded":["Defend_G","Defend_G","Defend_G","Defend_G","Strike_G","Strike_G","Strike_G"]},{"damage_healed":0.0,"max_hp_gain":0.0,"max_hp_loss":0.0,"gold_gain":0.0,"event_name":"The Mausoleum","player_choice":"Opened","floor":22.0,"gold_loss":0.0,"damage_taken":0.0,"relics_obtained":["Sundial"],"cards_obtained":["Writhe"]},{"damage_healed":0,"gold_gain":0,"player_choice":"Ignored","damage_taken":0,"max_hp_gain":0,"max_hp_loss":0,"event_name":"Cursed Tome","floor":30,"gold_loss":0}],"is_beta":false,"boss_relics":[{"not_picked":["Lizard Tail","Fusion Hammer"],"picked":"White Beast Statue"}],"items_purged_floors":[24],"is_endless":false,"potions_floor_spawned":[1,4,7,12,18,20,23,28,29],"killed_by":"Sentry and Sphere","ascension_level":8}