{"gold_per_floor":[112,387,397,407,417,417,417,417,417,449,460,472,484,484,484,581,581,593,39,39,39,52,52,85,103,103,103,115,132,132,31,31,31],"floor_reached":33,"playtime":4360,"items_purged":[],"score":294,"play_id":"97801310-64c7-47b9-b2e1-7323ded5c15d","local_time":"20190124001604","is_ascension_mode":false,"campfire_choices":[{"data":"Neutralize","floor":6,"key":"SMITH"},{"floor":15,"key":"REST"},{"floor":23,"key":"REST"},{"floor":27,"key":"REST"},{"floor":30,"key":"REST"},{"data":"Terror","floor":32,"key":"SMITH"}],"neow_cost":"NONE","seed_source_timestamp":17155689261523,"circlet_count":0,"master_deck":["Defend_G","Defend_G","Defend_G","Strike_G","Strike_G","Strike_G","Survivor","Neutralize+1","Infinite Blades","Deadly Poison","Terror+1","Deadly Poison","Riddle With Holes","Infinite Blades","Bane","Slice","Dodge and Roll","Underhanded Strike","Unload","Expertise+1","Dagger Spray+1","Dagger Throw+1","Flying Knee","Backflip+1","Good Instincts+1","Unload","Caltrops","Shame","Poisoned Stab+1","Deflect+1","Leg Sweep+1","Venomology+1","Escape Plan+1","Blade Dance+1","Backflip+1","Tactician+1","Deadly Poison+1","Backstab"],"relics":["Ring of the Snake","Ornamental Fan","Letter Opener","Dream Catcher","Astrolabe","Toxic Egg 2","Ancient Tea Set","Meat on the Bone","Mummified Hand"],"potions_floor_usage":[16,16,24,25,25,29,29,33,33],"damage_taken":[{"damage":4,"enemies":"Small Slimes","floor":1,"turns":4},{"damage":9,"enemies":"Cultist","floor":3,"turns":5},{"damage":0,"enemies":"Jaw Worm","floor":4,"turns":4},{"damage":8,"enemies":"2 Fungi Beasts","floor":5,"turns":4},{"damage":14,"enemies":"Lagavulin","floor":10,"turns":6},{"damage":2,"enemies":"Looter","floor":11,"turns":3},{"damage":12,"enemies":"Exordium Thugs","floor":12,"turns":5},{"damage":1,"enemies":"Large Slime","floor":13,"turns":5},{"damage":11,"enemies":"Hexaghost","floor":16,"turns":8},{"damage":27,"enemies":"3 Byrds","floor":18,"turns":5},{"damage":11,"enemies":"Spheric Guardian","floor":22,"turns":5},{"damage":28,"enemies":"Slavers","floor":24,"turns":6},{"damage":5,"enemies":"Snake Plant","floor":25,"turns":4},{"damage":7,"enemies":"Centurion and Healer","floor":28,"turns":7},{"damage":3,"enemies":"3 Cultists","floor":29,"turns":4},{"damage":90,"enemies":"Champ","floor":33,"turns":10}],"seed_played":"3938139539084468323","potions_obtained":[{"floor":1,"key":"Block Potion"},{"floor":10,"key":"EssenceOfSteel"},{"floor":11,"key":"Ancient Potion"},{"floor":16,"key":"SkillPotion"},{"floor":22,"key":"Regen Potion"},{"floor":24,"key":"Explosive Potion"},{"floor":28,"key":"SpeedPotion"}],"is_trial":false,"path_per_floor":["M","?","M","M","M","R","?","?","T","E","M","M","M","T","R","B",null,"M","$","?","?","M","R","E","M","T","R","M","M","R","$","R","B"],"character_chosen":"THE_SILENT","items_purchased":["Toxic Egg 2","Backflip+1","Good Instincts+1","Unload","Caltrops","Deadly Poison+1","Backstab"],"campfire_rested":4,"item_purchase_floors":[19,19,19,19,19,31,31],"current_hp_per_floor":[73,73,64,64,56,56,56,49,49,35,33,21,20,20,43,32,77,50,50,50,50,39,62,46,41,41,64,57,54,77,77,77,0],"gold":31,"neow_bonus":"TEN_PERCENT_HP_BONUS","is_prod":false,"is_daily":false,"chose_seed":false,"campfire_upgraded":2,"win_rate":0.0,"timestamp":1548256564,"path_taken":["M","?","M","M","?","R","?","?","T","E","M","M","M","?","R","BOSS","M","$","?","?","M","R","E","M","T","R","?","M","R","?","R","BOSS"],"build_version":"2019-01-17v2","purchased_purges":0,"victory":false,"max_hp_per_floor":[77,77,77,77,77,77,77,77,77,77,77,77,77,77,77,77,77,77,77,77,77,77,77,77,77,77,77,77,77,77,77,77,77],"card_choices":[{"not_picked":["PiercingWail","Dagger Spray"],"picked":"Infinite Blades","floor":1},{"not_picked":["Outmaneuver","Backflip"],"picked":"Deadly Poison","floor":3},{"not_picked":["Crippling Poison","Backflip"],"picked":"Terror","floor":4},{"not_picked":["Outmaneuver","Dagger Throw"],"picked":"Deadly Poison","floor":5},{"not_picked":["Well Laid Plans","Slice"],"picked":"Infinite Blades","floor":10},{"not_picked":["Dagger Throw","PiercingWail"],"picked":"Bane","floor":11},{"not_picked":["Heel Hook","Die Die Die"],"picked":"Slice","floor":12},{"not_picked":["Skewer","Bane"],"picked":"Dodge and Roll","floor":13},{"not_picked":["Sucker Punch","Quick Slash"],"picked":"Underhanded Strike","floor":15},{"not_picked":["Malaise","Corpse Explosion"],"picked":"Unload","floor":16},{"not_picked":["Calculated Gamble","Acrobatics"],"picked":"Flying Knee","floor":18},{"not_picked":["Dagger Throw+1","Deadly Poison+1"],"picked":"Poisoned Stab+1","floor":22},{"not_picked":["Slice","Blade Dance+1"],"picked":"Deflect+1","floor":23},{"not_picked":["Underhanded Strike","Dash"],"picked":"Leg Sweep+1","floor":24},{"not_picked":["Dagger Throw+1","Outmaneuver+1"],"picked":"Venomology+1","floor":25},{"not_picked":["Leg Sweep+1","Riddle With Holes"],"picked":"Escape Plan+1","floor":27},{"not_picked":["Dagger Spray+1","Slice"],"picked":"Blade Dance+1","floor":28},{"not_picked":["Unload","Masterful Stab"],"picked":"Backflip+1","floor":29},{"not_picked":["Dagger Spray","All Out Attack+1"],"picked":"Tactician+1","floor":30}],"player_experience":30076,"relics_obtained":[{"floor":9,"key":"Ornamental Fan"},{"floor":10,"key":"Letter Opener"},{"floor":14,"key":"Dream Catcher"},{"floor":24,"key":"Meat on the Bone"},{"floor":26,"key":"Mummified Hand"}],"event_choices":[{"damage_healed":0,"gold_gain":275,"player_choice":"Desecrate","damage_taken":0,"max_hp_gain":0,"max_hp_loss":0,"event_name":"Golden Shrine","floor":2,"gold_loss":0,"cards_obtained":["Regret"]},{"damage_healed":0,"gold_gain":0,"cards_transformed":["Defend_G"],"player_choice":"Change","damage_taken":0,"max_hp_gain":0,"max_hp_loss":0,"event_name":"Living Wall","floor":7,"gold_loss":0,"cards_obtained":["Riddle With Holes"]},{"cards_removed":["Regret"],"damage_healed":0,"gold_gain":0,"player_choice":"Card Removal","damage_taken":7,"max_hp_gain":0,"max_hp_loss":0,"event_name":"Golden Wing","floor":8,"gold_loss":0},{"damage_healed":0,"gold_gain":0,"player_choice":"Ignored","damage_taken":0,"max_hp_gain":0,"max_hp_loss":0,"event_name":"Ghosts","floor":20,"gold_loss":0},{"damage_healed":0,"gold_gain":0,"player_choice":"Stole Relic","damage_taken":0,"relics_obtained":["Ancient Tea Set"],"max_hp_gain":0,"max_hp_loss":0,"event_name":"Addict","floor":21,"gold_loss":0,"cards_obtained":["Shame"]}],"is_beta":false,"boss_relics":[{"not_picked":["Velvet Choker","Calling Bell"],"picked":"Astrolabe"}],"items_purged_floors":[],"is_endless":false,"potions_floor_spawned":[1,10,11,12,16,22,24,28],"killed_by":"Champ","ascension_level":0}