{"gold_per_floor":[119,119,119,47,57,86,96,171,171,171,28,39,65,240,240,336,336,346,346,446,346,346,346,363,389,446,461,461,495,512,512,512,512],"floor_reached":33,"playtime":1370,"items_purged":["Regret","Strike_G"],"score":375,"play_id":"4a62bb65-9866-4686-89b0-aa2c0535c84f","local_time":"20190209155135","is_ascension_mode":true,"campfire_choices":[{"data":"Bouncing Flask","floor":10.0,"key":"SMITH"},{"floor":15.0,"key":"REST"},{"floor":23.0,"key":"DIG"},{"floor":32,"key":"DIG"}],"neow_cost":"NONE","seed_source_timestamp":76591718717584,"circlet_count":0,"master_deck":["Defend_G+1","Defend_G+1","Defend_G+1","Defend_G+1","Defend_G+1","Strike_G+1","Strike_G+1","Strike_G+1","Strike_G+1","Survivor","Neutralize+1","Prepared","Well Laid Plans","Bouncing Flask+1","Dodge and Roll","Cloak And Dagger","Unload+1","Skewer+1","Sucker Punch+1","Glass Knife+1","Dagger Spray+1","Distraction+1","Poisoned Stab+1","Flying Knee+1","Die Die Die+1"],"special_seed":0,"relics":["Ring of the Snake","NeowsBlessing","Paper Crane","Omamori","Molten Egg 2","Meat on the Bone","Sozu","Shovel","Ninja Scroll","Snake Skull","Happy Flower","Tiny Chest","MutagenicStrength","Orichalcum","Thread and Needle","Blood Vial"],"potions_floor_usage":[],"damage_taken":[{"damage":0.0,"enemies":"2 Louse","floor":1.0,"turns":1.0},{"damage":0.0,"enemies":"Jaw Worm","floor":5.0,"turns":1.0},{"damage":0.0,"enemies":"Gremlin Nob","floor":6.0,"turns":1.0},{"damage":3.0,"enemies":"Cultist","floor":7.0,"turns":3.0},{"damage":10.0,"enemies":"Exordium Wildlife","floor":12.0,"turns":4.0},{"damage":22.0,"enemies":"3 Sentries","floor":13.0,"turns":9.0},{"damage":15.0,"enemies":"Slime Boss","floor":16.0,"turns":11.0},{"damage":18.0,"enemies":"2 Thieves","floor":18.0,"turns":3.0},{"damage":10.0,"enemies":"Colosseum Slavers","floor":20.0,"turns":4.0},{"damage":8.0,"enemies":"Colosseum Nobs","floor":20.0,"turns":5.0},{"damage":0,"enemies":"Chosen","floor":24,"turns":3},{"damage":9,"enemies":"Slavers","floor":25,"turns":4},{"damage":7,"enemies":"Centurion and Healer","floor":27,"turns":3},{"damage":0,"enemies":"Gremlin Leader","floor":29,"turns":5},{"damage":4,"enemies":"Snecko","floor":30,"turns":3},{"damage":45,"enemies":"Champ","floor":33,"turns":7}],"seed_played":"-8096764780717186985","potions_obtained":[{"floor":1.0,"key":"Swift Potion"},{"floor":12.0,"key":"SmokeBomb"},{"floor":16.0,"key":"SmokeBomb"}],"is_trial":false,"path_per_floor":["M","?","?","$","M","E","M","?","T","R","$","M","E","?","R","B",null,"M","?","?","$","?","R","M","E","T","M","?","E","M","T","R","B"],"character_chosen":"THE_SILENT","items_purchased":["Well Laid Plans","Unload+1"],"campfire_rested":1,"item_purchase_floors":[4,11],"current_hp_per_floor":[70,70,56,56,56,56,53,42,42,42,42,32,10,10,31,28,70,52,52,46,46,46,46,46,37,37,42,42,42,38,38,38,0],"gold":512,"neow_bonus":"THREE_ENEMY_KILL","is_prod":false,"is_daily":false,"chose_seed":false,"campfire_upgraded":1,"win_rate":0,"timestamp":1549695095,"path_taken":["M","?","?","?","?","E","M","?","T","R","$","M","E","?","R","BOSS","M","?","?","$","?","R","M","E","T","M","?","E","M","?","R","BOSS"],"build_version":"2019-01-23","purchased_purges":2,"victory":false,"max_hp_per_floor":[70,70,70,70,70,70,70,70,70,70,70,70,70,70,70,70,70,70,70,70,70,70,70,70,70,70,70,70,70,70,70,70,70],"card_choices":[{"not_picked":["Crippling Poison","Dash"],"picked":"Prepared","floor":1.0},{"not_picked":["Blade Dance","Poisoned Stab"],"picked":"Bouncing Flask","floor":5.0},{"not_picked":["Distraction","Prepared"],"picked":"Dodge and Roll","floor":6.0},{"not_picked":["Backflip","Infinite Blades"],"picked":"Cloak And Dagger","floor":7.0},{"not_picked":["Flying Knee+1","Finisher+1"],"picked":"Skewer+1","floor":12.0},{"not_picked":["Terror","Phantasmal Killer"],"picked":"Sucker Punch+1","floor":13.0},{"not_picked":["Night Terror","Malaise"],"picked":"Glass Knife+1","floor":16.0},{"not_picked":["Heel Hook+1","Dodge and Roll+1"],"picked":"Dagger Spray+1","floor":18.0},{"not_picked":["Backflip","Cloak And Dagger"],"picked":"Distraction+1","floor":20.0},{"not_picked":["Expertise+1","Choke+1"],"picked":"Poisoned Stab+1","floor":24},{"not_picked":["Bouncing Flask","Dagger Throw+1","PiercingWail"],"picked":"SKIP","floor":25},{"not_picked":["Outmaneuver","Sucker Punch+1"],"picked":"Flying Knee+1","floor":27},{"not_picked":["Well Laid Plans+1","PiercingWail"],"picked":"Die Die Die+1","floor":29},{"not_picked":["Masterful Stab+1","Sucker Punch+1","Underhanded Strike+1"],"picked":"SKIP","floor":30}],"player_experience":277716,"relics_obtained":[{"floor":6.0,"key":"Omamori"},{"floor":9.0,"key":"Molten Egg 2"},{"floor":13.0,"key":"Meat on the Bone"},{"floor":20.0,"key":"Shovel"},{"floor":20.0,"key":"Ninja Scroll"},{"floor":23.0,"key":"Snake Skull"},{"floor":25,"key":"Happy Flower"},{"floor":26,"key":"Tiny Chest"},{"floor":29,"key":"Orichalcum"},{"floor":31,"key":"Thread and Needle"},{"floor":32,"key":"Blood Vial"}],"event_choices":[{"damage_healed":0.0,"max_hp_gain":0.0,"max_hp_loss":0.0,"gold_gain":0.0,"event_name":"Big Fish","player_choice":"Box","floor":2.0,"gold_loss":0.0,"damage_taken":0.0,"relics_obtained":["Paper Crane"],"cards_obtained":["Regret"]},{"damage_healed":0.0,"max_hp_gain":0.0,"max_hp_loss":0.0,"gold_gain":0.0,"event_name":"Shining Light","player_choice":"Entered Light","floor":3.0,"gold_loss":0.0,"damage_taken":14.0,"cards_upgraded":["Neutralize","Strike_G"]},{"damage_healed":0.0,"max_hp_gain":0.0,"max_hp_loss":0.0,"gold_gain":75.0,"event_name":"World of Goop","player_choice":"Gather Gold","floor":8.0,"gold_loss":0.0,"damage_taken":11.0},{"damage_healed":0.0,"max_hp_gain":0.0,"max_hp_loss":0.0,"gold_gain":175.0,"event_name":"Liars Game","player_choice":"AGREE","floor":14.0,"gold_loss":0.0,"damage_taken":0.0,"cards_obtained":["Doubt"]},{"damage_healed":0.0,"max_hp_gain":0.0,"max_hp_loss":0.0,"gold_gain":0.0,"event_name":"Ghosts","player_choice":"Ignored","floor":19.0,"gold_loss":0.0,"damage_taken":0.0},{"damage_healed":0.0,"max_hp_gain":0.0,"max_hp_loss":0.0,"gold_gain":0.0,"event_name":"Colosseum","player_choice":"Fight","floor":20.0,"gold_loss":0.0,"damage_taken":0.0},{"damage_healed":0.0,"max_hp_gain":0.0,"max_hp_loss":0.0,"gold_gain":0.0,"event_name":"Colosseum","player_choice":"Fought Nobs","floor":20.0,"gold_loss":0.0,"damage_taken":0.0},{"damage_healed":0.0,"max_hp_gain":0.0,"max_hp_loss":0.0,"gold_gain":0.0,"event_name":"Back to Basics","player_choice":"Simplicity","floor":22.0,"gold_loss":0.0,"damage_taken":0.0,"cards_upgraded":["Defend_G","Defend_G","Defend_G","Defend_G","Defend_G","Strike_G","Strike_G","Strike_G"]},{"damage_healed":0,"gold_gain":0,"player_choice":"Inject Mutagens","damage_taken":0,"relics_obtained":["MutagenicStrength"],"max_hp_gain":0,"max_hp_loss":0,"event_name":"Drug Dealer","floor":28,"gold_loss":0}],"is_beta":false,"boss_relics":[{"not_picked":["Coffee Dripper","Ring of the Serpent"],"picked":"Sozu"}],"items_purged_floors":[11,21],"is_endless":false,"potions_floor_spawned":[1,12,16,20,27,29,30],"killed_by":"Champ","ascension_level":2}