{"gold_per_floor":[118,134,134,146,146,179,179,199,199,199,209,69,86,104,104,180,180,197,207,207,207,238,238,253,69,93,111,126,139,162,194,206,295,307,329,357,150,150,69,103,103,103,129,141,187,17,17,33,33,33],"floor_reached":50,"playtime":2543,"items_purged":["Shame"],"score":927,"play_id":"815a7669-505c-4afd-86ac-f38feff7e91e","local_time":"20190228004006","is_ascension_mode":true,"campfire_choices":[{"floor":10.0,"key":"REST"},{"data":"Catalyst","floor":15.0,"key":"SMITH"},{"floor":32.0,"key":"REST"},{"data":"Noxious Fumes","floor":42,"key":"SMITH"},{"floor":49,"key":"REST"}],"neow_cost":"TEN_PERCENT_HP_LOSS","seed_source_timestamp":974516151545,"circlet_count":0,"master_deck":["AscendersBane","Defend_G","Defend_G","Defend_G","Strike_G","Survivor","Neutralize","Deadly Poison","Blur","Crippling Poison","Bouncing Flask","Flying Knee","Glass Knife","Caltrops","Poisoned Stab","Dagger Throw","Endless Agony","Catalyst+1","Adrenaline","Clumsy","Injury","Backflip","All Out Attack","Catalyst","Infinite Blades","Noxious Fumes+1","Blur","Infinite Blades","Cloak And Dagger+1","Escape Plan","Dagger Throw+1","Corpse Explosion","Cloak And Dagger+1","Wraith Form v2+1","Wraith Form v2+1","PiercingWail+1","Noxious Fumes","Madness","Madness","Footwork","Envenom","Enlightenment","Dash"],"special_seed":0,"relics":["Ring of the Snake","Letter Opener","Mummified Hand","Meat on the Bone","Calling Bell","Vajra","Mercury Hourglass","WingedGreaves","Red Mask","Strawberry","MawBank","Astrolabe","Snake Skull","Blue Candle","Anchor","Lantern","Centennial Puzzle"],"potions_floor_usage":[50,50],"damage_taken":[{"damage":0.0,"enemies":"2 Louse","floor":1.0,"turns":5.0},{"damage":0.0,"enemies":"Small Slimes","floor":2.0,"turns":3.0},{"damage":0.0,"enemies":"Jaw Worm","floor":4.0,"turns":4.0},{"damage":40.0,"enemies":"Gremlin Nob","floor":6.0,"turns":5.0},{"damage":10.0,"enemies":"Blue Slaver","floor":8.0,"turns":4.0},{"damage":7.0,"enemies":"Exordium Wildlife","floor":11.0,"turns":4.0},{"damage":14.0,"enemies":"3 Louse","floor":13.0,"turns":2.0},{"damage":2.0,"enemies":"Large Slime","floor":14.0,"turns":4.0},{"damage":19.0,"enemies":"The Guardian","floor":16.0,"turns":7.0},{"damage":24.0,"enemies":"2 Thieves","floor":18.0,"turns":3.0},{"damage":22.0,"enemies":"Spheric Guardian","floor":19.0,"turns":4.0},{"damage":8.0,"enemies":"Masked Bandits","floor":22.0,"turns":3.0},{"damage":14.0,"enemies":"Colosseum Slavers","floor":23.0,"turns":3.0},{"damage":15.0,"enemies":"Centurion and Healer","floor":24.0,"turns":6.0},{"damage":4.0,"enemies":"3 Cultists","floor":27.0,"turns":4.0},{"damage":23.0,"enemies":"Shelled Parasite and Fungi","floor":28.0,"turns":4.0},{"damage":10.0,"enemies":"Snake Plant","floor":29.0,"turns":3.0},{"damage":1.0,"enemies":"Centurion and Healer","floor":31.0,"turns":4.0},{"damage":35.0,"enemies":"Collector","floor":33.0,"turns":6.0},{"damage":20.0,"enemies":"3 Darklings","floor":35.0,"turns":3.0},{"damage":15.0,"enemies":"Orb Walker","floor":36.0,"turns":5.0},{"damage":9,"enemies":"Nemesis","floor":40,"turns":7},{"damage":2,"enemies":"Maw","floor":44,"turns":8},{"damage":0,"enemies":"4 Shapes","floor":48,"turns":3},{"damage":65,"enemies":"Donu and Deca","floor":50,"turns":5}],"seed_played":"7277126333706294065","potions_obtained":[{"floor":1.0,"key":"FearPotion"},{"floor":11.0,"key":"Strength Potion"},{"floor":13.0,"key":"Dexterity Potion"},{"floor":14.0,"key":"EssenceOfSteel"},{"floor":19.0,"key":"Poison Potion"},{"floor":24.0,"key":"AttackPotion"},{"floor":33.0,"key":"Regen Potion"},{"floor":40,"key":"FearPotion"},{"floor":41,"key":"EntropicBrew"},{"floor":44,"key":"PowerPotion"}],"is_trial":false,"path_per_floor":["M","M","?","M","?","E","?","M","T","R","M","$","M","M","R","B",null,"M","M","?","?","?","?","M","$","T","M","M","M","T","M","R","B",null,"M","M","$","?","$","E","?","R","T","M","T","$","T","M","R","B"],"character_chosen":"THE_SILENT","items_purchased":["Caltrops","Poisoned Stab","Dagger Throw","Blur","Infinite Blades","Snake Skull","Noxious Fumes","Footwork","Enlightenment","Dash"],"campfire_rested":3,"item_purchase_floors":[12,12,12,25,25,37,37,39,46,46],"current_hp_per_floor":[59,59,52,52,52,12,12,2,2,20,25,25,23,33,33,26,52,40,30,30,14,18,16,13,13,20,28,17,19,19,30,51,28,61,41,38,38,25,25,28,28,28,28,38,38,38,38,38,59,0],"gold":33,"neow_bonus":"REMOVE_TWO","is_prod":false,"is_daily":false,"chose_seed":false,"campfire_upgraded":2,"win_rate":0,"timestamp":1551282006,"path_taken":["M","M","?","M","?","E","?","M","T","R","?","$","M","M","R","BOSS","M","M","?","?","?","?","M","?","T","M","?","?","?","M","R","BOSS","M","M","?","?","$","E","?","R","T","?","?","$","?","M","R","BOSS"],"build_version":"2019-01-23","purchased_purges":1,"victory":false,"max_hp_per_floor":[60,60,60,60,60,60,60,60,60,60,60,60,60,60,60,60,60,60,60,60,65,65,65,65,65,72,72,72,72,72,72,72,72,72,72,72,72,72,72,72,72,72,72,72,72,72,72,72,72,72],"card_choices":[{"not_picked":["Caltrops","Distraction"],"picked":"Deadly Poison","floor":1.0},{"not_picked":["Backflip","Masterful Stab"],"picked":"Blur","floor":2.0},{"not_picked":["Backflip","Backstab"],"picked":"Crippling Poison","floor":4.0},{"not_picked":["Accuracy","Outmaneuver"],"picked":"Bouncing Flask","floor":6.0},{"not_picked":["Backflip","Quick Slash"],"picked":"Flying Knee","floor":8.0},{"not_picked":["Footwork","Dodge and Roll"],"picked":"Glass Knife","floor":11.0},{"not_picked":["Reflex","Distraction"],"picked":"Endless Agony","floor":13.0},{"not_picked":["Sucker Punch","Dodge and Roll"],"picked":"Catalyst","floor":14.0},{"not_picked":["Tools of the Trade","Corpse Explosion"],"picked":"Adrenaline","floor":16.0},{"not_picked":["Quick Slash","Deadly Poison"],"picked":"Backflip","floor":18.0},{"not_picked":["Sucker Punch","Skewer"],"picked":"All Out Attack","floor":19.0},{"not_picked":["Dodge and Roll","Prepared"],"picked":"Infinite Blades","floor":22.0},{"not_picked":["Quick Slash","Tactician"],"picked":"Noxious Fumes","floor":24.0},{"not_picked":["Eviscerate","Underhanded Strike"],"picked":"Cloak And Dagger+1","floor":27.0},{"not_picked":["PiercingWail","Slice"],"picked":"Escape Plan","floor":28.0},{"not_picked":["Slice+1","Quick Slash"],"picked":"Dagger Throw+1","floor":29.0},{"not_picked":["Dagger Spray","Slice","Expertise"],"picked":"SKIP","floor":31.0},{"not_picked":["Phantasmal Killer","Glass Knife"],"picked":"Corpse Explosion","floor":33.0},{"not_picked":["Infinite Blades","Expertise","Dagger Spray"],"picked":"SKIP","floor":35.0},{"not_picked":["Outmaneuver","Quick Slash"],"picked":"PiercingWail+1","floor":36.0},{"not_picked":["Blade Dance","Cloak And Dagger","Backstab"],"picked":"SKIP","floor":40},{"not_picked":["Deflect","Setup"],"picked":"Envenom","floor":44},{"not_picked":["All Out Attack","Dagger Throw","Sucker Punch"],"picked":"SKIP","floor":48}],"player_experience":427651,"relics_obtained":[{"floor":6.0,"key":"Mummified Hand"},{"floor":9.0,"key":"Meat on the Bone"},{"floor":17.0,"key":"Vajra"},{"floor":17.0,"key":"Mercury Hourglass"},{"floor":17.0,"key":"WingedGreaves"},{"floor":22.0,"key":"Red Mask"},{"floor":26.0,"key":"Strawberry"},{"floor":30.0,"key":"MawBank"},{"floor":40,"key":"Blue Candle"},{"floor":43,"key":"Anchor"},{"floor":45,"key":"Lantern"},{"floor":47,"key":"Centennial Puzzle"}],"event_choices":[{"cards_removed":["Defend_G"],"damage_healed":0.0,"max_hp_gain":0.0,"max_hp_loss":0.0,"gold_gain":0.0,"event_name":"Golden Wing","player_choice":"Card Removal","floor":3.0,"gold_loss":0.0,"damage_taken":7.0},{"damage_healed":0.0,"max_hp_gain":0.0,"max_hp_loss":0.0,"gold_gain":0.0,"event_name":"Big Fish","player_choice":"Box","floor":5.0,"gold_loss":0.0,"damage_taken":0.0,"relics_obtained":["Letter Opener"],"cards_obtained":["Regret"]},{"cards_removed":["Regret"],"damage_healed":0.0,"max_hp_gain":0.0,"max_hp_loss":0.0,"gold_gain":0.0,"event_name":"Living Wall","player_choice":"Forget","floor":7.0,"gold_loss":0.0,"damage_taken":0.0},{"damage_healed":0.0,"max_hp_gain":0.0,"max_hp_loss":0.0,"gold_gain":0.0,"event_name":"The Library","player_choice":"Read","floor":20.0,"gold_loss":0.0,"damage_taken":0.0,"cards_obtained":["Catalyst"]},{"damage_healed":0.0,"max_hp_gain":5.0,"max_hp_loss":0.0,"gold_gain":0.0,"event_name":"Forgotten Altar","player_choice":"Shed Blood","floor":21.0,"gold_loss":0.0,"damage_taken":21.0},{"damage_healed":0.0,"max_hp_gain":0.0,"max_hp_loss":0.0,"gold_gain":0.0,"event_name":"Masked Bandits","player_choice":"Fought Bandits","floor":22.0,"gold_loss":0.0,"damage_taken":0.0},{"damage_healed":0.0,"max_hp_gain":0.0,"max_hp_loss":0.0,"gold_gain":0.0,"event_name":"Colosseum","player_choice":"Fight","floor":23.0,"gold_loss":0.0,"damage_taken":0.0},{"damage_healed":0.0,"max_hp_gain":0.0,"max_hp_loss":0.0,"gold_gain":0.0,"event_name":"Colosseum","player_choice":"Fled From Nobs","floor":23.0,"gold_loss":0.0,"damage_taken":0.0},{"damage_healed":0.0,"max_hp_gain":0.0,"max_hp_loss":0.0,"gold_gain":0.0,"event_name":"Winding Halls","player_choice":"Embrace Madness","floor":38.0,"gold_loss":0.0,"damage_taken":13.0,"cards_obtained":["Madness","Madness"]},{"damage_healed":0,"gold_gain":0,"player_choice":"Got Potions","damage_taken":0,"max_hp_gain":0,"max_hp_loss":0,"event_name":"Lab","floor":41,"gold_loss":0}],"is_beta":false,"boss_relics":[{"not_picked":["HoveringKite","Runic Dome"],"picked":"Calling Bell"},{"not_picked":["WristBlade","Lizard Tail"],"picked":"Astrolabe"}],"items_purged_floors":[25],"is_endless":false,"potions_floor_spawned":[1,11,13,14,19,23,24,27,33,40,44],"killed_by":"Donu and Deca","ascension_level":15}