{"gold_per_floor":[114,126,145,145,25,25,36,47,121,146,165,180,200,215,215,319,319,339,339,359,133,232,263,263,298,347,247,264,264,280,307,307,412,412,430,446,446,296,296,296,329,329],"floor_reached":42,"playtime":2910,"items_purged":["Defend_G","Strike_G","Strike_G"],"score":588,"play_id":"a5bb1e75-1eac-4370-91cf-e1f79974dbd4","local_time":"20190210183608","is_ascension_mode":true,"campfire_choices":[{"data":"Cloak And Dagger","floor":6.0,"key":"SMITH"},{"floor":15.0,"key":"REST"},{"floor":29.0,"key":"REST"},{"floor":32.0,"key":"REST"},{"data":"Cloak And Dagger","floor":40,"key":"SMITH"}],"neow_cost":"PERCENT_DAMAGE","seed_source_timestamp":13453765842887,"circlet_count":0,"master_deck":["Defend_G","Defend_G","Defend_G","Defend_G+1","Strike_G","Strike_G","Survivor+1","Neutralize","After Image","Escape Plan","Sucker Punch","Terror","Cloak And Dagger+1","Infinite Blades","Infinite Blades","Blade Dance","Endless Agony","All Out Attack","Burst","Finisher","Cloak And Dagger+1","Riddle With Holes","Blade Dance","Envenom","Outmaneuver+1","Distraction+1","Dagger Spray","Phantasmal Killer"],"special_seed":0,"relics":["Ring of the Snake","Incense Burner","WristBlade","Happy Flower","Boot","War Paint","Dream Catcher","Girya","Black Star","Peace Pipe","Bag of Preparation"],"potions_floor_usage":[41],"damage_taken":[{"damage":0.0,"enemies":"Cultist","floor":1.0,"turns":4.0},{"damage":0.0,"enemies":"2 Louse","floor":2.0,"turns":3.0},{"damage":2.0,"enemies":"Small Slimes","floor":3.0,"turns":4.0},{"damage":0.0,"enemies":"Blue Slaver","floor":7.0,"turns":4.0},{"damage":8.0,"enemies":"Large Slime","floor":8.0,"turns":7.0},{"damage":20.0,"enemies":"3 Sentries","floor":10.0,"turns":6.0},{"damage":3.0,"enemies":"Gremlin Gang","floor":11.0,"turns":5.0},{"damage":9.0,"enemies":"Exordium Wildlife","floor":12.0,"turns":4.0},{"damage":3.0,"enemies":"Looter","floor":13.0,"turns":3.0},{"damage":0.0,"enemies":"3 Louse","floor":14.0,"turns":3.0},{"damage":9.0,"enemies":"Slime Boss","floor":16.0,"turns":10.0},{"damage":1.0,"enemies":"Spheric Guardian","floor":18.0,"turns":3.0},{"damage":5.0,"enemies":"3 Byrds","floor":20.0,"turns":6.0},{"damage":32.0,"enemies":"Slavers","floor":23.0,"turns":4.0},{"damage":5.0,"enemies":"Gremlin Leader","floor":25.0,"turns":6.0},{"damage":7.0,"enemies":"Sentry and Sphere","floor":28.0,"turns":4.0},{"damage":9.0,"enemies":"Chosen and Byrds","floor":30.0,"turns":4.0},{"damage":30.0,"enemies":"Slavers","floor":31.0,"turns":5.0},{"damage":19.0,"enemies":"Champ","floor":33.0,"turns":10.0},{"damage":12,"enemies":"3 Shapes","floor":35,"turns":6},{"damage":25,"enemies":"3 Darklings","floor":36,"turns":7},{"damage":31,"enemies":"Giant Head","floor":41,"turns":8},{"damage":7,"enemies":"Sphere and 2 Shapes","floor":42,"turns":3}],"seed_played":"-6977136396550710613","potions_obtained":[{"floor":1.0,"key":"SpeedPotion"},{"floor":2.0,"key":"LiquidBronze"},{"floor":8.0,"key":"Explosive Potion"},{"floor":12.0,"key":"Strength Potion"},{"floor":16.0,"key":"Strength Potion"},{"floor":18.0,"key":"Energy Potion"},{"floor":20.0,"key":"SteroidPotion"},{"floor":31.0,"key":"Weak Potion"},{"floor":33.0,"key":"SteroidPotion"},{"floor":36,"key":"AttackPotion"}],"is_trial":false,"path_per_floor":["M","M","M","?","$","R","M","M","T","E","M","M","M","M","R","B",null,"M","?","M","$","?","E","?","E","T","$","M","R","M","E","R","B",null,"M","M","?","$","?","R","E","M"],"character_chosen":"THE_SILENT","items_purchased":["Cloak And Dagger","Happy Flower","Finisher","Dagger Spray"],"campfire_rested":3,"item_purchase_floors":[5,21,21,38],"current_hp_per_floor":[49,49,47,47,47,47,47,39,39,19,16,7,4,4,25,16,70,69,69,64,64,64,32,32,27,27,27,20,41,32,2,23,4,70,58,33,33,33,33,33,2,0],"gold":329,"neow_bonus":"THREE_RARE_CARDS","is_prod":false,"is_daily":false,"chose_seed":false,"campfire_upgraded":2,"win_rate":0,"timestamp":1549791368,"path_taken":["M","M","M","?","$","R","M","?","T","E","M","M","?","M","R","BOSS","M","?","M","$","?","E","?","E","T","$","M","R","M","E","R","BOSS","M","?","?","$","?","R","E","M"],"build_version":"2019-01-23","purchased_purges":3,"victory":false,"max_hp_per_floor":[70,70,70,70,70,70,70,70,70,70,70,70,70,70,70,70,70,70,70,70,70,70,70,70,70,70,70,70,70,70,70,70,70,70,70,70,70,70,66,66,66,66],"card_choices":[{"not_picked":["Wraith Form v2","Malaise"],"picked":"After Image","floor":0.0},{"not_picked":["Prepared","Bane"],"picked":"Escape Plan","floor":1.0},{"not_picked":["Choke","Flying Knee"],"picked":"Sucker Punch","floor":2.0},{"not_picked":["Sucker Punch","Distraction"],"picked":"Terror","floor":3.0},{"not_picked":["Accuracy","Dodge and Roll"],"picked":"Infinite Blades","floor":7.0},{"not_picked":["Poisoned Stab","Noxious Fumes"],"picked":"Infinite Blades","floor":8.0},{"not_picked":["Underhanded Strike","Dash","Dagger Throw"],"picked":"SKIP","floor":10.0},{"not_picked":["Bane","Skewer","Quick Slash"],"picked":"SKIP","floor":11.0},{"not_picked":["Terror","Deflect"],"picked":"Blade Dance","floor":12.0},{"not_picked":["Acrobatics","Deflect"],"picked":"Endless Agony","floor":13.0},{"not_picked":["Bane","Reflex"],"picked":"All Out Attack","floor":14.0},{"not_picked":["Night Terror","Venomology"],"picked":"Burst","floor":16.0},{"not_picked":["Quick Slash","Tactician+1","Dagger Throw"],"picked":"SKIP","floor":18.0},{"not_picked":["Dagger Throw","Poisoned Stab+1","Flying Knee"],"picked":"SKIP","floor":20.0},{"not_picked":["Flying Knee","Slice"],"picked":"Cloak And Dagger","floor":23.0},{"not_picked":["Backstab+1","Caltrops+1"],"picked":"Riddle With Holes","floor":25.0},{"not_picked":["Reflex","Slice","Flying Knee+1"],"picked":"SKIP","floor":28.0},{"not_picked":["Bouncing Flask","Setup","Skewer"],"picked":"SKIP","floor":30.0},{"not_picked":["Flying Knee","Poisoned Stab+1"],"picked":"Cloak And Dagger","floor":31.0},{"not_picked":["Outmaneuver","Prepared"],"picked":"Blade Dance","floor":32.0},{"not_picked":["Tools of the Trade","Malaise"],"picked":"Envenom","floor":33.0},{"not_picked":["Dagger Spray","Tactician"],"picked":"Outmaneuver+1","floor":35},{"not_picked":["Dagger Throw+1","Quick Slash+1"],"picked":"Distraction+1","floor":36},{"not_picked":["Corpse Explosion","Prepared"],"picked":"Phantasmal Killer","floor":41}],"player_experience":298945,"relics_obtained":[{"floor":10.0,"key":"Incense Burner"},{"floor":23.0,"key":"Boot"},{"floor":25.0,"key":"War Paint"},{"floor":26.0,"key":"Dream Catcher"},{"floor":31.0,"key":"Girya"},{"floor":41,"key":"Peace Pipe"},{"floor":41,"key":"Bag of Preparation"}],"event_choices":[{"cards_removed":["Strike_G"],"damage_healed":0.0,"max_hp_gain":0.0,"max_hp_loss":0.0,"gold_gain":0.0,"event_name":"Purifier","player_choice":"Purged","floor":4.0,"gold_loss":0.0,"damage_taken":0.0},{"damage_healed":0.0,"max_hp_gain":0.0,"max_hp_loss":0.0,"gold_gain":0.0,"event_name":"Vampires","player_choice":"Ignored","floor":19.0,"gold_loss":0.0,"damage_taken":0.0},{"damage_healed":0.0,"max_hp_gain":0.0,"max_hp_loss":0.0,"gold_gain":99.0,"event_name":"Nest","player_choice":"Stole From Cult","floor":22.0,"gold_loss":0.0,"damage_taken":0.0},{"damage_healed":0.0,"max_hp_gain":0.0,"max_hp_loss":0.0,"gold_gain":0.0,"event_name":"N\u0027loth","player_choice":"Ignored","floor":24.0,"gold_loss":0.0,"damage_taken":0.0},{"cards_removed":["Cloak And Dagger"],"damage_healed":0,"gold_gain":0,"player_choice":"Removed Skill","damage_taken":0,"max_hp_gain":0,"max_hp_loss":0,"event_name":"Falling","floor":37,"gold_loss":0},{"damage_healed":0,"gold_gain":0,"player_choice":"Max HP","damage_taken":0,"max_hp_gain":0,"max_hp_loss":4,"event_name":"Winding Halls","floor":39,"gold_loss":0}],"is_beta":false,"boss_relics":[{"not_picked":["Sozu","Ectoplasm"],"picked":"WristBlade"},{"not_picked":["HoveringKite","Orrery"],"picked":"Black Star"}],"items_purged_floors":[5,27,38],"is_endless":false,"potions_floor_spawned":[1,2,8,12,16,18,20,31,33,36],"killed_by":"Sphere and 2 Shapes","ascension_level":4}