{"gold_per_floor":[111,186,361,47,57,86,86,98,152,152,181,233,233,147,147,147],"floor_reached":16,"playtime":567,"items_purged":["Doubt","Strike_G"],"score":183,"play_id":"02a58fc5-616f-476b-8c47-a1412ad27973","local_time":"20190219193940","is_ascension_mode":true,"campfire_choices":[{"data":"Forethought","floor":7.0,"key":"SMITH"},{"data":"Neutralize","floor":10.0,"key":"SMITH"},{"data":"Backflip","floor":13.0,"key":"SMITH"},{"data":"Blur","floor":15.0,"key":"SMITH"}],"neow_cost":"NONE","seed_source_timestamp":3991257005294,"circlet_count":0,"master_deck":["Defend_G","Defend_G","Defend_G","Defend_G","Defend_G","Strike_G","Strike_G","Strike_G","Strike_G","Survivor","Neutralize+1","Dodge and Roll","Forethought+1","Backstab","Blur+1","Poisoned Stab","Backflip+1","Escape Plan"],"special_seed":0,"relics":["Ring of the Snake","NeowsBlessing","Blood Vial","Anchor","Art of War","Orichalcum","Smiling Mask"],"potions_floor_usage":[16,16,16],"damage_taken":[{"damage":0.0,"enemies":"Small Slimes","floor":1.0,"turns":1.0},{"damage":0.0,"enemies":"Jaw Worm","floor":5.0,"turns":1.0},{"damage":0.0,"enemies":"3 Sentries","floor":6.0,"turns":1.0},{"damage":2.0,"enemies":"Cultist","floor":8.0,"turns":6.0},{"damage":18.0,"enemies":"Lagavulin","floor":11.0,"turns":11.0},{"damage":45,"enemies":"Slime Boss","floor":16,"turns":11}],"seed_played":"4667022548008420226","potions_obtained":[{"floor":1.0,"key":"Swift Potion"},{"floor":5.0,"key":"Poison Potion"},{"floor":8.0,"key":"Block Potion"},{"floor":11.0,"key":"EssenceOfSteel"}],"is_trial":false,"path_per_floor":["M","?","?","$","M","E","R","M","T","R","E","T","R","$","R","B"],"character_chosen":"THE_SILENT","items_purchased":["Forethought","Blood Vial","Escape Plan"],"campfire_rested":0,"item_purchase_floors":[4,4,14],"current_hp_per_floor":[63,52,52,52,54,56,56,56,56,56,40,40,40,40,40,0],"gold":147,"neow_bonus":"THREE_ENEMY_KILL","is_prod":false,"is_daily":false,"chose_seed":false,"campfire_upgraded":4,"win_rate":0,"timestamp":1550572780,"path_taken":["M","?","?","?","?","E","R","M","T","R","E","?","R","$","R","BOSS"],"build_version":"2019-01-23","purchased_purges":2,"victory":false,"max_hp_per_floor":[70,70,70,70,70,70,70,70,70,70,70,70,70,70,70,70],"card_choices":[{"not_picked":["Dash","Quick Slash"],"picked":"Dodge and Roll","floor":1.0},{"not_picked":["Sucker Punch","Blade Dance"],"picked":"Backstab","floor":5.0},{"not_picked":["Footwork","Sucker Punch"],"picked":"Blur","floor":6.0},{"not_picked":["Acrobatics","Underhanded Strike"],"picked":"Poisoned Stab","floor":8.0},{"not_picked":["Slice","Catalyst"],"picked":"Backflip","floor":11.0}],"player_experience":372301,"relics_obtained":[{"floor":6.0,"key":"Anchor"},{"floor":9.0,"key":"Art of War"},{"floor":11.0,"key":"Orichalcum"},{"floor":12.0,"key":"Smiling Mask"}],"event_choices":[{"damage_healed":0.0,"max_hp_gain":0.0,"max_hp_loss":0.0,"gold_gain":75.0,"event_name":"World of Goop","player_choice":"Gather Gold","floor":2.0,"gold_loss":0.0,"damage_taken":11.0},{"damage_healed":0.0,"max_hp_gain":0.0,"max_hp_loss":0.0,"gold_gain":175.0,"event_name":"Liars Game","player_choice":"AGREE","floor":3.0,"gold_loss":0.0,"damage_taken":0.0,"cards_obtained":["Doubt"]}],"is_beta":false,"boss_relics":[],"items_purged_floors":[4,14],"is_endless":false,"potions_floor_spawned":[1,5,8,11],"killed_by":"Slime Boss","ascension_level":8}