{"gold_per_floor":[112,124,144,144,127,162,162,182,182,182,40,69,86,102,102,199,199,209,132,132],"floor_reached":20,"playtime":3345,"items_purged":["Strike_G"],"score":233,"play_id":"b836c06c-51a0-4919-ba94-62d30a613084","local_time":"20190213010338","is_ascension_mode":true,"campfire_choices":[{"floor":7.0,"key":"REST"},{"floor":10.0,"key":"REST"},{"data":"Bouncing Flask","floor":15,"key":"SMITH"}],"neow_cost":"PERCENT_DAMAGE","seed_source_timestamp":15481991913017,"circlet_count":0,"master_deck":["Survivor","Neutralize","PiercingWail","Poisoned Stab","Bouncing Flask+1","Dagger Spray","Backflip","Flying Knee","Backstab","Noxious Fumes+1","Bane","Envenom+1","Choke","PiercingWail","Sucker Punch","Finisher","All Out Attack","Storm of Steel","Footwork+1","Sucker Punch","Accuracy+1"],"special_seed":0,"relics":["Ring of the Snake","Torii","Du-Vu Doll","Frozen Egg 2","Sundial","Pandora\u0027s Box"],"potions_floor_usage":[12,16],"damage_taken":[{"damage":6.0,"enemies":"Jaw Worm","floor":1.0,"turns":5.0},{"damage":2.0,"enemies":"2 Louse","floor":2.0,"turns":3.0},{"damage":0.0,"enemies":"Cultist","floor":3.0,"turns":4.0},{"damage":0.0,"enemies":"Exordium Thugs","floor":5.0,"turns":4.0},{"damage":16.0,"enemies":"Lagavulin","floor":6.0,"turns":5.0},{"damage":2.0,"enemies":"Blue Slaver","floor":8.0,"turns":3.0},{"damage":2,"enemies":"Gremlin Nob","floor":12,"turns":4},{"damage":0,"enemies":"Large Slime","floor":13,"turns":4},{"damage":2,"enemies":"3 Louse","floor":14,"turns":2},{"damage":13,"enemies":"Slime Boss","floor":16,"turns":7},{"damage":1,"enemies":"Chosen","floor":18,"turns":4},{"damage":27,"enemies":"Colosseum Slavers","floor":20,"turns":4},{"damage":38,"enemies":"Colosseum Nobs","floor":20,"turns":3}],"seed_played":"3691158174489527467","potions_obtained":[{"floor":2.0,"key":"Energy Potion"},{"floor":3.0,"key":"GhostInAJar"},{"floor":8.0,"key":"PowerPotion"},{"floor":12,"key":"LiquidBronze"},{"floor":13,"key":"SteroidPotion"},{"floor":16,"key":"EssenceOfSteel"}],"is_trial":false,"path_per_floor":["M","M","M","?","M","E","R","M","T","R","$","E","M","M","R","B",null,"M","$","?"],"character_chosen":"THE_SILENT","items_purchased":["Noxious Fumes+1","Accuracy+1"],"campfire_rested":2,"item_purchase_floors":[11,19],"current_hp_per_floor":[43,41,41,41,41,25,46,44,44,65,65,63,63,61,61,48,65,64,64,0],"gold":132,"neow_bonus":"ONE_RARE_RELIC","is_prod":false,"is_daily":false,"chose_seed":false,"campfire_upgraded":1,"win_rate":0,"timestamp":1549987418,"path_taken":["M","M","M","?","M","E","R","M","T","R","$","E","M","M","R","BOSS","M","$","?"],"build_version":"2019-01-23","purchased_purges":1,"victory":false,"max_hp_per_floor":[70,70,70,70,70,70,70,70,70,70,70,70,70,70,70,70,70,70,70,70],"card_choices":[{"not_picked":["Acrobatics","Eviscerate"],"picked":"PiercingWail","floor":1.0},{"not_picked":["Heel Hook","Deadly Poison"],"picked":"Poisoned Stab","floor":2.0},{"not_picked":["Well Laid Plans","Flying Knee"],"picked":"Bouncing Flask","floor":3.0},{"not_picked":["Finisher","Concentrate"],"picked":"Backflip","floor":5.0},{"not_picked":["Quick Slash","Dagger Spray"],"picked":"Flying Knee","floor":6.0},{"not_picked":["Caltrops","Noxious Fumes"],"picked":"Backstab","floor":8.0},{"not_picked":["Quick Slash","Reflex","Cloak And Dagger"],"picked":"SKIP","floor":12},{"not_picked":["Grand Finale","Finisher","Infinite Blades+1"],"picked":"SKIP","floor":13},{"not_picked":["Backflip","Dodge and Roll"],"picked":"Bane","floor":14},{"not_picked":["Bullet Time","Tools of the Trade+1"],"picked":"Envenom+1","floor":16},{"not_picked":["Backflip","Eviscerate","Acrobatics"],"picked":"SKIP","floor":18}],"player_experience":318745,"relics_obtained":[{"floor":6.0,"key":"Du-Vu Doll"},{"floor":9.0,"key":"Frozen Egg 2"},{"floor":12,"key":"Sundial"}],"event_choices":[{"damage_healed":0.0,"max_hp_gain":0.0,"max_hp_loss":0.0,"gold_gain":0.0,"cards_transformed":["Strike_G"],"event_name":"Living Wall","player_choice":"Change","floor":4.0,"gold_loss":0.0,"damage_taken":0.0,"cards_obtained":["Dagger Spray"]},{"damage_healed":0,"gold_gain":0,"player_choice":"Fight","damage_taken":0,"max_hp_gain":0,"max_hp_loss":0,"event_name":"Colosseum","floor":20,"gold_loss":0},{"damage_healed":0,"gold_gain":0,"player_choice":"Fought Nobs","damage_taken":0,"max_hp_gain":0,"max_hp_loss":0,"event_name":"Colosseum","floor":20,"gold_loss":0}],"is_beta":false,"boss_relics":[{"not_picked":["Lizard Tail","Calling Bell"],"picked":"Pandora\u0027s Box"}],"items_purged_floors":[11],"is_endless":false,"potions_floor_spawned":[2,3,8,12,13,16],"killed_by":"Colosseum Nobs","ascension_level":5}