{"gold_per_floor":[111,30,42,62,24,53,53,72,152,182,182,194,194,210,210,315,315,327,341,359,378,264,264,292,292,292,292,320,15,29,29],"floor_reached":31,"playtime":1609,"items_purged":["Strike_G"],"score":320,"play_id":"133c2dc2-8f3a-4d60-9113-a85dbf092d95","local_time":"20190211001356","is_ascension_mode":true,"campfire_choices":[{"floor":7.0,"key":"REST"},{"data":"Dodge and Roll","floor":11.0,"key":"SMITH"},{"floor":15.0,"key":"REST"},{"floor":23.0,"key":"REST"},{"floor":27,"key":"REST"}],"neow_cost":"NONE","seed_source_timestamp":35398475901401,"circlet_count":0,"master_deck":["Defend_G","Defend_G","Defend_G+1","Defend_G","Defend_G","Strike_G","Strike_G","Strike_G","Survivor","Neutralize","Outmaneuver","Well Laid Plans","Noxious Fumes","Dagger Throw","Deflect","Skewer+1","Dodge and Roll+1","Flying Knee","Dagger Spray","Adrenaline","Sucker Punch","Blade Dance+1","Infinite Blades+1","Dodge and Roll+1","Skewer","Blade Dance+1","Pain","Storm of Steel","Endless Agony","Blur","Flying Knee+1"],"special_seed":0,"relics":["Ring of the Snake","Du-Vu Doll","Kunai","Juzu Bracelet","Cursed Key","Blood Vial","Calipers","Red Mask","Anchor"],"potions_floor_usage":[24,30],"damage_taken":[{"damage":4.0,"enemies":"2 Louse","floor":1.0,"turns":3.0},{"damage":1.0,"enemies":"Cultist","floor":3.0,"turns":5.0},{"damage":4.0,"enemies":"Small Slimes","floor":4.0,"turns":5.0},{"damage":24.0,"enemies":"Gremlin Nob","floor":6.0,"turns":4.0},{"damage":3.0,"enemies":"2 Fungi Beasts","floor":8.0,"turns":5.0},{"damage":11.0,"enemies":"Lagavulin","floor":10.0,"turns":8.0},{"damage":18.0,"enemies":"Lots of Slimes","floor":12.0,"turns":6.0},{"damage":6.0,"enemies":"3 Louse","floor":14.0,"turns":6.0},{"damage":11.0,"enemies":"Slime Boss","floor":16.0,"turns":5.0},{"damage":0.0,"enemies":"3 Byrds","floor":18.0,"turns":4.0},{"damage":11.0,"enemies":"Shell Parasite","floor":19.0,"turns":8.0},{"damage":15.0,"enemies":"3 Cultists","floor":20.0,"turns":6.0},{"damage":30.0,"enemies":"Sentry and Sphere","floor":21.0,"turns":5.0},{"damage":6,"enemies":"Book of Stabbing","floor":24,"turns":5},{"damage":39,"enemies":"Masked Bandits","floor":28,"turns":5},{"damage":14,"enemies":"Snecko","floor":30,"turns":4},{"damage":12,"enemies":"Centurion and Healer","floor":31,"turns":4}],"seed_played":"1633956139926639322","potions_obtained":[{"floor":3.0,"key":"FearPotion"},{"floor":4.0,"key":"Weak Potion"},{"floor":6.0,"key":"SteroidPotion"},{"floor":14.0,"key":"Strength Potion"},{"floor":18.0,"key":"Strength Potion"},{"floor":24,"key":"Regen Potion"}],"is_trial":false,"path_per_floor":["M","$","M","M","$","E","R","M","T","E","R","M","?","M","R","B",null,"M","M","M","M","$","R","E","?","T","R","?","$","M","M"],"character_chosen":"THE_SILENT","items_purchased":["Noxious Fumes","Skewer","Skewer","Endless Agony","Blur","Anchor"],"campfire_rested":4,"item_purchase_floors":[2,5,22,29,29,29],"current_hp_per_floor":[66,66,65,61,61,37,58,55,55,44,44,26,12,6,27,16,70,70,59,44,14,14,35,29,29,29,50,13,13,10,0],"gold":29,"neow_bonus":"TRANSFORM_CARD","is_prod":false,"is_daily":false,"chose_seed":false,"campfire_upgraded":1,"win_rate":0,"timestamp":1549811636,"path_taken":["M","$","M","M","$","E","R","M","T","E","R","M","?","M","R","BOSS","M","M","M","M","$","R","E","?","T","R","?","$","M","M"],"build_version":"2019-01-23","purchased_purges":1,"victory":false,"max_hp_per_floor":[70,70,70,70,70,70,70,70,70,70,70,70,70,70,70,70,70,70,70,70,70,70,70,70,70,70,70,70,70,70,70],"card_choices":[{"not_picked":["PiercingWail","Accuracy"],"picked":"Well Laid Plans","floor":1.0},{"not_picked":["Slice","Heel Hook"],"picked":"Dagger Throw","floor":3.0},{"not_picked":["Slice","Predator"],"picked":"Deflect","floor":4.0},{"not_picked":["Prepared","Outmaneuver","Deflect"],"picked":"SKIP","floor":6.0},{"not_picked":["Bane","Slice","Tactician"],"picked":"SKIP","floor":8.0},{"not_picked":["Acrobatics","Underhanded Strike"],"picked":"Dodge and Roll","floor":10.0},{"not_picked":["Quick Slash","Concentrate"],"picked":"Flying Knee","floor":12.0},{"not_picked":["Expertise","Acrobatics"],"picked":"Dagger Spray","floor":14.0},{"not_picked":["Grand Finale","Wraith Form v2"],"picked":"Adrenaline","floor":16.0},{"not_picked":["Prepared","Masterful Stab"],"picked":"Sucker Punch","floor":18.0},{"not_picked":["Prepared","Dagger Spray"],"picked":"Blade Dance+1","floor":19.0},{"not_picked":["Dagger Throw+1","Deflect"],"picked":"Infinite Blades+1","floor":20.0},{"not_picked":["Slice","PiercingWail"],"picked":"Dodge and Roll+1","floor":21.0},{"not_picked":["Outmaneuver","Masterful Stab","Sucker Punch"],"picked":"SKIP","floor":24},{"not_picked":["Outmaneuver","Prepared"],"picked":"Storm of Steel","floor":28},{"not_picked":["Backstab","Bouncing Flask"],"picked":"Flying Knee+1","floor":30}],"player_experience":306816,"relics_obtained":[{"floor":6.0,"key":"Du-Vu Doll"},{"floor":9.0,"key":"Kunai"},{"floor":10.0,"key":"Juzu Bracelet"},{"floor":24,"key":"Blood Vial"},{"floor":26,"key":"Calipers"},{"floor":28,"key":"Red Mask"}],"event_choices":[{"damage_healed":0.0,"max_hp_gain":0.0,"max_hp_loss":0.0,"gold_gain":0.0,"event_name":"Shining Light","player_choice":"Entered Light","floor":13.0,"gold_loss":0.0,"damage_taken":14.0,"cards_upgraded":["Defend_G","Skewer"]},{"damage_healed":0,"gold_gain":0,"player_choice":"Copied","damage_taken":0,"max_hp_gain":0,"max_hp_loss":0,"event_name":"Duplicator","floor":25,"gold_loss":0,"cards_obtained":["Blade Dance"]},{"damage_healed":0,"gold_gain":0,"player_choice":"Fought Bandits","damage_taken":0,"max_hp_gain":0,"max_hp_loss":0,"event_name":"Masked Bandits","floor":28,"gold_loss":0}],"is_beta":false,"boss_relics":[{"not_picked":["Busted Crown","Runic Pyramid"],"picked":"Cursed Key"}],"items_purged_floors":[22],"is_endless":false,"potions_floor_spawned":[3,4,6,14,18,24],"killed_by":"Centurion and Healer","ascension_level":4}