{"gold_per_floor":[217,167,267,277,171,199,211,233,271,295,317,344,373,412,424,540,552,574,586,598,621,255,255,237,250,303,315,106,120,132,47,47,145,145,156,256,271,271,283,317,317,337,337,364,379,479,479],"floor_reached":47,"playtime":4897,"items_purged":["Writhe","Doubt"],"score":737,"play_id":"1bdd37e9-fc67-4364-a1ca-c8d1c6489877","local_time":"20190223035716","is_ascension_mode":true,"campfire_choices":[{"floor":7.0,"key":"REST"},{"floor":15.0,"key":"REST"},{"data":"Leg Sweep","floor":23.0,"key":"SMITH"},{"floor":32.0,"key":"REST"},{"floor":41.0,"key":"REST"}],"neow_cost":"NONE","seed_source_timestamp":0,"circlet_count":0,"master_deck":["Defend_G+1","Defend_G+1","Defend_G+1","Defend_G+1","Defend_G+1","Strike_G+1","Strike_G+1","Strike_G+1","Survivor","Neutralize","Skewer","Sucker Punch","Poisoned Stab","Noxious Fumes","Bane","Bouncing Flask","Terror","Deadly Poison","Bane","Night Terror","Leg Sweep+1","Well Laid Plans","Bouncing Flask","Calculated Gamble+1","Apotheosis","Noxious Fumes","Backflip","Poisoned Stab+1","Malaise","Leg Sweep+1","Dagger Spray","Footwork+1","Backflip","Heel Hook+1","Doubt","Dodge and Roll+1","Crippling Poison+1"],"special_seed":0,"relics":["Ring of the Snake","MawBank","Centennial Puzzle","Odd Mushroom","Cursed Key","Vajra","Membership Card","Bag of Marbles","Bronze Scales","Mango","Fusion Hammer","StoneCalendar","Thread and Needle","Bottled Lightning"],"potions_floor_usage":[47],"damage_taken":[{"damage":3.0,"enemies":"2 Louse","floor":1.0,"turns":5.0},{"damage":0.0,"enemies":"Cultist","floor":4.0,"turns":4.0},{"damage":27.0,"enemies":"Lagavulin","floor":6.0,"turns":8.0},{"damage":0.0,"enemies":"Jaw Worm","floor":8.0,"turns":4.0},{"damage":2.0,"enemies":"2 Fungi Beasts","floor":10.0,"turns":4.0},{"damage":8.0,"enemies":"3 Louse","floor":11.0,"turns":3.0},{"damage":3.0,"enemies":"Large Slime","floor":12.0,"turns":5.0},{"damage":2.0,"enemies":"2 Fungi Beasts","floor":13.0,"turns":3.0},{"damage":23.0,"enemies":"The Mushroom Lair","floor":14.0,"turns":4.0},{"damage":31.0,"enemies":"Slime Boss","floor":16.0,"turns":7.0},{"damage":8.0,"enemies":"Spheric Guardian","floor":18.0,"turns":4.0},{"damage":6.0,"enemies":"Shell Parasite","floor":21.0,"turns":4.0},{"damage":6.0,"enemies":"Cultist and Chosen","floor":25.0,"turns":6.0},{"damage":18.0,"enemies":"3 Cultists","floor":27.0,"turns":5.0},{"damage":8.0,"enemies":"Centurion and Healer","floor":29.0,"turns":5.0},{"damage":3.0,"enemies":"Shelled Parasite and Fungi","floor":30.0,"turns":5.0},{"damage":23.0,"enemies":"Champ","floor":33.0,"turns":10.0},{"damage":9.0,"enemies":"3 Shapes","floor":35.0,"turns":5.0},{"damage":0.0,"enemies":"Mind Bloom Boss Battle","floor":36.0,"turns":6.0},{"damage":6.0,"enemies":"Orb Walker","floor":37.0,"turns":4.0},{"damage":22.0,"enemies":"Writhing Mass","floor":39.0,"turns":6.0},{"damage":22.0,"enemies":"Giant Head","floor":40.0,"turns":8.0},{"damage":0.0,"enemies":"4 Shapes","floor":42.0,"turns":5.0},{"damage":20.0,"enemies":"Reptomancer","floor":44.0,"turns":8.0},{"damage":7.0,"enemies":"Jaw Worm Horde","floor":45.0,"turns":5.0},{"damage":9,"enemies":"Transient","floor":47,"turns":3}],"seed_played":"-5039794897129070065","potions_obtained":[{"floor":4.0,"key":"Fire Potion"},{"floor":6.0,"key":"GamblersBrew"},{"floor":12.0,"key":"Poison Potion"},{"floor":13.0,"key":"Energy Potion"},{"floor":16.0,"key":"SkillPotion"},{"floor":21.0,"key":"PowerPotion"},{"floor":30.0,"key":"Weak Potion"},{"floor":33.0,"key":"PowerPotion"},{"floor":39.0,"key":"Explosive Potion"},{"floor":45.0,"key":"PowerPotion"}],"is_trial":false,"path_per_floor":["M","?","?","M","$","E","R","M","T","M","M","M","M","?","R","B",null,"M","?","?","M","$","R","$","M","T","M","$","M","M","?","R","B",null,"M","?","M","?","M","E","R","M","T","E","M","?","M"],"character_chosen":"THE_SILENT","items_purchased":["Poisoned Stab","Noxious Fumes","Membership Card","Leg Sweep","Well Laid Plans","Bag of Marbles","Bouncing Flask","Apotheosis","Noxious Fumes","PowerPotion"],"campfire_rested":4,"item_purchase_floors":[5,5,22,22,22,22,24,28,28,28],"current_hp_per_floor":[60,60,60,60,60,33,54,54,54,52,44,41,39,16,37,6,54,46,46,46,40,40,40,40,34,34,16,16,8,5,19,44,21,68,59,59,53,53,31,9,34,34,34,14,7,7,0],"gold":479,"neow_bonus":"HUNDRED_GOLD","is_prod":false,"is_daily":false,"chose_seed":false,"campfire_upgraded":1,"win_rate":0,"timestamp":1550861836,"path_taken":["M","?","?","M","$","E","R","M","T","M","M","M","?","?","R","BOSS","M","?","?","M","$","R","$","M","T","M","$","M","M","?","R","BOSS","M","?","M","?","M","E","R","M","T","E","?","?","?"],"build_version":"2019-01-23","purchased_purges":2,"victory":false,"max_hp_per_floor":[70,70,70,70,70,70,70,70,70,70,70,70,70,70,70,70,70,70,70,70,70,70,70,70,70,70,70,70,70,70,84,84,84,84,84,84,84,84,84,84,84,84,84,84,84,84,84],"card_choices":[{"not_picked":["Outmaneuver","Dagger Throw"],"picked":"Skewer","floor":1.0},{"not_picked":["Dagger Spray","Dodge and Roll"],"picked":"Sucker Punch","floor":4.0},{"not_picked":["Burst","PiercingWail"],"picked":"Bane","floor":6.0},{"not_picked":["Heel Hook","Underhanded Strike"],"picked":"Bouncing Flask","floor":8.0},{"not_picked":["Dagger Throw","Doppelganger"],"picked":"Terror","floor":10.0},{"not_picked":["Flechettes","Acrobatics","Blade Dance"],"picked":"SKIP","floor":11.0},{"not_picked":["Dagger Throw","Cloak And Dagger"],"picked":"Deadly Poison","floor":12.0},{"not_picked":["Heel Hook","Phantasmal Killer"],"picked":"Bane","floor":13.0},{"not_picked":["Doppelganger","Grand Finale"],"picked":"Night Terror","floor":16.0},{"not_picked":["Dodge and Roll","Dagger Throw","Dagger Spray"],"picked":"SKIP","floor":18.0},{"not_picked":["Dodge and Roll","Dagger Throw","Dagger Spray"],"picked":"SKIP","floor":18.0},{"not_picked":["Dagger Throw+1","Deadly Poison","Cloak And Dagger"],"picked":"SKIP","floor":21.0},{"not_picked":["Prepared","Endless Agony+1","Concentrate"],"picked":"SKIP","floor":25.0},{"not_picked":["Skewer+1","Endless Agony"],"picked":"Calculated Gamble+1","floor":27.0},{"not_picked":["Underhanded Strike","Tactician+1"],"picked":"Backflip","floor":29.0},{"not_picked":["Flying Knee","Backstab"],"picked":"Poisoned Stab+1","floor":30.0},{"not_picked":["A Thousand Cuts","Venomology"],"picked":"Malaise","floor":33.0},{"not_picked":["Prepared+1","Finisher+1"],"picked":"Leg Sweep+1","floor":35.0},{"not_picked":["Prepared","Dash","Underhanded Strike+1"],"picked":"SKIP","floor":37.0},{"not_picked":["Cloak And Dagger","Outmaneuver"],"picked":"Footwork+1","floor":39.0},{"not_picked":["PiercingWail","Malaise"],"picked":"Backflip","floor":40.0},{"not_picked":["Endless Agony","Eviscerate"],"picked":"Heel Hook+1","floor":42.0},{"not_picked":["Dagger Throw","Reflex+1"],"picked":"Dodge and Roll+1","floor":44.0},{"not_picked":["Backflip+1","Quick Slash+1"],"picked":"Crippling Poison+1","floor":45.0}],"player_experience":382433,"relics_obtained":[{"floor":6.0,"key":"MawBank"},{"floor":9.0,"key":"Centennial Puzzle"},{"floor":14.0,"key":"Odd Mushroom"},{"floor":26.0,"key":"Bronze Scales"},{"floor":36.0,"key":"StoneCalendar"},{"floor":40.0,"key":"Thread and Needle"},{"floor":44.0,"key":"Bottled Lightning"}],"event_choices":[{"cards_removed":["Strike_G"],"damage_healed":0.0,"max_hp_gain":0.0,"max_hp_loss":0.0,"gold_gain":0.0,"event_name":"The Cleric","player_choice":"Card Removal","floor":2.0,"gold_loss":50.0,"damage_taken":0.0},{"damage_healed":0.0,"max_hp_gain":0.0,"max_hp_loss":0.0,"gold_gain":100.0,"event_name":"Wheel of Change","player_choice":"Gold","floor":3.0,"gold_loss":0.0,"damage_taken":0.0},{"damage_healed":0.0,"max_hp_gain":0.0,"max_hp_loss":0.0,"gold_gain":0.0,"event_name":"Mushrooms","player_choice":"Fought Mushrooms","floor":14.0,"gold_loss":0.0,"damage_taken":0.0},{"damage_healed":0.0,"max_hp_gain":0.0,"max_hp_loss":0.0,"gold_gain":0.0,"event_name":"Back to Basics","player_choice":"Simplicity","floor":19.0,"gold_loss":0.0,"damage_taken":0.0,"cards_upgraded":["Defend_G","Defend_G","Defend_G","Defend_G","Defend_G","Strike_G","Strike_G","Strike_G","Strike_G"]},{"damage_healed":0.0,"max_hp_gain":0.0,"max_hp_loss":0.0,"gold_gain":0.0,"event_name":"The Mausoleum","player_choice":"Opened","floor":20.0,"gold_loss":0.0,"damage_taken":0.0,"relics_obtained":["Vajra"],"cards_obtained":["Writhe"]},{"damage_healed":0.0,"max_hp_gain":0.0,"max_hp_loss":0.0,"gold_gain":0.0,"event_name":"Addict","player_choice":"Obtained Relic","floor":31.0,"gold_loss":85.0,"damage_taken":0.0,"relics_obtained":["Mango"]},{"damage_healed":0.0,"max_hp_gain":0.0,"max_hp_loss":0.0,"gold_gain":0.0,"event_name":"MindBloom","player_choice":"Fight","floor":36.0,"gold_loss":0.0,"damage_taken":0.0},{"damage_healed":0.0,"max_hp_gain":0.0,"max_hp_loss":0.0,"gold_gain":0.0,"cards_transformed":["Strike_G"],"event_name":"Transmorgrifier","player_choice":"Transformed","floor":38.0,"gold_loss":0.0,"damage_taken":0.0,"cards_obtained":["Dagger Spray"]},{"damage_healed":0.0,"max_hp_gain":0.0,"max_hp_loss":0.0,"gold_gain":100.0,"event_name":"Golden Shrine","player_choice":"Pray","floor":46.0,"gold_loss":0.0,"damage_taken":0.0}],"is_beta":false,"boss_relics":[{"not_picked":["WristBlade","Snecko Eye"],"picked":"Cursed Key"},{"not_picked":["Coffee Dripper","Astrolabe"],"picked":"Fusion Hammer"}],"items_purged_floors":[22,28],"is_endless":false,"potions_floor_spawned":[4,6,12,13,16,18,21,30,33,35,39,45],"killed_by":"Transient","ascension_level":8}