{"gold_per_floor":[109,129,129,129,54,54,79,92,92,92,102,102,137,137],"floor_reached":14,"playtime":931,"items_purged":["Strike_G"],"score":142,"play_id":"4d3cdcdd-3a70-4129-a42e-00e5659bec05","local_time":"20190224123300","is_ascension_mode":true,"campfire_choices":[{"floor":6.0,"key":"REST"},{"data":"Storm of Steel","floor":10.0,"key":"SMITH"},{"data":"Envenom","floor":12.0,"key":"SMITH"}],"neow_cost":"PERCENT_DAMAGE","seed_source_timestamp":11421469252614,"circlet_count":0,"master_deck":["Defend_G","Defend_G","Defend_G","Defend_G","Defend_G","Strike_G","Strike_G","Strike_G","Strike_G","Survivor","Neutralize","Storm of Steel+1","Deflect","Blur","Leg Sweep","Neutralize","Bullet Time","Panacea","Dodge and Roll","Finisher","Envenom+1","Cloak And Dagger","Backflip"],"special_seed":0,"relics":["Ring of the Snake","Shuriken","Strawberry","Blue Candle","Vajra"],"potions_floor_usage":[],"damage_taken":[{"damage":0.0,"enemies":"2 Louse","floor":1.0,"turns":3.0},{"damage":0.0,"enemies":"Cultist","floor":2.0,"turns":4.0},{"damage":19.0,"enemies":"Lagavulin","floor":7.0,"turns":9.0},{"damage":0.0,"enemies":"Jaw Worm","floor":8.0,"turns":6.0},{"damage":8.0,"enemies":"Large Slime","floor":11.0,"turns":9.0},{"damage":31.0,"enemies":"3 Sentries","floor":13.0,"turns":11.0},{"damage":11,"enemies":"Exordium Wildlife","floor":14,"turns":1}],"seed_played":"8090429389720931443","potions_obtained":[{"floor":8.0,"key":"SpeedPotion"},{"floor":11.0,"key":"EssenceOfSteel"}],"is_trial":false,"path_per_floor":["M","M","?","?","$","R","E","M","T","R","M","R","E","M"],"character_chosen":"THE_SILENT","items_purchased":[],"campfire_rested":1,"item_purchase_floors":[],"current_hp_per_floor":[45,45,33,33,33,54,42,42,42,42,34,34,3,0],"gold":137,"neow_bonus":"THREE_RARE_CARDS","is_prod":false,"is_daily":false,"chose_seed":false,"campfire_upgraded":2,"win_rate":0,"timestamp":1550979180,"path_taken":["M","M","?","?","$","R","E","M","T","R","?","R","E","M"],"build_version":"2019-01-23","purchased_purges":1,"victory":false,"max_hp_per_floor":[70,70,70,70,70,70,77,77,77,77,77,77,77,77],"card_choices":[{"not_picked":["After Image","Bullet Time"],"picked":"Storm of Steel","floor":0.0},{"not_picked":["Tactician","Outmaneuver"],"picked":"Deflect","floor":1.0},{"not_picked":["Bane","Deadly Poison"],"picked":"Blur","floor":2.0},{"not_picked":["Setup","Riddle With Holes"],"picked":"Finisher","floor":7.0},{"not_picked":["Infinite Blades","Poisoned Stab"],"picked":"Envenom","floor":8.0},{"not_picked":["Riddle With Holes","Sucker Punch"],"picked":"Cloak And Dagger","floor":11.0},{"not_picked":["Deadly Poison","Backstab"],"picked":"Backflip","floor":13.0}],"player_experience":392754,"relics_obtained":[{"floor":7.0,"key":"Strawberry"},{"floor":9.0,"key":"Blue Candle"},{"floor":13.0,"key":"Vajra"}],"event_choices":[{"damage_healed":0.0,"max_hp_gain":0.0,"max_hp_loss":0.0,"gold_gain":0.0,"event_name":"Scrap Ooze","player_choice":"Success","floor":3.0,"gold_loss":0.0,"damage_taken":12.0,"relics_obtained":["Shuriken"]},{"damage_healed":0.0,"max_hp_gain":0.0,"max_hp_loss":0.0,"gold_gain":0.0,"event_name":"Match and Keep!","player_choice":"5 cards matched","floor":4.0,"gold_loss":0.0,"damage_taken":0.0,"cards_obtained":["Leg Sweep","Neutralize","Bullet Time","Panacea","Dodge and Roll"]}],"is_beta":false,"boss_relics":[],"items_purged_floors":[5],"is_endless":false,"potions_floor_spawned":[8,11],"killed_by":"Exordium Wildlife","ascension_level":9}