{"gold_per_floor":[118,7,7,17,27,27,52,52,78,94,94,110,120,134,134,237,237,252,177,28,28,43,43,43],"floor_reached":24,"playtime":1493,"items_purged":["Defend_G"],"score":277,"play_id":"3e306676-965d-48c3-bad3-16bf05ad34c1","local_time":"20190220004221","is_ascension_mode":true,"campfire_choices":[{"data":"Setup","floor":6.0,"key":"SMITH"},{"data":"Leg Sweep","floor":8.0,"key":"SMITH"},{"floor":15.0,"key":"REST"},{"floor":23,"key":"REST"}],"neow_cost":"NONE","seed_source_timestamp":21225871069993,"circlet_count":0,"master_deck":["Defend_G","Defend_G","Defend_G","Defend_G","Strike_G","Strike_G","Strike_G","Survivor","Neutralize","Dagger Spray","Skewer","Setup+1","Leg Sweep+1","Predator","Escape Plan","Poisoned Stab","Sucker Punch","Tools of the Trade","Bouncing Flask+1","Bane","Backflip","Corpse Explosion","Prepared+1","Leg Sweep","Terror+1"],"special_seed":0,"relics":["Ring of the Snake","Potion Belt","Pen Nib"],"potions_floor_usage":[22],"damage_taken":[{"damage":2.0,"enemies":"Cultist","floor":1.0,"turns":4.0},{"damage":1.0,"enemies":"2 Louse","floor":4.0,"turns":3.0},{"damage":0.0,"enemies":"Small Slimes","floor":5.0,"turns":3.0},{"damage":13.0,"enemies":"3 Sentries","floor":7.0,"turns":8.0},{"damage":2.0,"enemies":"Exordium Wildlife","floor":10.0,"turns":5.0},{"damage":4.0,"enemies":"3 Louse","floor":12.0,"turns":4.0},{"damage":12.0,"enemies":"Lots of Slimes","floor":13.0,"turns":3.0},{"damage":9.0,"enemies":"Large Slime","floor":14.0,"turns":5.0},{"damage":4.0,"enemies":"Hexaghost","floor":16.0,"turns":9.0},{"damage":11.0,"enemies":"Shell Parasite","floor":18.0,"turns":5.0},{"damage":28,"enemies":"2 Thieves","floor":22,"turns":3},{"damage":46,"enemies":"Gremlin Leader","floor":24,"turns":7}],"seed_played":"251003019393541651","potions_obtained":[{"floor":1.0,"key":"AttackPotion"},{"floor":5.0,"key":"Dexterity Potion"},{"floor":10.0,"key":"Explosive Potion"},{"floor":13.0,"key":"GhostInAJar"},{"floor":16.0,"key":"Explosive Potion"}],"is_trial":false,"path_per_floor":["M","$","?","M","M","R","E","R","T","M","?","M","M","M","R","B",null,"M","?","$","?","M","R","E"],"character_chosen":"THE_SILENT","items_purchased":["Setup","Leg Sweep","Leg Sweep"],"campfire_rested":2,"item_purchase_floors":[2,2,20],"current_hp_per_floor":[61,61,61,60,60,60,47,47,47,45,45,41,29,20,41,37,62,51,51,51,51,23,44,0],"gold":43,"neow_bonus":"THREE_CARDS","is_prod":false,"is_daily":false,"chose_seed":false,"campfire_upgraded":2,"win_rate":0,"timestamp":1550590941,"path_taken":["M","?","?","M","M","R","E","R","T","M","?","M","M","M","R","BOSS","M","?","$","?","M","R","E"],"build_version":"2019-01-23","purchased_purges":1,"victory":false,"max_hp_per_floor":[70,70,70,70,70,70,70,70,70,70,70,70,70,70,70,70,70,70,70,70,70,70,70,70],"card_choices":[{"not_picked":["Footwork","Blade Dance"],"picked":"Dagger Spray","floor":0.0},{"not_picked":["Blade Dance","Dagger Spray"],"picked":"Skewer","floor":1.0},{"not_picked":["Catalyst","Concentrate"],"picked":"Predator","floor":4.0},{"not_picked":["Deflect","Masterful Stab"],"picked":"Escape Plan","floor":5.0},{"not_picked":["Footwork","Bane"],"picked":"Poisoned Stab","floor":7.0},{"not_picked":["Calculated Gamble","Dagger Throw"],"picked":"Sucker Punch","floor":10.0},{"not_picked":["Bane","Backflip"],"picked":"Bouncing Flask","floor":12.0},{"not_picked":["Choke","Blade Dance"],"picked":"Bane","floor":13.0},{"not_picked":["Dash","Wraith Form v2"],"picked":"Backflip","floor":14.0},{"not_picked":["Doppelganger","Burst"],"picked":"Corpse Explosion","floor":16.0},{"not_picked":["Flechettes+1","Bane"],"picked":"Prepared+1","floor":18.0},{"not_picked":["Leg Sweep","Riddle With Holes"],"picked":"Terror+1","floor":22}],"player_experience":375259,"relics_obtained":[{"floor":7.0,"key":"Potion Belt"},{"floor":9.0,"key":"Pen Nib"}],"event_choices":[{"damage_healed":0.0,"max_hp_gain":0.0,"max_hp_loss":0.0,"gold_gain":0.0,"event_name":"The Cleric","player_choice":"Leave","floor":3.0,"gold_loss":0.0,"damage_taken":0.0},{"damage_healed":0.0,"max_hp_gain":0.0,"max_hp_loss":0.0,"gold_gain":0.0,"cards_transformed":["Strike_G"],"event_name":"Living Wall","player_choice":"Change","floor":11.0,"gold_loss":0.0,"damage_taken":0.0,"cards_obtained":["Tools of the Trade"]},{"cards_removed":["Strike_G"],"damage_healed":0.0,"max_hp_gain":0.0,"max_hp_loss":0.0,"gold_gain":0.0,"event_name":"Beggar","player_choice":"Gave Gold","floor":19.0,"gold_loss":75.0,"damage_taken":0.0},{"damage_healed":0.0,"max_hp_gain":0.0,"max_hp_loss":0.0,"gold_gain":0.0,"event_name":"Upgrade Shrine","player_choice":"Upgraded","floor":21.0,"gold_loss":0.0,"damage_taken":0.0,"cards_upgraded":["Bouncing Flask"]}],"is_beta":false,"boss_relics":[{"not_picked":["Snecko Eye","Runic Pyramid","Ectoplasm"]}],"items_purged_floors":[20],"is_endless":false,"potions_floor_spawned":[1,5,10,13,16,18],"killed_by":"Gremlin Leader","ascension_level":8}