{"gold_per_floor":[109,124,135,147,72,99,49,60,60,60,60,60,60,77,77,77],"floor_reached":16,"playtime":894,"items_purged":["Strike_G"],"score":133,"play_id":"43011709-8e93-4016-b43d-f7ee74ee8f4a","local_time":"20190214193247","is_ascension_mode":true,"campfire_choices":[{"floor":11,"key":"REST"},{"floor":15,"key":"REST"}],"neow_cost":"NONE","seed_source_timestamp":3447868086580,"circlet_count":0,"master_deck":["Defend_G","Defend_G","Defend_G","Defend_G","Defend_G","Strike_G","Strike_G","Strike_G+1","Survivor","Neutralize","Storm of Steel","Dagger Spray","Well Laid Plans","Cloak And Dagger","Reflex+1","Underhanded Strike","Poisoned Stab"],"special_seed":0,"relics":["Ring of the Snake","Omamori","Snake Skull"],"potions_floor_usage":[6,16],"damage_taken":[{"damage":7.0,"enemies":"Jaw Worm","floor":1.0,"turns":5.0},{"damage":0.0,"enemies":"2 Louse","floor":2.0,"turns":3.0},{"damage":0.0,"enemies":"Small Slimes","floor":3.0,"turns":3.0},{"damage":9.0,"enemies":"Red Slaver","floor":4.0,"turns":5.0},{"damage":20,"enemies":"3 Sentries","floor":6,"turns":6},{"damage":16,"enemies":"Exordium Wildlife","floor":8,"turns":7},{"damage":10,"enemies":"Large Slime","floor":14,"turns":9},{"damage":31,"enemies":"The Guardian","floor":16,"turns":5}],"seed_played":"-446215609168951007","potions_obtained":[{"floor":1.0,"key":"Swift Potion"},{"floor":3.0,"key":"FearPotion"},{"floor":4.0,"key":"PowerPotion"},{"floor":14,"key":"Weak Potion"}],"is_trial":false,"path_per_floor":["M","M","M","M","$","E","?","M","T","$","R","?","?","M","R","B"],"character_chosen":"THE_SILENT","items_purchased":[],"campfire_rested":2,"item_purchase_floors":[],"current_hp_per_floor":[56,56,56,47,47,27,27,11,11,11,32,18,18,8,29,0],"gold":77,"neow_bonus":"ONE_RANDOM_RARE_CARD","is_prod":false,"is_daily":false,"chose_seed":false,"campfire_upgraded":0,"win_rate":0,"timestamp":1550140367,"path_taken":["M","M","M","M","$","E","?","M","T","$","R","?","?","?","R","BOSS"],"build_version":"2019-01-23","purchased_purges":1,"victory":false,"max_hp_per_floor":[70,70,70,70,70,70,70,70,70,70,70,70,70,70,70,70],"card_choices":[{"not_picked":["Choke","Blade Dance"],"picked":"Dagger Spray","floor":1.0},{"not_picked":["Dagger Throw","Quick Slash"],"picked":"Well Laid Plans","floor":2.0},{"not_picked":["Outmaneuver","Concentrate"],"picked":"Cloak And Dagger","floor":3.0},{"not_picked":["Caltrops","Calculated Gamble","Masterful Stab"],"picked":"SKIP","floor":4.0},{"not_picked":["Bane","Dash"],"picked":"Reflex","floor":6},{"not_picked":["PiercingWail","Calculated Gamble"],"picked":"Underhanded Strike","floor":8},{"not_picked":["Blade Dance","Backflip"],"picked":"Poisoned Stab","floor":14}],"player_experience":330702,"relics_obtained":[{"floor":6,"key":"Omamori"},{"floor":9,"key":"Snake Skull"}],"event_choices":[{"cards_removed":["Strike_G"],"damage_healed":0,"gold_gain":0,"player_choice":"Card Removal","damage_taken":0,"max_hp_gain":0,"max_hp_loss":0,"event_name":"The Cleric","floor":7,"gold_loss":50},{"damage_healed":0,"gold_gain":0,"player_choice":"Entered Light","damage_taken":14,"max_hp_gain":0,"max_hp_loss":0,"event_name":"Shining Light","floor":12,"gold_loss":0,"cards_upgraded":["Strike_G","Reflex"]},{"damage_healed":0,"gold_gain":0,"player_choice":"Cursed","damage_taken":0,"max_hp_gain":0,"max_hp_loss":0,"event_name":"Wheel of Change","floor":13,"gold_loss":0,"cards_obtained":["Decay"]}],"is_beta":false,"boss_relics":[],"items_purged_floors":[5],"is_endless":false,"potions_floor_spawned":[1,3,4,14],"killed_by":"The Guardian","ascension_level":6}