{"gold_per_floor":[119,119,79,89,105,138,138,154,154,173,173,203,213,243,243,243],"floor_reached":16,"playtime":2225,"items_purged":[],"score":183,"play_id":"9ee7f8b8-5525-47ab-8dd7-792898971a94","local_time":"20190224201727","is_ascension_mode":true,"campfire_choices":[{"floor":7.0,"key":"REST"},{"data":"Backflip","floor":11.0,"key":"SMITH"},{"floor":15.0,"key":"REST"}],"neow_cost":"NONE","seed_source_timestamp":38249487983254,"circlet_count":0,"master_deck":["AscendersBane","Defend_G","Defend_G","Defend_G","Defend_G","Defend_G","Strike_G","Strike_G","Strike_G","Strike_G","Strike_G","Survivor","Neutralize","Backflip+1","Poisoned Stab","PiercingWail","Choke","Dagger Spray","Endless Agony","Escape Plan"],"special_seed":0,"relics":["Ring of the Snake","The Courier","Meat on the Bone","Matryoshka","Dream Catcher","Centennial Puzzle"],"potions_floor_usage":[16,16,16],"damage_taken":[{"damage":0.0,"enemies":"Cultist","floor":1.0,"turns":4.0},{"damage":0.0,"enemies":"2 Louse","floor":4.0,"turns":5.0},{"damage":1.0,"enemies":"Small Slimes","floor":5.0,"turns":5.0},{"damage":48.0,"enemies":"Gremlin Nob","floor":6.0,"turns":6.0},{"damage":1.0,"enemies":"Looter","floor":8.0,"turns":4.0},{"damage":8.0,"enemies":"Blue Slaver","floor":10.0,"turns":3.0},{"damage":19.0,"enemies":"Lagavulin","floor":12.0,"turns":6.0},{"damage":0.0,"enemies":"3 Louse","floor":13.0,"turns":2.0},{"damage":34.0,"enemies":"3 Sentries","floor":14.0,"turns":7.0},{"damage":44,"enemies":"Hexaghost","floor":16,"turns":14}],"seed_played":"3645239217520447558","potions_obtained":[{"floor":3.0,"key":"GamblersBrew"},{"floor":3.0,"key":"SmokeBomb"},{"floor":3.0,"key":"Weak Potion"},{"floor":6.0,"key":"SkillPotion"},{"floor":12.0,"key":"Swift Potion"},{"floor":13.0,"key":"FearPotion"}],"is_trial":false,"path_per_floor":["M","T","?","M","M","E","R","M","T","M","R","E","M","E","R","B"],"character_chosen":"THE_SILENT","items_purchased":[],"campfire_rested":2,"item_purchase_floors":[],"current_hp_per_floor":[70,70,70,70,69,21,44,43,43,47,47,40,40,18,41,0],"gold":243,"neow_bonus":"TEN_PERCENT_HP_BONUS","is_prod":false,"is_daily":false,"chose_seed":false,"campfire_upgraded":1,"win_rate":0,"timestamp":1551007047,"path_taken":["M","?","?","M","M","E","R","?","T","M","R","E","M","E","R","BOSS"],"build_version":"2019-01-23","purchased_purges":0,"victory":false,"max_hp_per_floor":[77,77,77,77,77,77,77,77,77,77,77,77,77,77,77,77],"card_choices":[{"not_picked":["PiercingWail","Distraction"],"picked":"Backflip","floor":1.0},{"not_picked":["Underhanded Strike","Deadly Poison"],"picked":"Poisoned Stab","floor":4.0},{"not_picked":["Masterful Stab","Cloak And Dagger"],"picked":"PiercingWail","floor":5.0},{"not_picked":["Infinite Blades","Bane"],"picked":"Choke","floor":6.0},{"not_picked":["Sucker Punch","Backflip"],"picked":"Dagger Spray","floor":8.0},{"not_picked":["Distraction","Underhanded Strike","Eviscerate"],"picked":"SKIP","floor":10.0},{"not_picked":["Concentrate","Quick Slash"],"picked":"Endless Agony","floor":12.0},{"not_picked":["Underhanded Strike","Concentrate","Poisoned Stab"],"picked":"SKIP","floor":13.0},{"not_picked":["A Thousand Cuts","Deadly Poison","Acrobatics"],"picked":"SKIP","floor":14.0},{"not_picked":["Backflip","Deflect"],"picked":"Escape Plan","floor":15.0}],"player_experience":399307,"relics_obtained":[{"floor":2.0,"key":"The Courier"},{"floor":6.0,"key":"Meat on the Bone"},{"floor":9.0,"key":"Matryoshka"},{"floor":12.0,"key":"Dream Catcher"},{"floor":14.0,"key":"Centennial Puzzle"}],"event_choices":[{"damage_healed":0.0,"max_hp_gain":0.0,"max_hp_loss":0.0,"gold_gain":0.0,"event_name":"The Woman in Blue","player_choice":"Bought 3 Potions","floor":3.0,"gold_loss":0.0,"damage_taken":0.0}],"is_beta":false,"boss_relics":[],"items_purged_floors":[],"is_endless":false,"potions_floor_spawned":[4,6,12,13],"killed_by":"Hexaghost","ascension_level":10}