{"gold_per_floor":[119,129,146,160,177,210,227,227],"floor_reached":8,"playtime":503,"items_purged":[],"score":65,"play_id":"f91b01c0-875a-4154-971f-526ba2e9f3e5","local_time":"20190209130259","is_ascension_mode":true,"campfire_choices":[],"neow_cost":"PERCENT_DAMAGE","seed_source_timestamp":67334309133213,"circlet_count":0,"master_deck":["Defend_G","Defend_G","Defend_G","Defend_G","Defend_G","Strike_G","Strike_G","Strike_G","Strike_G","Strike_G","Survivor","Neutralize","Blade Dance","Blur","Concentrate","Catalyst","Deadly Poison","Setup","Masterful Stab"],"special_seed":0,"relics":["Ring of the Snake","Shuriken"],"potions_floor_usage":[6,6,6],"damage_taken":[{"damage":0.0,"enemies":"Cultist","floor":1.0,"turns":4.0},{"damage":4.0,"enemies":"2 Louse","floor":2.0,"turns":4.0},{"damage":2.0,"enemies":"Jaw Worm","floor":3.0,"turns":7.0},{"damage":8.0,"enemies":"2 Fungi Beasts","floor":4.0,"turns":5.0},{"damage":12.0,"enemies":"Blue Slaver","floor":5.0,"turns":5.0},{"damage":32,"enemies":"Gremlin Nob","floor":6,"turns":6},{"damage":2,"enemies":"Looter","floor":7,"turns":4},{"damage":8,"enemies":"3 Sentries","floor":8,"turns":2}],"seed_played":"6925643780805841602","potions_obtained":[{"floor":2.0,"key":"Dexterity Potion"},{"floor":3.0,"key":"Weak Potion"},{"floor":4.0,"key":"GamblersBrew"}],"is_trial":false,"path_per_floor":["M","M","M","M","M","E","M","E"],"character_chosen":"THE_SILENT","items_purchased":[],"campfire_rested":0,"item_purchase_floors":[],"current_hp_per_floor":[63,59,57,49,37,5,3,0],"gold":227,"neow_bonus":"TWENTY_PERCENT_HP_BONUS","is_prod":false,"is_daily":false,"chose_seed":false,"campfire_upgraded":0,"win_rate":0,"timestamp":1549684979,"path_taken":["M","M","?","M","M","E","M","E"],"build_version":"2019-01-23","purchased_purges":0,"victory":false,"max_hp_per_floor":[84,84,84,84,84,84,84,84],"card_choices":[{"not_picked":["Well Laid Plans","PiercingWail"],"picked":"Blade Dance","floor":1.0},{"not_picked":["Riddle With Holes","PiercingWail"],"picked":"Blur","floor":2.0},{"not_picked":["Catalyst","Underhanded Strike"],"picked":"Concentrate","floor":3.0},{"not_picked":["Dagger Spray","Sucker Punch"],"picked":"Catalyst","floor":4.0},{"not_picked":["Outmaneuver","Dagger Throw"],"picked":"Deadly Poison","floor":5.0},{"not_picked":["PiercingWail","All Out Attack"],"picked":"Setup","floor":6},{"not_picked":["Caltrops","Quick Slash"],"picked":"Masterful Stab","floor":7}],"player_experience":270219,"relics_obtained":[{"floor":6,"key":"Shuriken"}],"event_choices":[],"is_beta":false,"boss_relics":[],"items_purged_floors":[],"is_endless":false,"potions_floor_spawned":[2,3,4],"killed_by":"3 Sentries","ascension_level":1}