{"gold_per_floor":[118,136,146,161,111,139,153,13,39,39,39,39,54,69,69,194,194,179,195,27,27],"floor_reached":21,"playtime":1908,"items_purged":[],"score":183,"play_id":"e9fd4606-8e98-487e-bc7f-bb8ca58e73f0","local_time":"20190125234319","is_ascension_mode":false,"campfire_choices":[{"floor":12,"key":"REST"},{"data":"Blade Dance","floor":15,"key":"SMITH"}],"neow_cost":"NONE","seed_source_timestamp":14359685466289,"circlet_count":0,"master_deck":["Defend_G","Defend_G","Defend_G","Defend_G","Defend_G","Strike_G","Strike_G","Strike_G","Strike_G","Survivor","Neutralize","Distraction","Heel Hook","Blade Dance","Predator","Dodge and Roll","Footwork","Noxious Fumes","Blade Dance+1","Slice","Injury","Dodge and Roll","Backflip","A Thousand Cuts","Poisoned Stab+1","Infinite Blades","Eviscerate","Expertise","Acrobatics"],"relics":["WristBlade","Ancient Tea Set","Bronze Scales","Golden Idol","HoveringKite"],"potions_floor_usage":[16,16],"damage_taken":[{"damage":11,"enemies":"Jaw Worm","floor":1,"turns":6},{"damage":0,"enemies":"2 Louse","floor":2,"turns":3},{"damage":1,"enemies":"Small Slimes","floor":3,"turns":3},{"damage":19,"enemies":"Exordium Thugs","floor":4,"turns":7},{"damage":26,"enemies":"3 Sentries","floor":6,"turns":9},{"damage":3,"enemies":"Blue Slaver","floor":7,"turns":2},{"damage":2,"enemies":"Large Slime","floor":13,"turns":6},{"damage":0,"enemies":"Looter","floor":14,"turns":4},{"damage":7,"enemies":"Hexaghost","floor":16,"turns":8},{"damage":26,"enemies":"2 Thieves","floor":18,"turns":4},{"damage":18,"enemies":"Shell Parasite","floor":19,"turns":5},{"damage":32,"enemies":"3 Cultists","floor":21,"turns":5}],"seed_played":"2533839764818086044","potions_obtained":[{"floor":1,"key":"GhostInAJar"},{"floor":4,"key":"PowerPotion"},{"floor":6,"key":"GamblersBrew"},{"floor":19,"key":"FearPotion"}],"is_trial":false,"path_per_floor":["M","M","M","M","?","E","M","$","T","?","$","R","M","M","R","B",null,"M","M","$","M"],"character_chosen":"THE_SILENT","items_purchased":["Noxious Fumes","Blade Dance","Slice","Eviscerate","Expertise","Acrobatics"],"campfire_rested":1,"item_purchase_floors":[8,8,8,20,20,20],"current_hp_per_floor":[59,59,58,39,39,13,10,10,10,10,10,31,29,29,29,22,70,44,26,26,0],"gold":27,"neow_bonus":"BOSS_RELIC","is_prod":false,"is_daily":false,"chose_seed":false,"campfire_upgraded":1,"win_rate":0.0,"timestamp":1548427399,"path_taken":["M","M","M","M","?","E","M","$","T","?","?","R","M","M","R","BOSS","M","M","$","M"],"build_version":"2019-01-23","purchased_purges":0,"victory":false,"max_hp_per_floor":[70,70,70,70,70,70,70,70,70,70,70,70,70,70,70,70,70,70,70,70,70],"card_choices":[{"not_picked":["Dagger Spray","PiercingWail"],"picked":"Distraction","floor":1},{"not_picked":["Footwork","Blade Dance"],"picked":"Heel Hook","floor":2},{"not_picked":["Outmaneuver","Quick Slash"],"picked":"Blade Dance","floor":3},{"not_picked":["Flying Knee","Prepared"],"picked":"Predator","floor":4},{"not_picked":["Malaise","Riddle With Holes"],"picked":"Dodge and Roll","floor":6},{"not_picked":["Well Laid Plans","Cloak And Dagger"],"picked":"Footwork","floor":7},{"not_picked":["PiercingWail","Outmaneuver"],"picked":"Dodge and Roll","floor":13},{"not_picked":["Footwork","Flying Knee"],"picked":"Backflip","floor":14},{"not_picked":["Phantasmal Killer","Doppelganger"],"picked":"A Thousand Cuts","floor":16},{"not_picked":["Caltrops","Riddle With Holes+1"],"picked":"Poisoned Stab+1","floor":18},{"not_picked":["Accuracy","Deadly Poison"],"picked":"Infinite Blades","floor":19}],"player_experience":55328,"relics_obtained":[{"floor":6,"key":"Ancient Tea Set"},{"floor":9,"key":"Bronze Scales"}],"event_choices":[{"cards_removed":["Strike_G"],"damage_healed":0,"gold_gain":0,"player_choice":"Card Removal","damage_taken":0,"max_hp_gain":0,"max_hp_loss":0,"event_name":"The Cleric","floor":5,"gold_loss":50},{"damage_healed":0,"gold_gain":0,"player_choice":"Take Wound","damage_taken":0,"relics_obtained":["Golden Idol"],"max_hp_gain":0,"max_hp_loss":0,"event_name":"Golden Idol","floor":10,"gold_loss":0,"cards_obtained":["Injury"]}],"is_beta":false,"boss_relics":[{"not_picked":["Sozu","Empty Cage"],"picked":"HoveringKite"}],"items_purged_floors":[],"is_endless":false,"potions_floor_spawned":[1,4,6,13,19],"killed_by":"3 Cultists","ascension_level":0}