{"gold_per_floor":[115,42,117,117,117,143,143,32,32,43,68,68,78,111,111,189,189,205,217,228,153,10,40,40,73,125,125,140,140,158,170,170,242,242,256,268,284,17,30,30,55,55,55,55,66,66],"floor_reached":46,"playtime":2853,"items_purged":["Strike_G"],"score":977,"play_id":"5a784ae2-b34f-49f6-938d-4da8e45f208b","local_time":"20190228020301","is_ascension_mode":true,"campfire_choices":[{"data":"Storm of Steel","floor":7.0,"key":"SMITH"},{"floor":12.0,"key":"REST"},{"data":"Bouncing Flask","floor":15.0,"key":"SMITH"},{"data":"Leg Sweep","floor":24.0,"key":"SMITH"},{"floor":27.0,"key":"REST"},{"floor":32.0,"key":"REST"},{"floor":40.0,"key":"REST"},{"floor":42,"key":"REST"}],"neow_cost":"NONE","seed_source_timestamp":5999620552416,"circlet_count":0,"master_deck":["AscendersBane","Defend_G","Defend_G","Strike_G","Strike_G","Survivor","Neutralize","Backstab","Bouncing Flask+1","Storm of Steel+1","Endless Agony","Prepared","Die Die Die","Calculated Gamble","After Image","Blur","Blade Dance","Footwork","PiercingWail","Cloak And Dagger","Well Laid Plans","Leg Sweep+1","Accuracy","Cloak And Dagger","Die Die Die","Predator+1","Acrobatics+1","Mind Blast","Secret Technique","Finisher","Reflex","Reflex+1"],"special_seed":0,"relics":["Ring of the Snake","NeowsBlessing","Pen Nib","Dead Branch","The Specimen","Paper Crane","Shuriken","Empty Cage","Oddly Smooth Stone","Smiling Mask","WristBlade","Mango","Sundial"],"potions_floor_usage":[],"damage_taken":[{"damage":0.0,"enemies":"Jaw Worm","floor":1.0,"turns":1.0},{"damage":0.0,"enemies":"Gremlin Nob","floor":6.0,"turns":1.0},{"damage":0.0,"enemies":"Small Slimes","floor":10.0,"turns":1.0},{"damage":20.0,"enemies":"Lagavulin","floor":11.0,"turns":5.0},{"damage":0.0,"enemies":"Cultist","floor":13.0,"turns":1.0},{"damage":0.0,"enemies":"Gremlin Nob","floor":14.0,"turns":2.0},{"damage":35.0,"enemies":"The Guardian","floor":16.0,"turns":8.0},{"damage":0.0,"enemies":"Chosen","floor":18.0,"turns":3.0},{"damage":0.0,"enemies":"3 Byrds","floor":19.0,"turns":5.0},{"damage":3.0,"enemies":"Centurion and Healer","floor":20.0,"turns":5.0},{"damage":10.0,"enemies":"Book of Stabbing","floor":23.0,"turns":5.0},{"damage":23.0,"enemies":"Gremlin Leader","floor":25.0,"turns":6.0},{"damage":1.0,"enemies":"Snake Plant","floor":28.0,"turns":6.0},{"damage":6.0,"enemies":"Cultist and Chosen","floor":30.0,"turns":5.0},{"damage":0.0,"enemies":"Sentry and Sphere","floor":31.0,"turns":2.0},{"damage":32.0,"enemies":"Collector","floor":33.0,"turns":7.0},{"damage":0.0,"enemies":"Orb Walker","floor":35.0,"turns":3.0},{"damage":6.0,"enemies":"3 Shapes","floor":36.0,"turns":3.0},{"damage":6.0,"enemies":"Maw","floor":37.0,"turns":8.0},{"damage":18.0,"enemies":"Spire Growth","floor":39.0,"turns":3.0},{"damage":28,"enemies":"Reptomancer","floor":41,"turns":4},{"damage":14,"enemies":"3 Darklings","floor":45,"turns":3},{"damage":52,"enemies":"Transient","floor":46,"turns":5}],"seed_played":"1445831426143037117","potions_obtained":[{"floor":1.0,"key":"Strength Potion"},{"floor":6.0,"key":"GamblersBrew"},{"floor":13.0,"key":"Explosive Potion"},{"floor":28.0,"key":"Ancient Potion"},{"floor":31.0,"key":"Swift Potion"}],"is_trial":false,"path_per_floor":["M","$","?","?","T","E","R","$","T","M","E","R","M","E","R","B",null,"M","M","M","?","$","E","R","E","T","R","M","?","M","M","R","B",null,"M","M","M","$","M","R","E","R","T","?","M","M"],"character_chosen":"THE_SILENT","items_purchased":["Bouncing Flask","Endless Agony","PiercingWail","Cloak And Dagger","Well Laid Plans","Mind Blast","Secret Technique"],"campfire_rested":5,"item_purchase_floors":[2,8,22,22,22,38,38],"current_hp_per_floor":[59,59,48,41,41,41,41,41,41,41,21,40,40,40,40,5,51,51,51,48,48,48,38,38,15,15,34,33,33,27,27,46,14,53,53,47,41,41,23,42,28,52,52,52,38,0],"gold":66,"neow_bonus":"THREE_ENEMY_KILL","is_prod":false,"is_daily":false,"chose_seed":false,"campfire_upgraded":3,"win_rate":0,"timestamp":1551286981,"path_taken":["M","$","?","?","?","E","R","$","T","?","E","R","M","E","R","BOSS","M","M","M","?","$","E","R","E","T","R","M","?","M","M","R","BOSS","M","M","M","$","M","R","E","R","T","?","?","M"],"build_version":"2019-01-23","purchased_purges":1,"victory":false,"max_hp_per_floor":[66,66,66,66,66,66,66,66,66,66,66,66,66,66,66,66,66,66,66,66,66,66,66,66,66,66,66,66,66,66,66,66,66,66,66,66,66,66,66,66,80,80,80,80,80,80],"card_choices":[{"not_picked":["Underhanded Strike","Backflip"],"picked":"Backstab","floor":1.0},{"not_picked":["Escape Plan","PiercingWail"],"picked":"Storm of Steel","floor":6.0},{"not_picked":["Sucker Punch","Flying Knee"],"picked":"Prepared","floor":10.0},{"not_picked":["Outmaneuver","Quick Slash"],"picked":"Die Die Die","floor":11.0},{"not_picked":["Tactician","Blade Dance"],"picked":"Calculated Gamble","floor":13.0},{"not_picked":["Heel Hook","Reflex","Calculated Gamble"],"picked":"SKIP","floor":14.0},{"not_picked":["Unload","A Thousand Cuts"],"picked":"After Image","floor":16.0},{"not_picked":["Deflect","Prepared"],"picked":"Blur","floor":18.0},{"not_picked":["Poisoned Stab+1","Flying Knee"],"picked":"Blade Dance","floor":19.0},{"not_picked":["Quick Slash","Poisoned Stab"],"picked":"Footwork","floor":20.0},{"not_picked":["Flying Knee","Quick Slash"],"picked":"Leg Sweep","floor":23.0},{"not_picked":["Bane","Masterful Stab"],"picked":"Accuracy","floor":25.0},{"not_picked":["Prepared","Quick Slash","Bane"],"picked":"SKIP","floor":28.0},{"not_picked":["Dagger Spray+1","Dodge and Roll","Caltrops"],"picked":"SKIP","floor":30.0},{"not_picked":["Sucker Punch","Calculated Gamble+1"],"picked":"Cloak And Dagger","floor":31.0},{"not_picked":["A Thousand Cuts","Doppelganger"],"picked":"Die Die Die","floor":33.0},{"not_picked":["Endless Agony","Acrobatics"],"picked":"Predator+1","floor":35.0},{"not_picked":["Acrobatics","Poisoned Stab+1","Backflip"],"picked":"SKIP","floor":36.0},{"not_picked":["Deflect","Skewer"],"picked":"Acrobatics+1","floor":37.0},{"not_picked":["PiercingWail","Dagger Spray+1"],"picked":"Finisher","floor":39.0},{"not_picked":["Dagger Spray","Deflect"],"picked":"Reflex","floor":41},{"not_picked":["Quick Slash+1","Prepared"],"picked":"Reflex+1","floor":45}],"player_experience":431713,"relics_obtained":[{"floor":5.0,"key":"Pen Nib"},{"floor":6.0,"key":"Dead Branch"},{"floor":9.0,"key":"The Specimen"},{"floor":11.0,"key":"Paper Crane"},{"floor":14.0,"key":"Shuriken"},{"floor":23.0,"key":"Oddly Smooth Stone"},{"floor":25.0,"key":"Smiling Mask"},{"floor":41,"key":"Mango"},{"floor":43,"key":"Sundial"}],"event_choices":[{"damage_healed":0.0,"max_hp_gain":0.0,"max_hp_loss":0.0,"gold_gain":75.0,"event_name":"World of Goop","player_choice":"Gather Gold","floor":3.0,"gold_loss":0.0,"damage_taken":11.0},{"cards_removed":["Strike_G"],"damage_healed":0.0,"max_hp_gain":0.0,"max_hp_loss":0.0,"gold_gain":0.0,"event_name":"Golden Wing","player_choice":"Card Removal","floor":4.0,"gold_loss":0.0,"damage_taken":7.0},{"cards_removed":["Defend_G"],"damage_healed":0.0,"max_hp_gain":0.0,"max_hp_loss":0.0,"gold_gain":0.0,"event_name":"Beggar","player_choice":"Gave Gold","floor":21.0,"gold_loss":75.0,"damage_taken":0.0},{"cards_removed":["Defend_G"],"damage_healed":0.0,"max_hp_gain":0.0,"max_hp_loss":0.0,"gold_gain":0.0,"event_name":"Back to Basics","player_choice":"Elegance","floor":29.0,"gold_loss":0.0,"damage_taken":0.0},{"damage_healed":0,"gold_gain":0,"player_choice":"Ignored","damage_taken":0,"max_hp_gain":0,"max_hp_loss":0,"event_name":"SecretPortal","floor":44,"gold_loss":0}],"is_beta":false,"boss_relics":[{"not_picked":["Calling Bell","Eternal Feather"],"picked":"Empty Cage"},{"not_picked":["Tiny House","Ring of the Serpent"],"picked":"WristBlade"}],"items_purged_floors":[8],"is_endless":false,"potions_floor_spawned":[1,6,13,14,20,28,31,33,35,36],"killed_by":"Transient","ascension_level":15}