{"gold_per_floor":[109,122,72,91,108,108,133,133,133,133,150,75,75,105,105,205,205,217,316,316,329,125,125,150,150,202,202,6,24,24,40,40,142,142,159,171,190,2,12,12,41,41,41,41,53,0,32,32,32,32],"floor_reached":51,"playtime":2877,"items_purged":["Strike_G","Shame","Strike_G"],"score":930,"play_id":"ef649a4c-ef4b-4e2f-95d6-be456f1cef50","local_time":"20190211234909","is_ascension_mode":true,"campfire_choices":[{"data":"Bouncing Flask","floor":6.0,"key":"SMITH"},{"data":"Catalyst","floor":8.0,"key":"SMITH"},{"floor":10.0,"key":"REST"},{"data":"Bane","floor":15.0,"key":"SMITH"},{"data":"Setup","floor":23.0,"key":"SMITH"},{"data":"Cloak And Dagger","floor":25.0,"key":"SMITH"},{"data":"Catalyst","floor":32.0,"key":"SMITH"},{"data":"Escape Plan","floor":40.0,"key":"SMITH"},{"data":"Dodge and Roll","floor":42.0,"key":"SMITH"},{"floor":44.0,"key":"REST"},{"data":"Forethought","floor":49.0,"key":"SMITH"}],"neow_cost":"TEN_PERCENT_HP_LOSS","seed_source_timestamp":14276839583218,"circlet_count":0,"master_deck":["Defend_G","Defend_G","Defend_G","Defend_G","Strike_G","Strike_G","Survivor","Neutralize","Cloak And Dagger+1","Bouncing Flask+1","Well Laid Plans","Catalyst+1","Deadly Poison","Bane+1","Adrenaline","Setup+1","Catalyst+1","Deadly Poison","Corpse Explosion","Bane+1","Catalyst","Dagger Spray+1","Poisoned Stab","Dodge and Roll+1","Escape Plan+1","Catalyst+1","Backflip","Forethought+1"],"special_seed":0,"relics":["Ring of the Snake","Torii","Meat on the Bone","Pear","Anchor","Sozu","Nilry\u0027s Codex","Membership Card","Bronze Scales","Orichalcum","Snake Skull","Bottled Lightning","Orrery","Tiny Chest","Regal Pillow","Pocketwatch","Dodecahedron","Red Mask","Art of War"],"potions_floor_usage":[50],"damage_taken":[{"damage":0.0,"enemies":"Cultist","floor":1.0,"turns":4.0},{"damage":2.0,"enemies":"Jaw Worm","floor":2.0,"turns":8.0},{"damage":1.0,"enemies":"2 Louse","floor":4.0,"turns":2.0},{"damage":8.0,"enemies":"2 Fungi Beasts","floor":5.0,"turns":4.0},{"damage":22.0,"enemies":"Gremlin Nob","floor":7.0,"turns":4.0},{"damage":2.0,"enemies":"Looter","floor":11.0,"turns":3.0},{"damage":4.0,"enemies":"3 Sentries","floor":14.0,"turns":9.0},{"damage":15.0,"enemies":"Slime Boss","floor":16.0,"turns":7.0},{"damage":0.0,"enemies":"Spheric Guardian","floor":18.0,"turns":2.0},{"damage":0.0,"enemies":"Chosen","floor":21.0,"turns":3.0},{"damage":3.0,"enemies":"Book of Stabbing","floor":24.0,"turns":4.0},{"damage":0.0,"enemies":"Centurion and Healer","floor":29.0,"turns":4.0},{"damage":9.0,"enemies":"Snake Plant","floor":31.0,"turns":2.0},{"damage":22.0,"enemies":"Collector","floor":33.0,"turns":3.0},{"damage":0.0,"enemies":"Orb Walker","floor":35.0,"turns":1.0},{"damage":6.0,"enemies":"3 Shapes","floor":36.0,"turns":4.0},{"damage":16.0,"enemies":"Maw","floor":37.0,"turns":3.0},{"damage":1.0,"enemies":"Jaw Worm Horde","floor":39.0,"turns":2.0},{"damage":8.0,"enemies":"Giant Head","floor":41.0,"turns":4.0},{"damage":0.0,"enemies":"Sphere and 2 Shapes","floor":45.0,"turns":5.0},{"damage":0.0,"enemies":"Reptomancer","floor":47.0,"turns":1.0},{"damage":60,"enemies":"Awakened One","floor":50,"turns":7}],"seed_played":"6832266959418910568","potions_obtained":[{"floor":2.0,"key":"Fruit Juice"},{"floor":4.0,"key":"FairyPotion"},{"floor":16.0,"key":"Block Potion"}],"is_trial":false,"path_per_floor":["M","M","?","M","M","R","E","R","T","R","M","$","?","E","R","B",null,"M","?","?","M","$","R","E","R","T","?","$","M","?","M","R","B",null,"M","M","M","$","M","R","E","R","T","R","M","?","E","?","R","B",null],"character_chosen":"THE_SILENT","items_purchased":["Membership Card","Bottled Lightning","Deadly Poison","Tiny Chest","Regal Pillow"],"campfire_rested":2,"item_purchase_floors":[22,28,28,38,38],"current_hp_per_floor":[63,66,66,65,57,57,35,35,45,68,66,66,59,55,55,40,78,78,78,62,62,62,62,59,59,59,59,59,59,59,50,50,40,78,78,72,56,56,55,55,47,47,47,78,78,78,78,78,78,30],"gold":32,"neow_bonus":"ONE_RARE_RELIC","is_prod":false,"is_daily":false,"chose_seed":false,"campfire_upgraded":9,"win_rate":0,"timestamp":1549896549,"path_taken":["M","M","?","M","M","R","E","R","T","R","M","$","?","E","R","BOSS","M","?","?","M","$","R","E","R","T","?","$","M","?","M","R","BOSS","M","M","M","$","M","R","E","R","T","R","M","?","E","?","R","BOSS"],"build_version":"2019-01-23","purchased_purges":3,"victory":true,"max_hp_per_floor":[63,68,68,68,68,68,68,68,78,78,78,78,78,78,78,78,78,78,78,78,78,78,78,78,78,78,78,78,78,78,78,78,78,78,78,78,78,78,78,78,78,78,78,78,78,78,78,78,78,78],"card_choices":[{"not_picked":["Acrobatics","Blade Dance"],"picked":"Cloak And Dagger","floor":1.0},{"not_picked":["Dagger Throw","Footwork"],"picked":"Bouncing Flask","floor":2.0},{"not_picked":["Blade Dance","Deflect"],"picked":"Well Laid Plans","floor":4.0},{"not_picked":["Prepared","Quick Slash","Infinite Blades"],"picked":"SKIP","floor":5.0},{"not_picked":["Masterful Stab","A Thousand Cuts"],"picked":"Catalyst","floor":7.0},{"not_picked":["Backflip","Underhanded Strike"],"picked":"Deadly Poison","floor":11.0},{"not_picked":["Deadly Poison","Riddle With Holes"],"picked":"Bane","floor":14.0},{"not_picked":["Glass Knife","A Thousand Cuts"],"picked":"Adrenaline","floor":16.0},{"not_picked":["Deadly Poison","Underhanded Strike"],"picked":"Setup","floor":18.0},{"not_picked":["Expertise","Backflip"],"picked":"Catalyst","floor":21.0},{"not_picked":["Quick Slash","Phantasmal Killer","Underhanded Strike+1"],"picked":"SKIP","floor":24.0},{"not_picked":["Prepared","Flechettes","Deflect"],"picked":"SKIP","floor":29.0},{"not_picked":["Concentrate","Heel Hook+1","Dagger Throw"],"picked":"SKIP","floor":31.0},{"not_picked":["After Image","Envenom"],"picked":"Corpse Explosion","floor":33.0},{"not_picked":["Underhanded Strike","Dagger Spray"],"picked":"Bane+1","floor":34.0},{"not_picked":["Dagger Throw","Deflect"],"picked":"Catalyst","floor":34.0},{"not_picked":["Bane","Cloak And Dagger"],"picked":"Dagger Spray+1","floor":34.0},{"not_picked":["Bane+1","A Thousand Cuts"],"picked":"Poisoned Stab","floor":34.0},{"not_picked":["Dagger Throw","Concentrate"],"picked":"Dodge and Roll","floor":34.0},{"not_picked":["Outmaneuver","Skewer","Blade Dance+1"],"picked":"SKIP","floor":35.0},{"not_picked":["Heel Hook+1","Slice"],"picked":"Escape Plan","floor":36.0},{"not_picked":["Predator+1","Acrobatics+1","Quick Slash+1"],"picked":"SKIP","floor":37.0},{"not_picked":["Underhanded Strike+1","Dagger Spray+1"],"picked":"Catalyst+1","floor":39.0},{"not_picked":["Dagger Throw","Bane","Poisoned Stab"],"picked":"SKIP","floor":41.0},{"not_picked":["Quick Slash+1","Well Laid Plans+1","After Image"],"picked":"SKIP","floor":45.0},{"not_picked":["Quick Slash+1","Deflect+1"],"picked":"Backflip","floor":47.0},{"not_picked":["Metamorphosis","Trip"],"picked":"Forethought","floor":48.0}],"player_experience":312351,"relics_obtained":[{"floor":7.0,"key":"Meat on the Bone"},{"floor":9.0,"key":"Pear"},{"floor":14.0,"key":"Anchor"},{"floor":20.0,"key":"Nilry\u0027s Codex"},{"floor":24.0,"key":"Bronze Scales"},{"floor":26.0,"key":"Orichalcum"},{"floor":41.0,"key":"Pocketwatch"},{"floor":43.0,"key":"Dodecahedron"},{"floor":47.0,"key":"Art of War"}],"event_choices":[{"cards_removed":["Strike_G"],"damage_healed":0.0,"max_hp_gain":0.0,"max_hp_loss":0.0,"gold_gain":0.0,"event_name":"The Cleric","player_choice":"Card Removal","floor":3.0,"gold_loss":50.0,"damage_taken":0.0},{"cards_removed":["Defend_G"],"damage_healed":0.0,"max_hp_gain":0.0,"max_hp_loss":0.0,"gold_gain":0.0,"event_name":"Golden Wing","player_choice":"Card Removal","floor":13.0,"gold_loss":0.0,"damage_taken":7.0},{"damage_healed":0.0,"max_hp_gain":0.0,"max_hp_loss":0.0,"gold_gain":99.0,"event_name":"Nest","player_choice":"Stole From Cult","floor":19.0,"gold_loss":0.0,"damage_taken":0.0},{"damage_healed":0.0,"max_hp_gain":0.0,"max_hp_loss":0.0,"gold_gain":0.0,"event_name":"Cursed Tome","player_choice":"Obtained Book","floor":20.0,"gold_loss":0.0,"damage_taken":16.0},{"damage_healed":0.0,"max_hp_gain":0.0,"max_hp_loss":0.0,"gold_gain":0.0,"event_name":"Addict","player_choice":"Stole Relic","floor":27.0,"gold_loss":0.0,"damage_taken":0.0,"relics_obtained":["Snake Skull"],"cards_obtained":["Shame"]},{"damage_healed":0.0,"max_hp_gain":0.0,"max_hp_loss":0.0,"gold_gain":0.0,"event_name":"Ghosts","player_choice":"Ignored","floor":30.0,"gold_loss":0.0,"damage_taken":0.0},{"damage_healed":0.0,"max_hp_gain":0.0,"max_hp_loss":0.0,"gold_gain":0.0,"event_name":"Tomb of Lord Red Mask","player_choice":"Paid","floor":46.0,"gold_loss":53.0,"damage_taken":0.0,"relics_obtained":["Red Mask"]},{"damage_healed":0.0,"max_hp_gain":0.0,"max_hp_loss":0.0,"gold_gain":0.0,"event_name":"SensoryStone","player_choice":"Memory 1","floor":48.0,"gold_loss":0.0,"damage_taken":0.0}],"is_beta":false,"boss_relics":[{"not_picked":["Runic Pyramid","Busted Crown"],"picked":"Sozu"},{"not_picked":["HoveringKite","Eternal Feather"],"picked":"Orrery"}],"items_purged_floors":[12,28,38],"is_endless":false,"potions_floor_spawned":[2,4,16,18,29,31,36,39,45,47],"ascension_level":4}