{"gold_per_floor":[114,114,133,58,78,78,98,127,154,166,196,208,235,275,287,299],"floor_reached":16,"playtime":557,"items_purged":["Strike_G"],"score":134,"play_id":"b367b8ee-4a95-4c09-afbd-69a9696f6828","local_time":"20190209184706","is_ascension_mode":true,"campfire_choices":[{"data":"Cloak And Dagger","floor":6.0,"key":"SMITH"},{"data":"Adrenaline","floor":10.0,"key":"SMITH"},{"data":"Bouncing Flask","floor":15.0,"key":"SMITH"}],"neow_cost":"NONE","seed_source_timestamp":87825021123595,"circlet_count":0,"master_deck":["Defend_G","Defend_G+1","Defend_G","Defend_G","Strike_G","Strike_G","Strike_G","Strike_G","Survivor+1","Neutralize","Backstab","Footwork","Backflip","Cloak And Dagger+1","Bouncing Flask+1","Adrenaline+1","Poisoned Stab","Bane"],"special_seed":0,"relics":["Ring of the Snake","Bag of Marbles","MawBank","War Paint"],"potions_floor_usage":[16,16],"damage_taken":[{"damage":4.0,"enemies":"Small Slimes","floor":1.0,"turns":4.0},{"damage":0.0,"enemies":"Cultist","floor":3.0,"turns":3.0},{"damage":0.0,"enemies":"2 Louse","floor":5.0,"turns":2.0},{"damage":0.0,"enemies":"Looter","floor":7.0,"turns":3.0},{"damage":15.0,"enemies":"3 Sentries","floor":8.0,"turns":12.0},{"damage":0.0,"enemies":"Blue Slaver","floor":11.0,"turns":1.0},{"damage":0.0,"enemies":"Large Slime","floor":13.0,"turns":3.0},{"damage":18.0,"enemies":"Gremlin Nob","floor":14.0,"turns":3.0},{"damage":43,"enemies":"Slime Boss","floor":16,"turns":9}],"seed_played":"-9111867577769273881","potions_obtained":[{"floor":5.0,"key":"FearPotion"},{"floor":7.0,"key":"PowerPotion"},{"floor":13.0,"key":"Dexterity Potion"},{"floor":14.0,"key":"SkillPotion"}],"is_trial":false,"path_per_floor":["M","?","M","$","M","R","M","E","T","R","M","$","M","E","R","B"],"character_chosen":"THE_SILENT","items_purchased":[],"campfire_rested":0,"item_purchase_floors":[],"current_hp_per_floor":[73,73,73,73,73,73,73,58,58,58,58,58,58,40,40,0],"gold":299,"neow_bonus":"TEN_PERCENT_HP_BONUS","is_prod":false,"is_daily":false,"chose_seed":false,"campfire_upgraded":3,"win_rate":0,"timestamp":1549705626,"path_taken":["M","?","M","$","?","R","M","E","T","R","?","$","M","E","R","BOSS"],"build_version":"2019-01-23","purchased_purges":1,"victory":false,"max_hp_per_floor":[77,77,77,77,77,77,77,77,77,77,77,77,77,77,77,77],"card_choices":[{"not_picked":["Deflect","PiercingWail"],"picked":"Backstab","floor":1.0},{"not_picked":["Outmaneuver","Setup"],"picked":"Backflip","floor":3.0},{"not_picked":["Dodge and Roll","Bane"],"picked":"Cloak And Dagger","floor":5.0},{"not_picked":["Crippling Poison","Backstab"],"picked":"Bouncing Flask","floor":7.0},{"not_picked":["Deflect","Calculated Gamble"],"picked":"Adrenaline","floor":8.0},{"not_picked":["Infinite Blades","Acrobatics"],"picked":"Poisoned Stab","floor":11.0},{"not_picked":["Blade Dance","Sucker Punch"],"picked":"Bane","floor":13.0},{"not_picked":["Backstab","Blade Dance","Masterful Stab"],"picked":"SKIP","floor":14.0}],"player_experience":287595,"relics_obtained":[{"floor":8.0,"key":"Bag of Marbles"},{"floor":9.0,"key":"MawBank"},{"floor":14.0,"key":"War Paint"}],"event_choices":[{"damage_healed":0.0,"max_hp_gain":0.0,"max_hp_loss":0.0,"gold_gain":0.0,"cards_transformed":["Defend_G"],"event_name":"Transmorgrifier","player_choice":"Transformed","floor":2.0,"gold_loss":0.0,"damage_taken":0.0,"cards_obtained":["Footwork"]}],"is_beta":false,"boss_relics":[],"items_purged_floors":[4],"is_endless":false,"potions_floor_spawned":[5,7,13,14],"killed_by":"Slime Boss","ascension_level":4}