{"gold_per_floor":[364,117,127,146,156,182,182,182,207,239,259,290,240,140,140,244,244,255,255,255,1,0,26,26,56,56,71,95,194,225,239,239,344,344,354,354,368,134,28,28,55,55,78,78,96,113,113,113,113,113,113,113,66,93,93],"floor_reached":55,"playtime":4098,"items_purged":["Strike_G","Strike_G","Regret"],"score":1154,"play_id":"1fa2d719-3cb8-4ba1-8a53-10efdd41ad72","local_time":"20190224222336","is_ascension_mode":true,"campfire_choices":[{"floor":8.0,"key":"REST"},{"data":"Bouncing Flask","floor":15.0,"key":"SMITH"},{"floor":24.0,"key":"REST"},{"floor":32.0,"key":"REST"},{"floor":40.0,"key":"REST"},{"data":"Well Laid Plans","floor":42.0,"key":"SMITH"},{"floor":44.0,"key":"RECALL"},{"floor":49.0,"key":"REST"},{"floor":52.0,"key":"REST"}],"neow_cost":"PERCENT_DAMAGE","seed_source_timestamp":0,"circlet_count":0,"master_deck":["AscendersBane","Defend_G+1","Defend_G","Defend_G","Defend_G","Survivor","Dagger Throw","Footwork","Die Die Die","Backstab","Bouncing Flask+1","Riddle With Holes","Calculated Gamble","Backflip","Adrenaline+1","PiercingWail","Tactician","Predator","Outmaneuver+1","Bullet Time+1","Clumsy","Well Laid Plans+1","Backflip+1","Choke+1","Grand Finale","Backflip+1","Terror+1","Crippling Poison+1","Catalyst+1","Malaise+1","Deep Breath+1","Finesse+1","Trip+1","Quick Slash","PiercingWail+1","Dodge and Roll+1","Distraction+1"],"special_seed":0,"relics":["Ring of the Snake","Boot","Art of War","Centennial Puzzle","Orichalcum","Cursed Key","Toxic Egg 2","Bronze Scales","Potion Belt","Question Card","Ginger","Busted Crown","Dream Catcher","Omamori","PreservedInsect","War Paint"],"potions_floor_usage":[55,55],"damage_taken":[{"damage":3.0,"enemies":"Jaw Worm","floor":1.0,"turns":4.0},{"damage":0.0,"enemies":"Cultist","floor":3.0,"turns":5.0},{"damage":0.0,"enemies":"2 Louse","floor":4.0,"turns":2.0},{"damage":0.0,"enemies":"Large Slime","floor":5.0,"turns":4.0},{"damage":12.0,"enemies":"Gremlin Nob","floor":6.0,"turns":4.0},{"damage":12.0,"enemies":"3 Sentries","floor":10.0,"turns":7.0},{"damage":0.0,"enemies":"Blue Slaver","floor":11.0,"turns":2.0},{"damage":12.0,"enemies":"Gremlin Nob","floor":12.0,"turns":3.0},{"damage":13.0,"enemies":"The Guardian","floor":16.0,"turns":9.0},{"damage":1.0,"enemies":"Spheric Guardian","floor":18.0,"turns":3.0},{"damage":4.0,"enemies":"Slavers","floor":23.0,"turns":3.0},{"damage":19.0,"enemies":"Gremlin Leader","floor":25.0,"turns":6.0},{"damage":0.0,"enemies":"3 Byrds","floor":27.0,"turns":3.0},{"damage":13.0,"enemies":"Book of Stabbing","floor":30.0,"turns":5.0},{"damage":6.0,"enemies":"Centurion and Healer","floor":31.0,"turns":5.0},{"damage":33.0,"enemies":"Collector","floor":33.0,"turns":8.0},{"damage":10.0,"enemies":"3 Shapes","floor":35.0,"turns":5.0},{"damage":0.0,"enemies":"Orb Walker","floor":37.0,"turns":3.0},{"damage":22.0,"enemies":"Reptomancer","floor":41.0,"turns":6.0},{"damage":12.0,"enemies":"Writhing Mass","floor":45.0,"turns":3.0},{"damage":3.0,"enemies":"4 Shapes","floor":46.0,"turns":3.0},{"damage":31.0,"enemies":"Donu and Deca","floor":50.0,"turns":7.0},{"damage":47.0,"enemies":"Shield and Spear","floor":54.0,"turns":5.0},{"damage":39,"enemies":"The Heart","floor":55,"turns":6}],"seed_played":"6494916690001275889","potions_obtained":[{"floor":4.0,"key":"AttackPotion"},{"floor":5.0,"key":"GhostInAJar"},{"floor":6.0,"key":"Regen Potion"},{"floor":12.0,"key":"GhostInAJar"},{"floor":23.0,"key":"Dexterity Potion"},{"floor":25.0,"key":"Poison Potion"},{"floor":31.0,"key":"Weak Potion"},{"floor":37.0,"key":"Fire Potion"},{"floor":54.0,"key":"Regen Potion"}],"is_trial":false,"path_per_floor":["M","$","M","M","M","E","?","R","T","E","M","E","?","$","R","B",null,"M","?","?","$","?","E","R","E","T","M","T","?","E","M","R","B",null,"M","?","M","$","?","R","E","R","T","R","M","M","?","?","R","B",null,"R","$","E","B"],"character_chosen":"THE_SILENT","items_purchased":["Footwork","Die Die Die","Toxic Egg 2","Crippling Poison+1","Catalyst+1","Dodge and Roll+1"],"campfire_rested":6,"item_purchase_floors":[2,2,21,38,38,53],"current_hp_per_floor":[42,42,42,42,42,30,30,51,51,39,39,36,36,36,36,23,58,57,57,57,57,57,53,70,51,51,51,51,51,38,32,53,20,58,48,48,48,48,48,69,47,47,47,47,35,32,22,22,43,12,56,70,70,23,0],"gold":93,"neow_bonus":"TWO_FIFTY_GOLD","is_prod":false,"is_daily":false,"chose_seed":false,"campfire_upgraded":2,"win_rate":0,"timestamp":1551014616,"path_taken":["M","$","M","M","M","E","?","R","T","E","?","E","?","$","R","BOSS","M","?","?","?","?","E","R","E","T","M","?","?","E","?","R","BOSS","M","?","M","$","?","R","E","R","T","R","M","?","?","?","R","BOSS","R","$","E","BOSS"],"build_version":"2019-01-23","purchased_purges":3,"victory":false,"max_hp_per_floor":[70,70,70,70,70,70,70,70,70,70,70,70,70,70,70,70,70,70,70,70,70,70,70,70,70,70,70,70,70,70,70,70,70,70,70,70,70,70,70,70,70,70,70,70,70,70,70,70,70,70,70,70,70,70,70],"card_choices":[{"not_picked":["Dagger Spray","PiercingWail"],"picked":"Dagger Throw","floor":1.0},{"not_picked":["Dodge and Roll","Flying Knee"],"picked":"Backstab","floor":3.0},{"not_picked":["Infinite Blades","Finisher"],"picked":"Bouncing Flask","floor":4.0},{"not_picked":["Underhanded Strike","Deadly Poison","Blade Dance"],"picked":"SKIP","floor":5.0},{"not_picked":["Sucker Punch","Underhanded Strike"],"picked":"Riddle With Holes","floor":6.0},{"not_picked":["Wraith Form v2","Terror"],"picked":"Calculated Gamble","floor":10.0},{"not_picked":["Sucker Punch","Bouncing Flask","Bane"],"picked":"SKIP","floor":11.0},{"not_picked":["Deflect","Sucker Punch"],"picked":"Backflip","floor":12.0},{"not_picked":["Bullet Time","Wraith Form v2"],"picked":"Adrenaline","floor":16.0},{"not_picked":["Dagger Spray","Acrobatics","Expertise"],"picked":"SKIP","floor":18.0},{"not_picked":["Concentrate+1","Poisoned Stab+1"],"picked":"Outmaneuver+1","floor":23.0},{"not_picked":["Outmaneuver+1","Sucker Punch"],"picked":"Bullet Time+1","floor":25.0},{"not_picked":["Setup+1","PiercingWail+1","Choke+1"],"picked":"Well Laid Plans","floor":27.0},{"not_picked":["Dodge and Roll+1","Underhanded Strike+1","Prepared+1"],"picked":"Backflip+1","floor":30.0},{"not_picked":["Blade Dance+1","Bane","Slice"],"picked":"Choke+1","floor":31.0},{"not_picked":["Tools of the Trade","Storm of Steel+1","Wraith Form v2"],"picked":"Grand Finale","floor":33.0},{"not_picked":["Deadly Poison+1"],"picked":"Backflip+1","floor":35.0},{"not_picked":["Bouncing Flask+1"],"picked":"Terror+1","floor":37.0},{"not_picked":["Underhanded Strike+1","Sucker Punch"],"picked":"SKIP","floor":41.0},{"not_picked":["Flying Knee","Cloak And Dagger+1"],"picked":"SKIP","floor":45.0},{"not_picked":["Deadly Poison+1"],"picked":"Malaise+1","floor":46.0},{"not_picked":["HandOfGreed"],"picked":"Deep Breath+1","floor":47.0},{"not_picked":["Transmutation+1"],"picked":"Finesse+1","floor":47.0},{"not_picked":["Mind Blast"],"picked":"Trip+1","floor":47.0},{"not_picked":["Flying Knee+1"],"picked":"Quick Slash","floor":49.0},{"not_picked":["Dagger Throw+1"],"picked":"PiercingWail+1","floor":52.0},{"not_picked":["Sucker Punch"],"picked":"Distraction+1","floor":54.0}],"player_experience":402991,"relics_obtained":[{"floor":6.0,"key":"Boot"},{"floor":9.0,"key":"Art of War"},{"floor":10.0,"key":"Centennial Puzzle"},{"floor":12.0,"key":"Orichalcum"},{"floor":23.0,"key":"Bronze Scales"},{"floor":25.0,"key":"Potion Belt"},{"floor":26.0,"key":"Question Card"},{"floor":30.0,"key":"Ginger"},{"floor":41.0,"key":"Omamori"},{"floor":43.0,"key":"PreservedInsect"},{"floor":54.0,"key":"War Paint"}],"event_choices":[{"cards_removed":["Strike_G"],"damage_healed":0.0,"max_hp_gain":0.0,"max_hp_loss":0.0,"gold_gain":0.0,"event_name":"Purifier","player_choice":"Purged","floor":7.0,"gold_loss":0.0,"damage_taken":0.0},{"cards_removed":["Strike_G"],"damage_healed":0.0,"max_hp_gain":0.0,"max_hp_loss":0.0,"gold_gain":0.0,"event_name":"The Cleric","player_choice":"Card Removal","floor":13.0,"gold_loss":50.0,"damage_taken":0.0},{"damage_healed":0.0,"max_hp_gain":0.0,"max_hp_loss":0.0,"gold_gain":0.0,"cards_transformed":["Defend_G","Strike_G"],"event_name":"Drug Dealer","player_choice":"Became Test Subject","floor":19.0,"gold_loss":0.0,"damage_taken":0.0,"cards_obtained":["PiercingWail","Tactician"]},{"damage_healed":0.0,"max_hp_gain":0.0,"max_hp_loss":0.0,"gold_gain":0.0,"event_name":"The Library","player_choice":"Read","floor":20.0,"gold_loss":0.0,"damage_taken":0.0,"cards_obtained":["Predator"]},{"damage_healed":0.0,"max_hp_gain":0.0,"max_hp_loss":0.0,"gold_gain":0.0,"event_name":"Masked Bandits","player_choice":"Paid Fearfully","floor":22.0,"gold_loss":1.0,"damage_taken":0.0},{"damage_healed":0.0,"max_hp_gain":0.0,"max_hp_loss":0.0,"gold_gain":99.0,"event_name":"Nest","player_choice":"Stole From Cult","floor":29.0,"gold_loss":0.0,"damage_taken":0.0},{"damage_healed":0.0,"max_hp_gain":0.0,"max_hp_loss":0.0,"gold_gain":0.0,"event_name":"Mysterious Sphere","player_choice":"Ignored","floor":36.0,"gold_loss":0.0,"damage_taken":0.0},{"damage_healed":0.0,"max_hp_gain":0.0,"max_hp_loss":0.0,"gold_gain":0.0,"event_name":"WeMeetAgain","player_choice":"Paid Gold","floor":39.0,"gold_loss":106.0,"damage_taken":0.0,"relics_obtained":["Dream Catcher"]},{"damage_healed":0.0,"max_hp_gain":0.0,"max_hp_loss":0.0,"gold_gain":0.0,"event_name":"SensoryStone","player_choice":"Memory 3","floor":47.0,"gold_loss":0.0,"damage_taken":10.0},{"cards_removed":["Neutralize"],"damage_healed":0.0,"max_hp_gain":0.0,"max_hp_loss":0.0,"gold_gain":0.0,"event_name":"Falling","player_choice":"Removed Attack","floor":48.0,"gold_loss":0.0,"damage_taken":0.0}],"is_beta":false,"boss_relics":[{"not_picked":["White Beast Statue","Velvet Choker"],"picked":"Cursed Key"},{"not_picked":["Fusion Hammer","Calling Bell"],"picked":"Busted Crown"}],"items_purged_floors":[2,14,38],"is_endless":false,"potions_floor_spawned":[4,5,6,12,23,25,31,37,54],"killed_by":"The Heart","ascension_level":10}