{"gold_per_floor":[110,125,125,136,4,4,68,68,95,140,166,178,200,228,240,326,338,363,388,400,429,127,127,153,163,163,163,163,12,12,12,12,83,83,101,101,114,132,156,156,170,170,170,3,18,18,33,51,51,51,51,51,1,29,29],"floor_reached":55,"playtime":11366,"items_purged":["Strike_R","Strike_R","Strike_R","Strike_R"],"score":1331,"play_id":"d0760009-92df-4d29-8b25-9b9196627090","local_time":"20190618143824","is_ascension_mode":true,"campfire_choices":[{"data":"Fiend Fire","floor":6.0,"key":"SMITH"},{"data":"Bash","floor":8.0,"key":"SMITH"},{"data":"Offering","floor":12.0,"key":"SMITH"},{"data":"Shockwave","floor":15.0,"key":"SMITH"},{"floor":23.0,"key":"REST"},{"data":"Disarm","floor":28.0,"key":"SMITH"},{"data":"Searing Blow","floor":32.0,"key":"SMITH"},{"data":"Armaments","floor":40.0,"key":"SMITH"},{"floor":42,"key":"RECALL"},{"data":"Dark Embrace","floor":46,"key":"SMITH"},{"data":"Disarm","floor":49,"key":"SMITH"},{"data":"Disarm","floor":52,"key":"SMITH"}],"neow_cost":"CURSE","seed_source_timestamp":479223607072484,"circlet_count":0,"master_deck":["AscendersBane","Defend_R","Defend_R","Defend_R","Defend_R","Bash+1","Anger","Fiend Fire+1","Searing Blow+1","Shrug It Off","Offering+1","Battle Trance","Shockwave+1","Rampage","Feed","Shrug It Off","Disarm+1","Armaments+1","Dark Embrace+1","Disarm+1","Disarm+1","Feel No Pain","Disarm+1"],"special_seed":0,"relics":["Burning Blood","Mango","Tiny Chest","MawBank","Omamori","Velvet Choker","Necronomicon","Anchor","Letter Opener","Sundial","Runic Pyramid","Bag of Marbles","Smiling Mask","Mummified Hand","Bronze Scales","Shuriken"],"potions_floor_usage":[55,55],"damage_taken":[{"damage":9.0,"enemies":"Cultist","floor":1.0,"turns":4.0},{"damage":8.0,"enemies":"Jaw Worm","floor":2.0,"turns":4.0},{"damage":1.0,"enemies":"2 Louse","floor":4.0,"turns":2.0},{"damage":22.0,"enemies":"3 Sentries","floor":7.0,"turns":9.0},{"damage":33.0,"enemies":"Gremlin Nob","floor":10.0,"turns":4.0},{"damage":7.0,"enemies":"Exordium Wildlife","floor":11.0,"turns":3.0},{"damage":6.0,"enemies":"2 Fungi Beasts","floor":13.0,"turns":2.0},{"damage":2.0,"enemies":"Looter","floor":14.0,"turns":3.0},{"damage":27.0,"enemies":"Hexaghost","floor":16.0,"turns":5.0},{"damage":12.0,"enemies":"3 Byrds","floor":18.0,"turns":6.0},{"damage":36.0,"enemies":"Shell Parasite","floor":19.0,"turns":5.0},{"damage":12.0,"enemies":"Cultist and Chosen","floor":21.0,"turns":5.0},{"damage":6.0,"enemies":"Chosen and Byrds","floor":25.0,"turns":5.0},{"damage":40.0,"enemies":"Champ","floor":33.0,"turns":9.0},{"damage":2.0,"enemies":"3 Shapes","floor":35.0,"turns":8.0},{"damage":15.0,"enemies":"3 Darklings","floor":37.0,"turns":4.0},{"damage":7.0,"enemies":"Maw","floor":38.0,"turns":7.0},{"damage":2,"enemies":"Writhing Mass","floor":41,"turns":7},{"damage":10,"enemies":"Sphere and 2 Shapes","floor":45,"turns":4},{"damage":12,"enemies":"Maw","floor":47,"turns":7},{"damage":6,"enemies":"Spire Growth","floor":48,"turns":3},{"damage":6,"enemies":"Time Eater","floor":50,"turns":11},{"damage":56,"enemies":"Shield and Spear","floor":54,"turns":9},{"damage":54,"enemies":"The Heart","floor":55,"turns":8}],"seed_played":"-7831229021270880381","potions_obtained":[{"floor":4.0,"key":"Ancient Potion"},{"floor":10.0,"key":"BloodPotion"},{"floor":11.0,"key":"SteroidPotion"},{"floor":18.0,"key":"Energy Potion"},{"floor":21.0,"key":"EssenceOfSteel"},{"floor":33.0,"key":"SpeedPotion"}],"is_trial":false,"path_per_floor":["M","M","?","M","$","R","E","R","T","E","M","R","M","M","R","B",null,"M","M","?","M","$","R","T","M","T","?","R","$","T","?","R","B",null,"M","T","M","M","T","R","M","R","T","$","M","R","M","M","R","B",null,"R","$","E","B"],"character_chosen":"IRONCLAD","items_purchased":["Shrug It Off","Anchor","Shrug It Off","Armaments","Bronze Scales"],"campfire_rested":1,"item_purchase_floors":[5,22,22,29,44],"current_hp_per_floor":[79,77,70,75,75,75,59,59,59,32,31,31,39,43,43,22,72,66,39,18,15,15,43,43,43,43,43,43,43,43,43,43,9,74,82,82,73,72,72,72,76,76,76,76,76,76,74,74,74,74,99,99,99,53,0],"gold":29,"neow_bonus":"ONE_RARE_RELIC","is_prod":false,"is_daily":false,"chose_seed":false,"campfire_upgraded":10,"win_rate":0,"timestamp":1560883104,"path_taken":["M","?","?","M","$","R","E","R","T","E","M","R","M","M","R","BOSS","M","M","?","M","$","R","?","M","T","?","R","$","?","?","R","BOSS","M","?","?","M","?","R","M","R","T","$","?","R","?","M","R","BOSS","R","$","E","BOSS"],"build_version":"2019-01-23","purchased_purges":4,"victory":false,"max_hp_per_floor":[89,89,89,89,89,89,89,89,89,89,89,89,89,89,89,89,89,89,92,92,95,95,95,95,95,95,95,95,95,95,95,95,95,95,99,99,99,99,99,99,99,99,99,99,103,103,107,107,107,107,107,107,107,111,111],"card_choices":[{"not_picked":["Warcry","Cleave"],"picked":"Anger","floor":1.0},{"not_picked":["Twin Strike","Combust"],"picked":"Fiend Fire","floor":2.0},{"not_picked":["Perfected Strike","Clash"],"picked":"Searing Blow","floor":4.0},{"not_picked":["Havoc","Combust"],"picked":"Offering","floor":7.0},{"not_picked":["Ghostly Armor","Blood for Blood"],"picked":"Battle Trance","floor":10.0},{"not_picked":["Sever Soul","Thunderclap","Second Wind"],"picked":"SKIP","floor":11.0},{"not_picked":["Sentinel","Havoc"],"picked":"Shockwave","floor":13.0},{"not_picked":["Dropkick","Rage"],"picked":"Rampage","floor":14.0},{"not_picked":["Impervious","Bludgeon"],"picked":"Feed","floor":16.0},{"not_picked":["Havoc","Power Through","Pommel Strike"],"picked":"SKIP","floor":18.0},{"not_picked":["Cleave","Heavy Blade","Anger"],"picked":"SKIP","floor":19.0},{"not_picked":["Warcry","Perfected Strike","Iron Wave+1"],"picked":"SKIP","floor":21.0},{"not_picked":["Double Tap","Sword Boomerang","Shockwave"],"picked":"SKIP","floor":25.0},{"not_picked":["Limit Break","Brutality"],"picked":"Dark Embrace","floor":33.0},{"not_picked":["Pommel Strike","Sword Boomerang"],"picked":"Disarm","floor":35.0},{"not_picked":["Anger","Pommel Strike","Heavy Blade"],"picked":"SKIP","floor":37.0},{"not_picked":["Hemokinesis","Warcry"],"picked":"Disarm","floor":38.0},{"not_picked":["Twin Strike+1","Sword Boomerang"],"picked":"Feel No Pain","floor":41},{"not_picked":["Metallicize","Heavy Blade","Armaments"],"picked":"SKIP","floor":45},{"not_picked":["Shockwave","Metallicize"],"picked":"Disarm+1","floor":47},{"not_picked":["Seeing Red","Perfected Strike","Anger"],"picked":"SKIP","floor":48},{"not_picked":["Whirlwind","Carnage","Fire Breathing"],"picked":"SKIP","floor":54}],"player_experience":2290861,"relics_obtained":[{"floor":7.0,"key":"Tiny Chest"},{"floor":9.0,"key":"MawBank"},{"floor":10.0,"key":"Omamori"},{"floor":20.0,"key":"Necronomicon"},{"floor":26.0,"key":"Letter Opener"},{"floor":30.0,"key":"Sundial"},{"floor":36.0,"key":"Bag of Marbles"},{"floor":39.0,"key":"Smiling Mask"},{"floor":43,"key":"Mummified Hand"},{"floor":54,"key":"Shuriken"}],"event_choices":[{"cards_removed":["Regret"],"damage_healed":0.0,"max_hp_gain":0.0,"max_hp_loss":0.0,"gold_gain":0.0,"event_name":"Golden Wing","player_choice":"Card Removal","floor":3.0,"gold_loss":0.0,"damage_taken":7.0},{"damage_healed":0.0,"max_hp_gain":0.0,"max_hp_loss":0.0,"gold_gain":0.0,"event_name":"Cursed Tome","player_choice":"Obtained Book","floor":20.0,"gold_loss":0.0,"damage_taken":21.0},{"damage_healed":0.0,"max_hp_gain":0.0,"max_hp_loss":0.0,"gold_gain":0.0,"event_name":"The Library","player_choice":"Read","floor":27.0,"gold_loss":0.0,"damage_taken":0.0,"cards_obtained":["Disarm"]},{"cards_removed":["Strike_R"],"damage_healed":0.0,"max_hp_gain":0.0,"max_hp_loss":0.0,"gold_gain":0.0,"event_name":"Bonfire Elementals","player_choice":"Offered Basic","floor":31.0,"gold_loss":0.0,"damage_taken":0.0}],"is_beta":false,"boss_relics":[{"not_picked":["Snecko Eye","Lizard Tail"],"picked":"Velvet Choker"},{"not_picked":["Mark of Pain","Astrolabe"],"picked":"Runic Pyramid"}],"items_purged_floors":[5,22,29,53],"is_endless":false,"potions_floor_spawned":[4,10,11,18,21,33,35,41,45,48],"killed_by":"The Heart","ascension_level":17}