{"gold_per_floor":[109,59,59,32,32,32,64,76,123,140,140,50,62,82,82,82],"floor_reached":16,"playtime":565,"items_purged":[],"score":170,"play_id":"2169a999-b4bf-4839-9581-fc6095f580de","local_time":"20190227213708","is_ascension_mode":true,"campfire_choices":[{"data":"Neutralize","floor":6.0,"key":"SMITH"},{"floor":11,"key":"REST"},{"floor":15,"key":"REST"}],"neow_cost":"NONE","seed_source_timestamp":0,"circlet_count":0,"master_deck":["AscendersBane","Defend_G","Defend_G","Defend_G","Defend_G","Strike_G","Strike_G","Strike_G","Survivor","Neutralize+1","Corpse Explosion","Blur","Dagger Spray","PiercingWail","Tactician","Terror","Reflex","Deadly Poison","Prepared","Flying Knee"],"special_seed":0,"relics":["Ring of the Snake","Omamori","Happy Flower"],"potions_floor_usage":[7],"damage_taken":[{"damage":1.0,"enemies":"Small Slimes","floor":1.0,"turns":4.0},{"damage":36,"enemies":"Gremlin Nob","floor":7,"turns":6},{"damage":1,"enemies":"Jaw Worm","floor":8,"turns":4},{"damage":2,"enemies":"2 Louse","floor":10,"turns":3},{"damage":22,"enemies":"Large Slime","floor":13,"turns":7},{"damage":0,"enemies":"Lots of Slimes","floor":14,"turns":2},{"damage":38,"enemies":"The Guardian","floor":16,"turns":9}],"seed_played":"8851263196785403871","potions_obtained":[{"floor":1.0,"key":"Ancient Potion"},{"floor":8,"key":"Energy Potion"},{"floor":13,"key":"SteroidPotion"}],"is_trial":false,"path_per_floor":["M","?","?","$","?","R","E","M","T","M","R","$","M","M","R","B"],"character_chosen":"THE_SILENT","items_purchased":["Dagger Spray","Reflex","Deadly Poison"],"campfire_rested":2,"item_purchase_floors":[4,12,12],"current_hp_per_floor":[58,58,51,51,56,56,20,19,19,17,38,38,16,16,37,0],"gold":82,"neow_bonus":"TRANSFORM_CARD","is_prod":false,"is_daily":false,"chose_seed":false,"campfire_upgraded":1,"win_rate":0,"timestamp":1551271028,"path_taken":["M","?","?","$","?","R","E","M","T","M","R","$","M","M","R","BOSS"],"build_version":"2019-01-23","purchased_purges":0,"victory":false,"max_hp_per_floor":[66,66,66,66,71,71,71,71,71,71,71,71,71,71,71,71],"card_choices":[{"not_picked":["Dodge and Roll","Choke"],"picked":"Blur","floor":1.0},{"not_picked":["A Thousand Cuts","Acrobatics"],"picked":"PiercingWail","floor":7},{"not_picked":["Skewer","Caltrops"],"picked":"Tactician","floor":8},{"not_picked":["Caltrops","Blade Dance"],"picked":"Terror","floor":10},{"not_picked":["Sucker Punch","Phantasmal Killer"],"picked":"Prepared","floor":13},{"not_picked":["Blade Dance","Deflect"],"picked":"Flying Knee","floor":14}],"player_experience":421518,"relics_obtained":[{"floor":7,"key":"Omamori"},{"floor":9,"key":"Happy Flower"}],"event_choices":[{"cards_removed":["Strike_G"],"damage_healed":0.0,"max_hp_gain":0.0,"max_hp_loss":0.0,"gold_gain":0.0,"event_name":"The Cleric","player_choice":"Card Removal","floor":2.0,"gold_loss":50.0,"damage_taken":0.0},{"cards_removed":["Defend_G"],"damage_healed":0.0,"max_hp_gain":0.0,"max_hp_loss":0.0,"gold_gain":0.0,"event_name":"Golden Wing","player_choice":"Card Removal","floor":3.0,"gold_loss":0.0,"damage_taken":7.0},{"damage_healed":0.0,"max_hp_gain":5.0,"max_hp_loss":0.0,"gold_gain":0.0,"event_name":"Big Fish","player_choice":"Donut","floor":5.0,"gold_loss":0.0,"damage_taken":0.0}],"is_beta":false,"boss_relics":[],"items_purged_floors":[],"is_endless":false,"potions_floor_spawned":[1,8,13],"killed_by":"The Guardian","ascension_level":14}