{"gold_per_floor":[116,116,133,62,78,78,96,96,123,123,123,123,140,150,150,251,251,264,264,71,146,0,0,17,17,89,102,118,129,140,56,56,56],"floor_reached":33,"playtime":3056,"items_purged":[],"score":239,"play_id":"8017adef-a772-42e0-ba0f-0eb01db03009","local_time":"20190124011125","is_ascension_mode":false,"campfire_choices":[{"data":"Neutralize","floor":6,"key":"SMITH"},{"data":"Bouncing Flask","floor":8,"key":"SMITH"},{"data":"Outmaneuver","floor":10,"key":"SMITH"},{"data":"Endless Agony","floor":12,"key":"SMITH"},{"data":"Deflect","floor":15,"key":"SMITH"},{"data":"Catalyst","floor":23,"key":"SMITH"},{"data":"Blade Dance","floor":25,"key":"SMITH"},{"floor":32,"key":"REST"}],"neow_cost":"TEN_PERCENT_HP_LOSS","seed_source_timestamp":21782414116456,"circlet_count":0,"master_deck":["Defend_G","Defend_G","Defend_G","Defend_G","Strike_G","Strike_G","Strike_G","Strike_G","Survivor","Neutralize+1","Flechettes","Dagger Throw","Endless Agony+1","Escape Plan","Catalyst+1","Outmaneuver+1","Bouncing Flask+1","Blade Dance+1","Deflect+1","Corpse Explosion","Slice+1","Clumsy","Well Laid Plans","After Image","PiercingWail+1","Dodge and Roll+1","Slice","Noxious Fumes","Deflect","Skewer","Deflect"],"relics":["Ring of the Snake","WarpedTongs","Pen Nib","WristBlade","OrangePellets","Darkstone Periapt","Bottled Flame"],"potions_floor_usage":[16,27,33],"damage_taken":[{"damage":0,"enemies":"Jaw Worm","floor":1,"turns":4},{"damage":1,"enemies":"Cultist","floor":3,"turns":3},{"damage":3,"enemies":"Small Slimes","floor":5,"turns":3},{"damage":18,"enemies":"Exordium Thugs","floor":7,"turns":7},{"damage":0,"enemies":"Red Slaver","floor":13,"turns":2},{"damage":1,"enemies":"2 Fungi Beasts","floor":14,"turns":2},{"damage":5,"enemies":"The Guardian","floor":16,"turns":8},{"damage":2,"enemies":"Chosen","floor":18,"turns":3},{"damage":0,"enemies":"3 Byrds","floor":24,"turns":6},{"damage":26,"enemies":"Centurion and Healer","floor":27,"turns":3},{"damage":11,"enemies":"Cultist and Chosen","floor":28,"turns":5},{"damage":9,"enemies":"Sentry and Sphere","floor":29,"turns":5},{"damage":0,"enemies":"Chosen and Byrds","floor":30,"turns":4},{"damage":37,"enemies":"Automaton","floor":33,"turns":4}],"seed_played":"7159426331529341543","potions_obtained":[{"floor":5,"key":"SpeedPotion"},{"floor":13,"key":"GamblersBrew"},{"floor":14,"key":"Block Potion"},{"floor":16,"key":"SkillPotion"},{"floor":24,"key":"Strength Potion"},{"floor":30,"key":"SpeedPotion"}],"is_trial":false,"path_per_floor":["M","?","M","$","M","R","M","R","T","R","?","R","M","M","R","B",null,"M","?","$","T","?","R","M","R","T","M","M","M","M","$","R","B"],"character_chosen":"THE_SILENT","items_purchased":["Catalyst","OrangePellets","Skewer","Deflect"],"campfire_rested":1,"item_purchase_floors":[4,20,31,31],"current_hp_per_floor":[63,63,62,62,59,59,41,41,41,41,34,34,34,33,33,28,63,61,61,61,61,61,61,61,61,61,35,24,15,15,15,33,0],"gold":56,"neow_bonus":"TRANSFORM_TWO_CARDS","is_prod":false,"is_daily":false,"chose_seed":false,"campfire_upgraded":7,"win_rate":0.0,"timestamp":1548259885,"path_taken":["M","?","M","$","M","R","?","R","T","R","?","R","M","M","R","BOSS","M","?","?","?","?","R","M","R","T","M","?","M","M","?","R","BOSS"],"build_version":"2019-01-17v2","purchased_purges":0,"victory":false,"max_hp_per_floor":[63,63,63,63,63,63,63,63,63,63,63,63,63,63,63,63,63,63,63,63,63,63,63,63,63,63,63,63,63,63,63,63,63],"card_choices":[{"not_picked":["Flying Knee","Calculated Gamble"],"picked":"Endless Agony","floor":1},{"not_picked":["Acrobatics","Slice"],"picked":"Escape Plan","floor":3},{"not_picked":["PiercingWail","Prepared"],"picked":"Outmaneuver","floor":5},{"not_picked":["Bane","Skewer"],"picked":"Bouncing Flask","floor":7},{"not_picked":["Flying Knee","Outmaneuver"],"picked":"Blade Dance","floor":13},{"not_picked":["Quick Slash","Endless Agony"],"picked":"Deflect","floor":14},{"not_picked":["Wraith Form v2","Die Die Die"],"picked":"Corpse Explosion","floor":16},{"not_picked":["Dodge and Roll","Deflect"],"picked":"Slice+1","floor":18},{"not_picked":["Dodge and Roll","Backflip"],"picked":"PiercingWail+1","floor":24},{"not_picked":["Slice","Terror"],"picked":"Dodge and Roll+1","floor":27},{"not_picked":["Envenom","Flying Knee"],"picked":"Slice","floor":28},{"not_picked":["Outmaneuver+1","Quick Slash"],"picked":"Noxious Fumes","floor":29},{"not_picked":["Sucker Punch","Tactician"],"picked":"Deflect","floor":30}],"player_experience":34436,"relics_obtained":[{"floor":9,"key":"Pen Nib"},{"floor":21,"key":"Darkstone Periapt"},{"floor":26,"key":"Bottled Flame"}],"event_choices":[{"damage_healed":0,"gold_gain":0,"player_choice":"Rummage","damage_taken":0,"relics_obtained":["WarpedTongs"],"max_hp_gain":0,"max_hp_loss":0,"event_name":"Accursed Blacksmith","floor":2,"gold_loss":0,"cards_obtained":["Pain"]},{"cards_removed":["Pain"],"damage_healed":0,"gold_gain":0,"player_choice":"Card Removal","damage_taken":7,"max_hp_gain":0,"max_hp_loss":0,"event_name":"Golden Wing","floor":11,"gold_loss":0},{"damage_healed":0,"gold_gain":0,"player_choice":"3 cards matched","damage_taken":0,"max_hp_gain":0,"max_hp_loss":0,"event_name":"Match and Keep!","floor":19,"gold_loss":0,"cards_obtained":["Clumsy","Well Laid Plans","After Image"]},{"damage_healed":0,"gold_gain":0,"player_choice":"Paid Fearfully","damage_taken":0,"max_hp_gain":0,"max_hp_loss":0,"event_name":"Masked Bandits","floor":22,"gold_loss":146}],"is_beta":false,"boss_relics":[{"not_picked":["White Beast Statue","Runic Dome"],"picked":"WristBlade"}],"items_purged_floors":[],"is_endless":false,"potions_floor_spawned":[5,13,14,16,24,30],"killed_by":"Automaton","ascension_level":0}