{"path_per_floor":["M","M","?","?","?","R","E","R","T","R","M","M","R","M","R","B",null,"M","?","?","$","?","R","E","?","T","M","M","M","$","M","R","B",null,"M","?","?","M","$","E","M","M","T","M","M","M","E","?","R","B"],"character_chosen":"THE_SILENT","items_purchased":["Toolbox","Prepared","Accuracy","Snake Skull","Noxious Fumes","Matryoshka"],"gold_per_floor":[118,133,133,208,208,208,241,241,321,321,341,360,360,380,380,508,546,567,567,567,184,184,184,223,223,223,239,255,270,96,120,120,249,249,263,596,596,606,12,45,63,77,377,392,410,420,453,508,508,508],"floor_reached":51,"campfire_rested":2,"playtime":5886,"current_hp_per_floor":[70,70,63,52,52,52,35,54,54,54,54,53,53,52,52,35,70,70,70,70,70,70,70,70,54,68,63,63,63,63,63,63,63,84,78,78,70,70,70,62,60,59,59,59,55,41,36,36,76,38],"items_purged":["Defend_G","Defend_G","Bullet Time"],"gold":508,"score":655,"play_id":"4fc13dea-fbf8-40ec-895a-a7bdf5844686","is_prod":false,"is_daily":false,"is_ascension_mode":false,"campfire_upgraded":6,"path_taken":["M","M","?","?","?","R","E","R","T","R","M","M","R","?","R","BOSS","M","?","?","$","?","R","E","?","T","M","M","M","$","M","R","BOSS","M","?","?","M","$","E","M","M","T","M","M","M","E","?","R","BOSS"],"build_version":"2018-02-15-PROD1","purchased_purges":3,"victory":true,"master_deck":["Defend_G+1","Defend_G+1","Strike_G+1","Survivor+1","Neutralize+1","Noxious Fumes+1","Dodge and Roll+1","Escape Plan","Cloak And Dagger+1","Backflip+1","After Image+1","Infinite Blades","Prepared","Endless Agony","Dodge and Roll+1","Cloak And Dagger+1","Slice+1","Accuracy","Prepared+1","Predator+1","Outmaneuver+1","Well Laid Plans","Noxious Fumes","Dodge and Roll+1","Cloak And Dagger","Prepared+1","Doppelganger","Cloak And Dagger+1"],"max_hp_per_floor":[70,70,70,70,65,65,65,65,65,65,65,65,65,65,65,65,70,70,70,70,70,70,70,70,70,84,84,84,84,84,84,84,84,84,84,84,84,84,84,84,84,84,84,84,84,84,84,84,84,84],"relics":["Ring of the Snake","Mercury Hourglass","Kunai","Tiny House","Toolbox","Shuriken","Enchiridion","Mango","Astrolabe","Snake Skull","Matryoshka","Regal Pillow","Orichalcum","Old Coin","Thread and Needle","Sundial"],"card_choices":[{"not_picked":["Sucker Punch","PiercingWail"],"picked":"Noxious Fumes"},{"not_picked":["Sucker Punch","Leg Sweep"],"picked":"Dodge and Roll"},{"not_picked":["Outmaneuver","Well Laid Plans"],"picked":"Escape Plan"},{"not_picked":["Dodge and Roll","PiercingWail"],"picked":"Cloak And Dagger"},{"not_picked":["Slice","Deflect"],"picked":"Backflip"},{"not_picked":["Wraith Form","A Thousand Cuts"],"picked":"After Image"},{"not_picked":["Predator","Sucker Punch"],"picked":"Endless Agony"},{"not_picked":["Calculated Gamble","PiercingWail"],"picked":"Dodge and Roll"},{"not_picked":["Deflect","Skewer"],"picked":"Cloak And Dagger"},{"not_picked":["Flying Knee","Bane"],"picked":"Slice"},{"not_picked":["Phantasmal Killer","Deflect"],"picked":"Prepared"},{"not_picked":["Dagger Spray","Underhanded Strike"],"picked":"Well Laid Plans"},{"not_picked":["Well Laid Plans","Die Die Die"],"picked":"Dodge and Roll"},{"not_picked":["Distraction","Deflect"],"picked":"Cloak And Dagger"},{"not_picked":["Outmaneuver","Dash"],"picked":"Prepared"},{"not_picked":["Prepared","Poisoned Stab"],"picked":"Doppelganger"},{"not_picked":["Flying Knee","Slice"],"picked":"Cloak And Dagger"}],"player_experience":58531,"potions_floor_usage":[40,40,44,47,48,48,50],"damage_taken":[{"damage":0.0,"enemies":"Jaw Worm","floor":1.0,"turns":5.0},{"damage":0.0,"enemies":"Small Slimes","floor":2.0,"turns":3.0},{"damage":17.0,"enemies":"3 Sentries","floor":7.0,"turns":9.0},{"damage":0.0,"enemies":"Cultist","floor":11.0,"turns":4.0},{"damage":1.0,"enemies":"Large Slime","floor":12.0,"turns":5.0},{"damage":1.0,"enemies":"Exordium Wildlife","floor":14.0,"turns":3.0},{"damage":32.0,"enemies":"Hexaghost","floor":16.0,"turns":12.0},{"damage":0.0,"enemies":"Shell Parasite","floor":18.0,"turns":6.0},{"damage":0,"enemies":"Book of Stabbing","floor":24,"turns":8},{"damage":5,"enemies":"3 Byrds","floor":27,"turns":3},{"damage":0,"enemies":"3 Cultists","floor":28,"turns":4},{"damage":0,"enemies":"Snake Plant","floor":29,"turns":5},{"damage":0,"enemies":"Centurion and Healer","floor":31,"turns":6},{"damage":0,"enemies":"Automaton","floor":33,"turns":7},{"damage":6,"enemies":"Orb Walker","floor":35,"turns":4},{"damage":0,"enemies":"3 Shapes","floor":38,"turns":3},{"damage":8,"enemies":"2 Orb Walkers","floor":40,"turns":6},{"damage":2,"enemies":"Sphere and 2 Shapes","floor":41,"turns":5},{"damage":1,"enemies":"4 Shapes","floor":42,"turns":5},{"damage":0,"enemies":"Maw","floor":44,"turns":8},{"damage":4,"enemies":"Sphere and 2 Shapes","floor":45,"turns":6},{"damage":14,"enemies":"3 Darklings","floor":46,"turns":4},{"damage":5,"enemies":"Nemesis","floor":47,"turns":7},{"damage":0,"enemies":"Mysterious Sphere","floor":48,"turns":5},{"damage":38,"enemies":"Donu and Deca","floor":50,"turns":11}],"event_choices":[{"event_name":"Golden Wing","player_choice":"Card Removal","floor":3.0,"damage_taken":0.0},{"event_name":"World of Goop","player_choice":"Gather Gold","floor":4.0,"damage_taken":0.0},{"event_name":"Golden Idol","player_choice":"Lose Max HP","floor":5.0,"damage_taken":0.0},{"event_name":"The Library","player_choice":"Read","floor":19,"damage_taken":0},{"event_name":"Back to Basics","player_choice":"Simplicity","floor":20,"damage_taken":0},{"event_name":"Bonfire Elementals","player_choice":"BASIC","floor":22,"damage_taken":0},{"event_name":"Cursed Tome","player_choice":"Obtained Book","floor":25,"damage_taken":0},{"event_name":"The Moai Head","player_choice":"Gave Idol","floor":36,"damage_taken":0},{"event_name":"Wheel of Change","player_choice":"Damage","floor":37,"damage_taken":0},{"event_name":"Mysterious Sphere","player_choice":"Fight","floor":48,"damage_taken":0}],"boss_relics":[{"not_picked":["Cursed Key","Runic Pyramid"],"picked":"Astrolabe"}],"potions_floor_spawned":[2,14,18,28,29,35,42,44,45,47],"seed_played":"2946733582362638322","ascension_level":0,"is_trial":false}