{"gold_per_floor":[114,289,289,309,323,323,339,353,353,371,381,392,392],"floor_reached":13,"playtime":374,"items_purged":[],"score":81,"play_id":"1089427a-2c99-4157-8111-37550f9a901c","local_time":"20181203224323","is_ascension_mode":false,"campfire_choices":[{"data":"Zap","floor":6,"key":"SMITH"}],"neow_cost":"NONE","seed_source_timestamp":265127995032432,"circlet_count":0,"master_deck":["Strike_B","Strike_B","Strike_B","Strike_B","Defend_B","Defend_B","Defend_B","Zap+1","Dualcast","Sweeping Beam","Double Energy","Hologram","Redo","Static Discharge"],"relics":["Cracked Core","Bottled Lightning"],"potions_floor_usage":[10,12,13],"damage_taken":[{"damage":0,"enemies":"Small Slimes","floor":1,"turns":3},{"damage":10,"enemies":"2 Louse","floor":4,"turns":3},{"damage":6,"enemies":"Cultist","floor":5,"turns":3},{"damage":13,"enemies":"Large Slime","floor":7,"turns":5},{"damage":13,"enemies":"Lots of Slimes","floor":8,"turns":3},{"damage":7,"enemies":"3 Louse","floor":10,"turns":2},{"damage":10,"enemies":"2 Fungi Beasts","floor":11,"turns":3},{"damage":11,"enemies":"Exordium Wildlife","floor":12,"turns":4},{"damage":11,"enemies":"Large Slime","floor":13,"turns":1}],"seed_played":"1906771668879915716","potions_obtained":[{"floor":7,"key":"SteroidPotion"},{"floor":11,"key":"Dexterity Potion"},{"floor":12,"key":"Regen Potion"}],"is_trial":false,"path_per_floor":["M","?","?","M","M","R","M","M","T","M","M","M","M"],"character_chosen":"DEFECT","items_purchased":[],"campfire_rested":0,"item_purchase_floors":[],"current_hp_per_floor":[75,75,75,65,59,59,46,33,33,26,16,5,0],"gold":392,"neow_bonus":"REMOVE_CARD","is_prod":false,"is_daily":false,"chose_seed":false,"campfire_upgraded":1,"win_rate":0,"timestamp":1543905803,"path_taken":["M","?","?","?","M","R","M","M","T","M","M","M","M"],"build_version":"2018-11-15","purchased_purges":0,"victory":false,"max_hp_per_floor":[75,75,75,75,75,75,75,75,75,75,75,75,75],"card_choices":[{"not_picked":["Go for the Eyes","Leap","White Noise"],"picked":"SKIP","floor":1},{"not_picked":["Compile Driver","Coolheaded"],"picked":"Sweeping Beam","floor":4},{"not_picked":["Cold Snap","Heatsinks","Meteor Strike"],"picked":"SKIP","floor":5},{"not_picked":["Steam","Sweeping Beam"],"picked":"Double Energy","floor":7},{"not_picked":["Barrage","Gash"],"picked":"Hologram","floor":8},{"not_picked":["Turbo","Undo"],"picked":"Redo","floor":10},{"not_picked":["Consume","Cold Snap"],"picked":"Static Discharge","floor":11},{"not_picked":["Steam","Steam Power","Go for the Eyes"],"picked":"SKIP","floor":12}],"player_experience":106034,"relics_obtained":[{"floor":9,"key":"Bottled Lightning"}],"event_choices":[{"damage_healed":0,"gold_gain":175,"player_choice":"AGREE","damage_taken":0,"max_hp_gain":0,"max_hp_loss":0,"event_name":"Liars Game","floor":2,"gold_loss":0,"cards_obtained":["Doubt"]},{"cards_removed":["Doubt"],"damage_healed":0,"gold_gain":0,"player_choice":"Removed Curses","damage_taken":0,"max_hp_gain":0,"max_hp_loss":0,"event_name":"Fountain of Cleansing","floor":3,"gold_loss":0}],"is_beta":false,"boss_relics":[],"items_purged_floors":[],"is_endless":false,"potions_floor_spawned":[7,11,12],"killed_by":"Large Slime","ascension_level":0}