{"gold_per_floor":[114,134,151,221,221,221,146,321,348,348,348,361,372,385,385,481,481,492,492,492,186,167,180,55,55,55,65,65,65,81,93,93,188,188,205,205,215,65,78,112,112,112,112,122,136,136,156,166,166,166],"floor_reached":51,"playtime":2085,"items_purged":["Defend_B","Strike_B","Strike_B","FTL"],"score":848,"play_id":"ecb5dda9-bb53-486a-a12a-a0f3437a5c44","local_time":"20190223110232","is_ascension_mode":false,"campfire_choices":[{"data":"Coolheaded","floor":6,"key":"SMITH"},{"data":"Gash","floor":11,"key":"SMITH"},{"data":"Gash","floor":15,"key":"SMITH"},{"data":"Defend_B","floor":32,"key":"SMITH"},{"data":"Defend_B","floor":42,"key":"SMITH"},{"floor":49,"key":"REST"}],"neow_cost":"NONE","seed_source_timestamp":235363033961836,"circlet_count":0,"master_deck":["Defend_B+1","Defend_B+1","Gash+1","Coolheaded+1","Gash+1"],"relics":["FrozenCore","DataDisk","Pantograph","Pen Nib","Omamori","Art of War","TheAbacus","Singing Bowl","Empty Cage","Whetstone","Centennial Puzzle","Juzu Bracelet"],"potions_floor_usage":[16,22,22,40,50,50],"damage_taken":[{"damage":0,"enemies":"Cultist","floor":1,"turns":3},{"damage":0,"enemies":"Small Slimes","floor":2,"turns":2},{"damage":1,"enemies":"Jaw Worm","floor":3,"turns":3},{"damage":8,"enemies":"Red Slaver","floor":12,"turns":3},{"damage":12,"enemies":"3 Louse","floor":13,"turns":4},{"damage":3,"enemies":"Exordium Thugs","floor":14,"turns":5},{"damage":22,"enemies":"Hexaghost","floor":16,"turns":8},{"damage":10,"enemies":"Shell Parasite","floor":18,"turns":7},{"damage":0,"enemies":"2 Thieves","floor":22,"turns":4},{"damage":5,"enemies":"Snecko","floor":23,"turns":6},{"damage":0,"enemies":"Cultist and Chosen","floor":27,"turns":6},{"damage":9,"enemies":"Centurion and Healer","floor":30,"turns":6},{"damage":2,"enemies":"Chosen and Byrds","floor":31,"turns":6},{"damage":16,"enemies":"Champ","floor":33,"turns":7},{"damage":7,"enemies":"3 Darklings","floor":35,"turns":5},{"damage":0,"enemies":"Orb Walker","floor":37,"turns":3},{"damage":0,"enemies":"Writhing Mass","floor":39,"turns":5},{"damage":0,"enemies":"Reptomancer","floor":40,"turns":4},{"damage":2,"enemies":"Jaw Worm Horde","floor":44,"turns":3},{"damage":0,"enemies":"4 Shapes","floor":45,"turns":4},{"damage":0,"enemies":"Sphere and 2 Shapes","floor":47,"turns":4},{"damage":0,"enemies":"3 Darklings","floor":48,"turns":3},{"damage":0,"enemies":"Donu and Deca","floor":50,"turns":7}],"seed_played":"6378654937303371859","potions_obtained":[{"floor":1,"key":"LiquidBronze"},{"floor":2,"key":"FearPotion"},{"floor":12,"key":"Poison Potion"},{"floor":16,"key":"Explosive Potion"},{"floor":27,"key":"Fire Potion"},{"floor":31,"key":"LiquidBronze"},{"floor":33,"key":"SteroidPotion"},{"floor":41,"key":"EssenceOfSteel"},{"floor":44,"key":"Strength Potion"}],"is_trial":false,"path_per_floor":["M","M","M","T","?","R","$","?","T","?","R","M","M","M","R","B",null,"M","?","?","$","M","M","$","?","T","M","?","?","M","M","R","B",null,"M","?","M","$","M","E","?","R","T","M","M","T","M","M","R","B",null],"character_chosen":"DEFECT","items_purchased":["TheAbacus"],"campfire_rested":1,"item_purchase_floors":[21],"current_hp_per_floor":[75,75,74,74,56,56,56,56,56,49,49,41,29,26,26,29,75,65,65,75,75,75,70,70,70,70,72,72,72,65,65,65,67,83,78,78,80,80,82,84,84,84,84,84,86,86,88,90,99,99],"gold":166,"neow_bonus":"RANDOM_COMMON_RELIC","is_prod":false,"is_daily":false,"chose_seed":false,"campfire_upgraded":5,"win_rate":0,"timestamp":1550948552,"path_taken":["M","M","M","?","?","R","$","?","T","?","R","M","M","?","R","BOSS","M","?","?","$","M","?","$","?","T","M","?","?","?","M","R","BOSS","M","?","M","$","M","E","?","R","T","M","?","?","M","M","R","BOSS"],"build_version":"2019-01-23","purchased_purges":4,"victory":true,"max_hp_per_floor":[75,75,75,75,75,75,75,75,75,75,75,75,75,75,75,75,75,75,75,75,75,75,75,75,75,75,77,77,77,79,81,81,83,83,85,85,87,87,89,91,91,91,91,93,95,95,97,99,99,99],"card_choices":[{"not_picked":["Defragment","Rebound","Loop"],"picked":"SKIP","floor":1},{"not_picked":["Loop","Conserve Battery"],"picked":"Gash","floor":2},{"not_picked":["Barrage","Turbo"],"picked":"Coolheaded","floor":3},{"not_picked":["Chaos","Turbo","Go for the Eyes"],"picked":"SKIP","floor":12},{"not_picked":["Hologram","Melter","BootSequence"],"picked":"SKIP","floor":13},{"not_picked":["Coolheaded","Conserve Battery"],"picked":"Gash","floor":14},{"not_picked":["Undo","Steam+1","Redo"],"picked":"SKIP","floor":18},{"not_picked":["Rebound","Hologram","Ball Lightning"],"picked":"SKIP","floor":22},{"not_picked":["Rebound","Loop","Turbo"],"picked":"SKIP","floor":23},{"not_picked":["Double Energy+1","Tempest+1","Glacier"],"picked":"Singing Bowl","floor":27},{"not_picked":["Ball Lightning","Redo","Barrage"],"picked":"Singing Bowl","floor":30},{"not_picked":["Rip and Tear","Streamline","Defragment"],"picked":"Singing Bowl","floor":31},{"not_picked":["Biased Cognition","Core Surge","Seek"],"picked":"Singing Bowl","floor":33},{"not_picked":["Barrage","Hologram+1","Redo+1"],"picked":"Singing Bowl","floor":35},{"not_picked":["Beam Cell+1","Redo","Rebound+1"],"picked":"Singing Bowl","floor":37},{"not_picked":["Defragment","Hologram","Tempest+1"],"picked":"Singing Bowl","floor":39},{"not_picked":["Amplify","Melter","Cold Snap"],"picked":"Singing Bowl","floor":40},{"not_picked":["Blizzard","Barrage","Coolheaded"],"picked":"Singing Bowl","floor":44},{"not_picked":["Cold Snap+1","Rebound+1","Barrage+1"],"picked":"Singing Bowl","floor":45},{"not_picked":["Conserve Battery","Loop+1","Compile Driver"],"picked":"Singing Bowl","floor":47},{"not_picked":["Double Energy","Beam Cell","Conserve Battery"],"picked":"Singing Bowl","floor":48}],"player_experience":450930,"relics_obtained":[{"floor":4,"key":"Pantograph"},{"floor":9,"key":"Omamori"},{"floor":26,"key":"Singing Bowl"},{"floor":40,"key":"Whetstone"},{"floor":43,"key":"Centennial Puzzle"},{"floor":46,"key":"Juzu Bracelet"}],"event_choices":[{"damage_healed":0,"gold_gain":0,"player_choice":"Success","damage_taken":18,"relics_obtained":["Pen Nib"],"max_hp_gain":0,"max_hp_loss":0,"event_name":"Scrap Ooze","floor":5,"gold_loss":0},{"damage_healed":0,"gold_gain":175,"player_choice":"AGREE","damage_taken":0,"max_hp_gain":0,"max_hp_loss":0,"event_name":"Liars Game","floor":8,"gold_loss":0,"cards_obtained":["Doubt"]},{"cards_removed":["Doubt"],"damage_healed":0,"gold_gain":0,"player_choice":"Card Removal","damage_taken":7,"max_hp_gain":0,"max_hp_loss":0,"event_name":"Golden Wing","floor":10,"gold_loss":0},{"damage_healed":0,"gold_gain":0,"player_choice":"Opened","damage_taken":0,"relics_obtained":["Art of War"],"max_hp_gain":0,"max_hp_loss":0,"event_name":"The Mausoleum","floor":19,"gold_loss":0,"cards_obtained":["Writhe"]},{"damage_healed":25,"gold_gain":0,"player_choice":"Heal","damage_taken":0,"max_hp_gain":0,"max_hp_loss":0,"event_name":"The Library","floor":20,"gold_loss":0},{"cards_removed":["Strike_B"],"damage_healed":0,"gold_gain":0,"player_choice":"Elegance","damage_taken":0,"max_hp_gain":0,"max_hp_loss":0,"event_name":"Back to Basics","floor":25,"gold_loss":0},{"damage_healed":0,"gold_gain":0,"player_choice":"Ignored","damage_taken":0,"max_hp_gain":0,"max_hp_loss":0,"event_name":"Ghosts","floor":28,"gold_loss":0},{"damage_healed":0,"gold_gain":0,"cards_transformed":["Strike_B","Defend_B"],"player_choice":"Became Test Subject","damage_taken":0,"max_hp_gain":0,"max_hp_loss":0,"event_name":"Drug Dealer","floor":29,"gold_loss":0,"cards_obtained":["FTL","Echo Form"]},{"cards_removed":["Echo Form"],"damage_healed":0,"gold_gain":0,"player_choice":"Removed Power","damage_taken":0,"max_hp_gain":0,"max_hp_loss":0,"event_name":"Falling","floor":36,"gold_loss":0},{"damage_healed":0,"gold_gain":0,"player_choice":"Got Potions","damage_taken":0,"max_hp_gain":0,"max_hp_loss":0,"event_name":"Lab","floor":41,"gold_loss":0}],"is_beta":false,"boss_relics":[{"not_picked":["Coffee Dripper","Nuclear Battery"],"picked":"FrozenCore"},{"not_picked":["Runic Dome","Eternal Feather"],"picked":"Empty Cage"}],"items_purged_floors":[7,21,24,38],"is_endless":false,"potions_floor_spawned":[1,2,12,16,27,31,33,35,37,44,45],"ascension_level":0}