{"gold_per_floor":[109,3,3,20,20,20,40,51,51,71,1,13,13,29,29,124,124,137,212,212,212,212],"floor_reached":22,"playtime":969,"items_purged":[],"score":176,"play_id":"1275e095-e6a0-4a15-af99-b651ad33548d","local_time":"20181212181349","is_ascension_mode":false,"campfire_choices":[{"floor":6,"key":"RECALL"},{"floor":15,"key":"REST"}],"neow_cost":"NONE","seed_source_timestamp":676545422041563,"circlet_count":0,"master_deck":["Strike_B","Strike_B","Defend_B","Defend_B","Defend_B","Defend_B","Zap","Dualcast","Sweeping Beam","Static Discharge","BootSequence","Loop","FTL","Ball Lightning","Redo","Consume","Sunder","Darkness","BootSequence","Creative AI","Multi-Cast","Go for the Eyes","Redo","Self Repair","Capacitor","Chaos","Ball Lightning"],"relics":["Cracked Core","Potion Belt","NlothsMask","Orrery","Symbiotic Virus","MutagenicStrength"],"potions_floor_usage":[16],"damage_taken":[{"damage":1,"enemies":"2 Louse","floor":1,"turns":3},{"damage":1,"enemies":"Cultist","floor":4,"turns":4},{"damage":0,"enemies":"Jaw Worm","floor":7,"turns":3},{"damage":3,"enemies":"Red Slaver","floor":8,"turns":3},{"damage":4,"enemies":"Blue Slaver","floor":10,"turns":3},{"damage":7,"enemies":"Looter","floor":12,"turns":4},{"damage":10,"enemies":"Exordium Wildlife","floor":14,"turns":4},{"damage":28,"enemies":"Slime Boss","floor":16,"turns":8},{"damage":68,"enemies":"3 Byrds","floor":18,"turns":6},{"damage":15,"enemies":"Spheric Guardian","floor":22,"turns":3}],"seed_played":"-6203491583492324267","potions_obtained":[{"floor":7,"key":"Poison Potion"},{"floor":10,"key":"Dexterity Potion"},{"floor":14,"key":"Energy Potion"},{"floor":18,"key":"Block Potion"}],"is_trial":false,"path_per_floor":["M","$","?","M","?","R","M","M","T","M","$","M","?","M","R","B",null,"M","T","?","?","M"],"character_chosen":"DEFECT","items_purchased":["Static Discharge","BootSequence","Sunder"],"campfire_rested":1,"item_purchase_floors":[2,2,11],"current_hp_per_floor":[74,74,74,73,73,73,73,70,70,66,66,59,59,49,71,43,75,14,14,14,14,0],"gold":212,"neow_bonus":"RANDOM_COMMON_RELIC","is_prod":false,"is_daily":false,"chose_seed":false,"campfire_upgraded":0,"win_rate":0,"timestamp":1544667229,"path_taken":["M","$","?","?","?","R","M","M","T","M","$","M","?","M","R","BOSS","M","?","?","?","M"],"build_version":"2018-12-06","purchased_purges":0,"victory":false,"max_hp_per_floor":[75,75,75,75,75,75,75,75,75,75,75,75,75,75,75,75,75,75,75,75,75,75],"card_choices":[{"not_picked":["Coolheaded","Cold Snap"],"picked":"Sweeping Beam","floor":1},{"not_picked":["FTL","Hologram"],"picked":"Loop","floor":4},{"not_picked":["Hologram","Sweeping Beam"],"picked":"Ball Lightning","floor":7},{"not_picked":["Fusion","Turbo"],"picked":"Redo","floor":8},{"not_picked":["Scrape","Double Energy"],"picked":"Consume","floor":10},{"not_picked":["Recycle","Sweeping Beam"],"picked":"Darkness","floor":12},{"not_picked":["Barrage","Go for the Eyes"],"picked":"Creative AI","floor":14},{"not_picked":["Core Surge","Biased Cognition"],"picked":"Multi-Cast","floor":16},{"not_picked":["Double Energy","Recycle"],"picked":"Go for the Eyes","floor":17},{"not_picked":["Heatsinks","Steam"],"picked":"Redo","floor":17},{"not_picked":["Skim","Streamline"],"picked":"Self Repair","floor":17},{"not_picked":["Sweeping Beam","Hello World"],"picked":"Capacitor","floor":17},{"not_picked":["BootSequence","Hello World"],"picked":"Chaos","floor":17},{"not_picked":["Sweeping Beam+1","Auto Shields+1"],"picked":"Ball Lightning","floor":18}],"player_experience":236072,"relics_obtained":[],"event_choices":[{"damage_healed":0,"gold_gain":0,"player_choice":"Trade","damage_taken":0,"relics_obtained":["NlothsMask"],"max_hp_gain":0,"max_hp_loss":0,"event_name":"FaceTrader","floor":3,"gold_loss":0},{"damage_healed":0,"gold_gain":0,"cards_transformed":["Strike_B"],"player_choice":"Change","damage_taken":0,"max_hp_gain":0,"max_hp_loss":0,"event_name":"Living Wall","floor":5,"gold_loss":0,"cards_obtained":["FTL"]},{"damage_healed":0,"gold_gain":0,"cards_transformed":["Strike_B"],"player_choice":"Transformed","damage_taken":0,"max_hp_gain":0,"max_hp_loss":0,"event_name":"Transmorgrifier","floor":13,"gold_loss":0,"cards_obtained":["BootSequence"]},{"damage_healed":0,"gold_gain":0,"player_choice":"Opened","damage_taken":0,"relics_obtained":["Symbiotic Virus"],"max_hp_gain":0,"max_hp_loss":0,"event_name":"The Mausoleum","floor":20,"gold_loss":0},{"damage_healed":0,"gold_gain":0,"player_choice":"Inject Mutagens","damage_taken":0,"relics_obtained":["MutagenicStrength"],"max_hp_gain":0,"max_hp_loss":0,"event_name":"Drug Dealer","floor":21,"gold_loss":0}],"is_beta":false,"boss_relics":[{"not_picked":["Velvet Choker","Snecko Eye"],"picked":"Orrery"}],"items_purged_floors":[],"is_endless":false,"potions_floor_spawned":[7,10,14,18],"killed_by":"Spheric Guardian","ascension_level":0}