{"gold_per_floor":[118,133,145,145,163,163,189,189,189,189,207,59,77,77,77,179,179,199,210,230,230,262,291,291,322,322,322,322,347,347,373,373,469,469,483,501,258,258,271,271,284,284,284,318,337,362,373,705,705,705,705,705,173,199,199],"floor_reached":55,"playtime":2542,"items_purged":[],"score":1003,"play_id":"2cbe9ea6-7e8c-41b1-a27c-e5d044481aaf","local_time":"20190312132322","is_ascension_mode":true,"campfire_choices":[{"data":"Perfected Strike","floor":6,"key":"SMITH"},{"data":"Rage","floor":8,"key":"SMITH"},{"data":"Shockwave","floor":10,"key":"SMITH"},{"data":"Inflame","floor":15,"key":"SMITH"},{"data":"Bludgeon","floor":24,"key":"SMITH"},{"floor":27,"key":"REST"},{"data":"Perfected Strike","floor":32,"key":"SMITH"},{"floor":40,"key":"RECALL"},{"data":"Perfected Strike","floor":42,"key":"SMITH"},{"floor":49,"key":"DIG"},{"floor":52,"key":"DIG"}],"neow_cost":"NONE","seed_source_timestamp":909543047097284,"circlet_count":0,"master_deck":["Strike_R+1","Strike_R+1","Strike_R+1","Strike_R+1","Strike_R+1","Defend_R+1","Defend_R+1","Defend_R+1","Defend_R+1","Bash","Perfected Strike+1","Rage+1","Shockwave+1","Feel No Pain","Pommel Strike","Inflame+1","Bludgeon+1","Headbutt+1","Shrug It Off","Pommel Strike+1","Flame Barrier","Perfected Strike+1","Offering","Double Tap+1","Flame Barrier+1","Perfected Strike+1","Carnage+1","Armaments+1","Blood for Blood+1","Shrug It Off+1","Perfected Strike","Metallicize","Bludgeon","Whirlwind"],"relics":["Burning Blood","Red Skull","Bag of Preparation","Pantograph","Lantern","Black Star","Red Mask","WingedGreaves","Ginger","Blood Vial","Omamori","Thread and Needle","Mercury Hourglass","Meat on the Bone","Regal Pillow","Strawberry","Snecko Eye","Shuriken","Letter Opener","Shovel","Champion Belt","Oddly Smooth Stone","Prayer Wheel","Old Coin","Darkstone Periapt","Pen Nib","Self Forming Clay","Sundial","Happy Flower","Du-Vu Doll","Centennial Puzzle"],"potions_floor_usage":[16,23,33,33,33,33,41,41,50,55,55,55],"damage_taken":[{"damage":3,"enemies":"Jaw Worm","floor":1,"turns":4},{"damage":6,"enemies":"Cultist","floor":2,"turns":3},{"damage":0,"enemies":"2 Louse","floor":3,"turns":2},{"damage":5,"enemies":"Looter","floor":5,"turns":3},{"damage":34,"enemies":"3 Sentries","floor":7,"turns":9},{"damage":7,"enemies":"Large Slime","floor":11,"turns":8},{"damage":9,"enemies":"Gremlin Gang","floor":13,"turns":5},{"damage":19,"enemies":"Slime Boss","floor":16,"turns":11},{"damage":0,"enemies":"Shell Parasite","floor":18,"turns":3},{"damage":25,"enemies":"Spheric Guardian","floor":19,"turns":4},{"damage":4,"enemies":"Centurion and Healer","floor":20,"turns":5},{"damage":12,"enemies":"Masked Bandits","floor":22,"turns":5},{"damage":24,"enemies":"Book of Stabbing","floor":23,"turns":5},{"damage":25,"enemies":"Slavers","floor":25,"turns":6},{"damage":22,"enemies":"Book of Stabbing","floor":29,"turns":6},{"damage":0,"enemies":"Slavers","floor":31,"turns":5},{"damage":51,"enemies":"Collector","floor":33,"turns":9},{"damage":0,"enemies":"3 Shapes","floor":35,"turns":3},{"damage":0,"enemies":"Orb Walker","floor":36,"turns":2},{"damage":0,"enemies":"3 Darklings","floor":39,"turns":2},{"damage":6,"enemies":"Writhing Mass","floor":41,"turns":4},{"damage":6,"enemies":"Giant Head","floor":44,"turns":4},{"damage":6,"enemies":"Sphere and 2 Shapes","floor":45,"turns":3},{"damage":29,"enemies":"Nemesis","floor":46,"turns":5},{"damage":0,"enemies":"Jaw Worm Horde","floor":47,"turns":3},{"damage":13,"enemies":"Reptomancer","floor":48,"turns":3},{"damage":21,"enemies":"Donu and Deca","floor":50,"turns":6},{"damage":36,"enemies":"Shield and Spear","floor":54,"turns":6},{"damage":99,"enemies":"The Heart","floor":55,"turns":6}],"seed_played":"752962126906360209","potions_obtained":[{"floor":2,"key":"Explosive Potion"},{"floor":4,"key":"Block Potion"},{"floor":4,"key":"EntropicBrew"},{"floor":5,"key":"Dexterity Potion"},{"floor":16,"key":"PowerPotion"},{"floor":29,"key":"PowerPotion"},{"floor":33,"key":"GamblersBrew"},{"floor":36,"key":"Regen Potion"},{"floor":41,"key":"Poison Potion"},{"floor":45,"key":"LiquidBronze"},{"floor":47,"key":"Regen Potion"}],"is_trial":false,"path_per_floor":["M","M","M","?","M","R","E","R","T","R","M","$","M","$","R","B",null,"M","M","M","?","?","E","R","E","T","R","?","E","T","E","R","B",null,"M","M","$","?","M","R","M","R","T","E","M","E","M","E","R","B",null,"R","$","E","B"],"character_chosen":"IRONCLAD","items_purchased":["Lantern","Shuriken","Sundial","Happy Flower","Whirlwind","PowerPotion"],"campfire_rested":1,"item_purchase_floors":[12,37,53,53,53,53],"current_hp_per_floor":[80,80,80,80,80,80,52,52,52,52,51,51,48,48,48,60,80,80,61,63,63,57,39,39,20,20,44,70,56,56,71,71,54,87,87,87,87,87,87,87,87,87,87,87,87,64,72,67,67,77,87,87,87,57,0],"gold":199,"neow_bonus":"RANDOM_COMMON_RELIC","is_prod":false,"is_daily":false,"chose_seed":false,"campfire_upgraded":7,"win_rate":0,"timestamp":1552422202,"path_taken":["M","M","M","?","M","R","E","R","T","R","M","$","?","?","R","BOSS","M","M","M","?","?","E","R","E","T","R","?","E","?","E","R","BOSS","M","M","$","?","M","R","?","R","T","E","?","E","M","E","R","BOSS","R","$","E","BOSS"],"build_version":"2019-01-23","purchased_purges":0,"victory":false,"max_hp_per_floor":[80,80,80,80,80,80,80,80,80,80,80,80,80,80,80,80,80,80,80,80,80,80,80,80,80,80,80,80,80,80,87,87,87,87,87,87,87,87,87,87,87,87,87,87,87,87,87,87,87,87,87,87,87,87,87],"card_choices":[{"not_picked":["Twin Strike","Seeing Red","Cleave"],"picked":"SKIP","floor":1},{"not_picked":["Headbutt","Heavy Blade"],"picked":"Perfected Strike","floor":2},{"not_picked":["Twin Strike","Body Slam"],"picked":"Rage","floor":3},{"not_picked":["Shrug It Off","Burning Pact"],"picked":"Shockwave","floor":5},{"not_picked":["Fire Breathing","Iron Wave"],"picked":"Feel No Pain","floor":7},{"not_picked":["Bludgeon","Bloodletting"],"picked":"Pommel Strike","floor":11},{"not_picked":["Metallicize","Twin Strike"],"picked":"Inflame","floor":13},{"not_picked":["Fiend Fire","Dark Embrace"],"picked":"Bludgeon","floor":16},{"not_picked":["Infernal Blade+1","Armaments"],"picked":"Headbutt+1","floor":18},{"not_picked":["Flex","Carnage","Cleave"],"picked":"SKIP","floor":19},{"not_picked":["Sever Soul","Flex+1"],"picked":"Shrug It Off","floor":20},{"not_picked":["Whirlwind","Dropkick"],"picked":"Pommel Strike+1","floor":23},{"not_picked":["Pommel Strike","True Grit"],"picked":"Flame Barrier","floor":25},{"not_picked":["Sword Boomerang","Disarm+1"],"picked":"Perfected Strike","floor":29},{"not_picked":["Clash","Sword Boomerang"],"picked":"Offering","floor":31},{"not_picked":["Impervious","Bludgeon"],"picked":"Double Tap","floor":33},{"not_picked":["Armaments+1","Combust"],"picked":"Flame Barrier+1","floor":35},{"not_picked":["True Grit","Cleave"],"picked":"Perfected Strike","floor":36},{"not_picked":["Combust+1","Rage"],"picked":"Carnage+1","floor":39},{"not_picked":["Bloodletting+1","Clothesline"],"picked":"Armaments+1","floor":41},{"not_picked":["Wild Strike+1","Entrench+1"],"picked":"Blood for Blood+1","floor":44},{"not_picked":["Iron Wave","Flex+1"],"picked":"Shrug It Off+1","floor":45},{"not_picked":["Twin Strike+1","Barricade"],"picked":"Perfected Strike","floor":46},{"not_picked":["True Grit","Clash"],"picked":"Metallicize","floor":47},{"not_picked":["Sword Boomerang+1","Battle Trance+1","Twin Strike"],"picked":"SKIP","floor":47},{"not_picked":["Iron Wave","Second Wind+1"],"picked":"Bludgeon","floor":48},{"not_picked":["Clothesline","Clash","Cleave+1"],"picked":"SKIP","floor":54}],"player_experience":12122,"relics_obtained":[{"floor":7,"key":"Bag of Preparation"},{"floor":9,"key":"Pantograph"},{"floor":22,"key":"Red Mask"},{"floor":23,"key":"WingedGreaves"},{"floor":23,"key":"Ginger"},{"floor":25,"key":"Blood Vial"},{"floor":25,"key":"Omamori"},{"floor":26,"key":"Thread and Needle"},{"floor":29,"key":"Mercury Hourglass"},{"floor":29,"key":"Meat on the Bone"},{"floor":31,"key":"Regal Pillow"},{"floor":31,"key":"Strawberry"},{"floor":43,"key":"Letter Opener"},{"floor":44,"key":"Shovel"},{"floor":44,"key":"Champion Belt"},{"floor":46,"key":"Oddly Smooth Stone"},{"floor":46,"key":"Prayer Wheel"},{"floor":48,"key":"Old Coin"},{"floor":48,"key":"Darkstone Periapt"},{"floor":49,"key":"Pen Nib"},{"floor":52,"key":"Self Forming Clay"},{"floor":54,"key":"Du-Vu Doll"},{"floor":54,"key":"Centennial Puzzle"}],"event_choices":[{"damage_healed":0,"gold_gain":0,"player_choice":"Got Potions","damage_taken":0,"max_hp_gain":0,"max_hp_loss":0,"event_name":"Lab","floor":4,"gold_loss":0},{"damage_healed":0,"gold_gain":0,"player_choice":"Simplicity","damage_taken":0,"max_hp_gain":0,"max_hp_loss":0,"event_name":"Back to Basics","floor":21,"gold_loss":0,"cards_upgraded":["Strike_R","Strike_R","Strike_R","Strike_R","Strike_R","Defend_R","Defend_R","Defend_R","Defend_R"]},{"damage_healed":0,"gold_gain":0,"player_choice":"Fought Bandits","damage_taken":0,"max_hp_gain":0,"max_hp_loss":0,"event_name":"Masked Bandits","floor":22,"gold_loss":0},{"damage_healed":26,"gold_gain":0,"player_choice":"Heal","damage_taken":0,"max_hp_gain":0,"max_hp_loss":0,"event_name":"The Library","floor":28,"gold_loss":0},{"damage_healed":0,"gold_gain":0,"player_choice":"Upgraded","damage_taken":0,"max_hp_gain":0,"max_hp_loss":0,"event_name":"Upgrade Shrine","floor":38,"gold_loss":0,"cards_upgraded":["Double Tap"]}],"is_beta":false,"boss_relics":[{"not_picked":["White Beast Statue","Tiny House"],"picked":"Black Star"},{"not_picked":["Runic Pyramid","Philosopher\u0027s Stone"],"picked":"Snecko Eye"}],"items_purged_floors":[],"is_endless":false,"potions_floor_spawned":[2,5,11,16,19,29,31,33,36,41,45,47],"killed_by":"The Heart","ascension_level":1}