{"gold_per_floor":[119,138,67,67,142,180,193,232,258,258,258],"floor_reached":11,"playtime":275,"items_purged":[],"score":186,"play_id":"4040a2f0-e65e-49e5-b54c-9c285eea9fda","local_time":"20190501110751","is_ascension_mode":true,"campfire_choices":[{"data":"Fiend Fire","floor":10,"key":"SMITH"}],"neow_cost":"NONE","seed_source_timestamp":1555042054041262,"circlet_count":0,"master_deck":["AscendersBane","Strike_R","Strike_R","Strike_R","Strike_R","Strike_R","Defend_R","Defend_R","Defend_R","Defend_R","Bash","Inflame","Shockwave","Fiend Fire+1","Combust","Armaments"],"relics":["Burning Blood","NeowsBlessing","Golden Idol","Pen Nib","Potion Belt","Bag of Marbles"],"potions_floor_usage":[11],"damage_taken":[{"damage":0,"enemies":"Jaw Worm","floor":1,"turns":1},{"damage":0,"enemies":"2 Louse","floor":2,"turns":1},{"damage":0,"enemies":"Gremlin Nob","floor":6,"turns":1},{"damage":0,"enemies":"Small Slimes","floor":7,"turns":3},{"damage":38,"enemies":"Lagavulin","floor":8,"turns":7},{"damage":18,"enemies":"Exordium Thugs","floor":11,"turns":2}],"seed_played":"-6313863472603019391","potions_obtained":[{"floor":8,"key":"Energy Potion"}],"is_trial":false,"path_per_floor":["M","M","$","?","?","E","M","E","T","R","M"],"character_chosen":"IRONCLAD","items_purchased":["Fiend Fire"],"campfire_rested":0,"item_purchase_floors":[3],"current_hp_per_floor":[74,75,75,49,38,44,50,18,18,18,0],"gold":258,"neow_bonus":"THREE_ENEMY_KILL","is_prod":false,"is_daily":false,"chose_seed":false,"campfire_upgraded":1,"win_rate":0,"timestamp":1556734071,"path_taken":["M","M","$","?","?","E","M","E","T","R","M"],"build_version":"2019-01-23","purchased_purges":0,"victory":false,"max_hp_per_floor":[75,75,75,75,75,75,75,75,75,75,75],"card_choices":[{"not_picked":["Clash","Headbutt"],"picked":"Inflame","floor":1},{"not_picked":["Rage","Searing Blow"],"picked":"Shockwave","floor":2},{"not_picked":["Second Wind","Thunderclap"],"picked":"Combust","floor":6},{"not_picked":["Iron Wave","Twin Strike"],"picked":"Armaments","floor":7},{"not_picked":["Thunderclap","True Grit","Dual Wield"],"picked":"SKIP","floor":8}],"player_experience":369259,"relics_obtained":[{"floor":6,"key":"Pen Nib"},{"floor":8,"key":"Potion Belt"},{"floor":9,"key":"Bag of Marbles"}],"event_choices":[{"damage_healed":0,"gold_gain":0,"player_choice":"Take Damage","damage_taken":26,"relics_obtained":["Golden Idol"],"max_hp_gain":0,"max_hp_loss":0,"event_name":"Golden Idol","floor":4,"gold_loss":0},{"damage_healed":0,"gold_gain":75,"player_choice":"Gather Gold","damage_taken":11,"max_hp_gain":0,"max_hp_loss":0,"event_name":"World of Goop","floor":5,"gold_loss":0}],"is_beta":false,"boss_relics":[],"items_purged_floors":[],"is_endless":false,"potions_floor_spawned":[8],"killed_by":"Exordium Thugs","ascension_level":15}