{"gold_per_floor":[111,181,256,256,256,256,268,268,268,299,299,312,345,355,355,429,429,449,463,463,478,489,524,524,209,209,37,49,93,93,148,148,247,247,284,284,95,160,160,210,210,244,297,297,343,218,218,246,246,246],"floor_reached":51,"playtime":2705,"items_purged":["Pain","Strike_R","Strike_R"],"score":1399,"play_id":"801e697c-3840-4766-8ddd-61d58f8b5c5d","local_time":"20190504081004","is_ascension_mode":true,"campfire_choices":[{"data":"Shockwave","floor":6,"key":"SMITH"},{"data":"Shrug It Off","floor":11,"key":"SMITH"},{"data":"Disarm","floor":15,"key":"SMITH"},{"floor":24,"key":"REST"},{"floor":30,"key":"REST"},{"floor":32,"key":"RECALL"},{"floor":41,"key":"REST"},{"floor":47,"key":"REST"},{"floor":49,"key":"REST"}],"neow_cost":"NONE","seed_source_timestamp":373080889056600,"circlet_count":0,"master_deck":["AscendersBane","Strike_R","Strike_R","Strike_R","Defend_R+1","Defend_R","Defend_R","Defend_R","Bash","Shockwave+1","Shrug It Off","Shrug It Off+1","Uppercut+1","Disarm+1","Feed+1","Pummel+1","Headbutt+1","Heavy Blade+1","Shrug It Off","HandOfGreed+1","Whirlwind+1","Impervious","Demon Form","Flame Barrier","Dropkick+1","Discovery+1","Flash of Steel+1","Magnetism","Demon Form","Madness","Madness","Shrug It Off"],"relics":["Burning Blood","NeowsBlessing","Blue Candle","WarpedTongs","Molten Egg 2","Matryoshka","Vajra","Fusion Hammer","Oddly Smooth Stone","Bag of Preparation","Lantern","Boot","Bottled Flame","Art of War","Sozu","Pen Nib","Blood Vial","Bag of Marbles","War Paint","Nunchaku","Smiling Mask"],"potions_floor_usage":[13,16,33,33],"damage_taken":[{"damage":0,"enemies":"Cultist","floor":1,"turns":1},{"damage":0,"enemies":"Small Slimes","floor":7,"turns":1},{"damage":0,"enemies":"3 Sentries","floor":10,"turns":1},{"damage":11,"enemies":"2 Louse","floor":12,"turns":5},{"damage":18,"enemies":"Gremlin Nob","floor":13,"turns":4},{"damage":2,"enemies":"Red Slaver","floor":14,"turns":5},{"damage":22,"enemies":"Slime Boss","floor":16,"turns":14},{"damage":17,"enemies":"Spheric Guardian","floor":18,"turns":6},{"damage":19,"enemies":"2 Thieves","floor":19,"turns":4},{"damage":13,"enemies":"Chosen and Byrds","floor":21,"turns":5},{"damage":31,"enemies":"Sentry and Sphere","floor":22,"turns":7},{"damage":3,"enemies":"Book of Stabbing","floor":23,"turns":6},{"damage":5,"enemies":"Snecko","floor":28,"turns":3},{"damage":3,"enemies":"3 Cultists","floor":29,"turns":5},{"damage":15,"enemies":"Slavers","floor":31,"turns":6},{"damage":90,"enemies":"Champ","floor":33,"turns":13},{"damage":0,"enemies":"Orb Walker","floor":35,"turns":3},{"damage":0,"enemies":"3 Shapes","floor":38,"turns":6},{"damage":31,"enemies":"Reptomancer","floor":40,"turns":6},{"damage":1,"enemies":"Giant Head","floor":42,"turns":6},{"damage":22,"enemies":"2 Orb Walkers","floor":45,"turns":3},{"damage":81,"enemies":"Nemesis","floor":48,"turns":7},{"damage":40,"enemies":"Awakened One","floor":50,"turns":10}],"seed_played":"7930043080329034771","potions_obtained":[{"floor":1,"key":"GamblersBrew"},{"floor":7,"key":"PowerPotion"},{"floor":16,"key":"Regen Potion"},{"floor":19,"key":"Dexterity Potion"},{"floor":22,"key":"Fire Potion"}],"is_trial":false,"path_per_floor":["M","T","?","$","?","R","M","?","T","E","R","M","E","M","R","B",null,"M","M","T","M","M","E","R","$","T","$","M","M","R","E","R","B",null,"M","?","$","M","?","E","R","E","T","?","?","$","R","E","R","B",null],"character_chosen":"IRONCLAD","items_purchased":["Heavy Blade+1","Shrug It Off","HandOfGreed+1","Whirlwind+1","Pen Nib","Dropkick+1"],"campfire_rested":5,"item_purchase_floors":[25,25,25,27,37,37],"current_hp_per_floor":[74,74,63,63,56,56,62,62,62,68,68,63,51,55,55,39,66,59,50,50,47,22,29,56,56,56,56,57,64,92,87,87,18,79,85,85,85,91,81,56,85,96,96,83,73,73,105,32,64,32],"gold":246,"neow_bonus":"THREE_ENEMY_KILL","is_prod":false,"is_daily":false,"chose_seed":false,"campfire_upgraded":3,"win_rate":0,"timestamp":1556950204,"path_taken":["M","?","?","$","?","R","?","?","T","E","R","M","E","?","R","BOSS","M","M","?","M","M","E","R","?","T","$","M","M","R","E","R","BOSS","M","?","$","M","?","E","R","E","T","?","?","$","R","E","R","BOSS"],"build_version":"2019-01-23","purchased_purges":3,"victory":true,"max_hp_per_floor":[75,75,75,75,75,75,75,75,75,75,75,75,75,75,75,75,75,79,83,83,87,87,91,91,91,91,91,91,95,95,99,99,99,99,99,99,99,99,99,99,99,103,103,103,107,107,107,107,107,107],"card_choices":[{"not_picked":["Intimidate","Inflame"],"picked":"Shockwave","floor":1},{"not_picked":["Body Slam","Searing Blow"],"picked":"Shrug It Off","floor":7},{"not_picked":["Havoc","Pummel+1"],"picked":"Shrug It Off","floor":10},{"not_picked":["Sever Soul+1","Flex"],"picked":"Uppercut+1","floor":12},{"not_picked":["Pummel+1","Seeing Red"],"picked":"Disarm","floor":13},{"not_picked":["Havoc","Flex","Entrench"],"picked":"SKIP","floor":14},{"not_picked":["Impervious","Berserk"],"picked":"Feed+1","floor":16},{"not_picked":["Armaments","Rage"],"picked":"Pummel+1","floor":18},{"not_picked":["Clash+1","Perfected Strike+1"],"picked":"Headbutt+1","floor":19},{"not_picked":["Armaments","Body Slam+1","Perfected Strike+1"],"picked":"SKIP","floor":21},{"not_picked":["Warcry","Clash+1","Body Slam+1"],"picked":"SKIP","floor":22},{"not_picked":["Combust","Twin Strike+1","Clothesline+1"],"picked":"SKIP","floor":23},{"not_picked":["Reckless Charge+1","Cleave+1","Corruption"],"picked":"SKIP","floor":28},{"not_picked":["Iron Wave+1","True Grit"],"picked":"Impervious","floor":29},{"not_picked":["Warcry","Corruption","Body Slam+1"],"picked":"SKIP","floor":31},{"not_picked":["Feed+1","Brutality"],"picked":"Demon Form","floor":33},{"not_picked":["Armaments","Ghostly Armor"],"picked":"Flame Barrier","floor":35},{"not_picked":["Iron Wave+1","Sword Boomerang+1","Seeing Red"],"picked":"SKIP","floor":38},{"not_picked":["Enlightenment","Dark Shackles"],"picked":"Discovery","floor":39},{"not_picked":["Forethought","Panacea"],"picked":"Flash of Steel+1","floor":39},{"not_picked":["Enlightenment","Master of Strategy"],"picked":"Magnetism","floor":39},{"not_picked":["Pommel Strike+1","Iron Wave+1","Warcry+1"],"picked":"SKIP","floor":40},{"not_picked":["Armaments","Rupture"],"picked":"Demon Form","floor":42},{"not_picked":["Havoc","Power Through"],"picked":"Shrug It Off","floor":45},{"not_picked":["Carnage+1","Dark Embrace","Iron Wave+1"],"picked":"SKIP","floor":48}],"player_experience":1052023,"relics_obtained":[{"floor":2,"key":"Blue Candle"},{"floor":9,"key":"Molten Egg 2"},{"floor":10,"key":"Matryoshka"},{"floor":13,"key":"Vajra"},{"floor":20,"key":"Oddly Smooth Stone"},{"floor":20,"key":"Bag of Preparation"},{"floor":23,"key":"Lantern"},{"floor":26,"key":"Boot"},{"floor":26,"key":"Bottled Flame"},{"floor":31,"key":"Art of War"},{"floor":40,"key":"Blood Vial"},{"floor":42,"key":"Bag of Marbles"},{"floor":43,"key":"War Paint"},{"floor":45,"key":"Nunchaku"},{"floor":48,"key":"Smiling Mask"}],"event_choices":[{"damage_healed":0,"gold_gain":75,"player_choice":"Gather Gold","damage_taken":11,"max_hp_gain":0,"max_hp_loss":0,"event_name":"World of Goop","floor":3,"gold_loss":0},{"damage_healed":0,"gold_gain":0,"player_choice":"Damaged","damage_taken":7,"max_hp_gain":0,"max_hp_loss":0,"event_name":"Wheel of Change","floor":5,"gold_loss":0},{"damage_healed":0,"gold_gain":0,"player_choice":"Rummage","damage_taken":0,"relics_obtained":["WarpedTongs"],"max_hp_gain":0,"max_hp_loss":0,"event_name":"Accursed Blacksmith","floor":8,"gold_loss":0,"cards_obtained":["Pain"]},{"damage_healed":0,"gold_gain":0,"player_choice":"Ignored","damage_taken":0,"max_hp_gain":0,"max_hp_loss":0,"event_name":"Tomb of Lord Red Mask","floor":36,"gold_loss":0},{"damage_healed":0,"gold_gain":0,"player_choice":"Memory 3","damage_taken":10,"max_hp_gain":0,"max_hp_loss":0,"event_name":"SensoryStone","floor":39,"gold_loss":0},{"damage_healed":0,"gold_gain":0,"player_choice":"Embrace Madness","damage_taken":13,"max_hp_gain":0,"max_hp_loss":0,"event_name":"Winding Halls","floor":44,"gold_loss":0,"cards_obtained":["Madness","Madness"]},{"damage_healed":0,"gold_gain":0,"player_choice":"Fight","damage_taken":0,"max_hp_gain":0,"max_hp_loss":0,"event_name":"Mysterious Sphere","floor":45,"gold_loss":0}],"is_beta":false,"boss_relics":[{"not_picked":["Astrolabe","Mark of Pain"],"picked":"Fusion Hammer"},{"not_picked":["Snecko Eye","Runic Cube"],"picked":"Sozu"}],"items_purged_floors":[25,27,46],"is_endless":false,"potions_floor_spawned":[1,7,10,16,19,22,28,29,38,48],"ascension_level":14}