{"gold_per_floor":[211,211,16,35,35,75,94,94,119,160,181,194,229,229,229,229],"floor_reached":16,"playtime":603,"items_purged":[],"score":203,"play_id":"28b561a9-2554-4d73-a1ed-25330027ef84","local_time":"20190421123215","is_ascension_mode":true,"campfire_choices":[{"data":"Perfected Strike","floor":8,"key":"SMITH"},{"data":"Hemokinesis","floor":15,"key":"SMITH"}],"neow_cost":"NONE","seed_source_timestamp":702696060050890,"circlet_count":0,"master_deck":["Strike_R+1","Strike_R","Strike_R","Strike_R","Strike_R","Defend_R","Defend_R","Defend_R","Defend_R","Bash+1","Burning Pact","Iron Wave","Hemokinesis+1","Perfected Strike+1","Shrug It Off","Whirlwind+1","Reaper"],"relics":["Burning Blood","Golden Idol","Lee\u0027s Waffle","Bag of Preparation","Anchor","Orichalcum","Whetstone"],"potions_floor_usage":[6,13,16,16],"damage_taken":[{"damage":10,"enemies":"Small Slimes","floor":1,"turns":3},{"damage":6,"enemies":"Cultist","floor":4,"turns":4},{"damage":40,"enemies":"3 Sentries","floor":6,"turns":14},{"damage":5,"enemies":"Jaw Worm","floor":7,"turns":3},{"damage":19,"enemies":"Gremlin Nob","floor":10,"turns":3},{"damage":1,"enemies":"Looter","floor":11,"turns":3},{"damage":0,"enemies":"2 Fungi Beasts","floor":12,"turns":3},{"damage":3,"enemies":"3 Sentries","floor":13,"turns":3},{"damage":56,"enemies":"The Guardian","floor":16,"turns":12}],"seed_played":"-2029137741032976430","potions_obtained":[{"floor":1,"key":"Weak Potion"},{"floor":7,"key":"Swift Potion"},{"floor":10,"key":"AttackPotion"},{"floor":12,"key":"Poison Potion"}],"is_trial":false,"path_per_floor":["M","?","$","M","?","E","M","R","T","E","M","M","E","?","R","B"],"character_chosen":"IRONCLAD","items_purchased":["Lee\u0027s Waffle"],"campfire_rested":0,"item_purchase_floors":[3],"current_hp_per_floor":[68,48,87,87,79,45,46,46,46,33,38,44,47,47,47,0],"gold":229,"neow_bonus":"HUNDRED_GOLD","is_prod":false,"is_daily":false,"chose_seed":false,"campfire_upgraded":2,"win_rate":0,"timestamp":1555817535,"path_taken":["M","?","$","M","?","E","M","R","T","E","?","M","E","?","R","BOSS"],"build_version":"2019-01-23","purchased_purges":0,"victory":false,"max_hp_per_floor":[80,80,87,87,87,87,87,87,87,87,87,87,87,87,87,87],"card_choices":[{"not_picked":["Rupture","Second Wind"],"picked":"Burning Pact","floor":1},{"not_picked":["Blood for Blood","Thunderclap"],"picked":"Iron Wave","floor":4},{"not_picked":["Iron Wave","Seeing Red"],"picked":"Hemokinesis","floor":6},{"not_picked":["Sever Soul","Combust"],"picked":"Perfected Strike","floor":7},{"not_picked":["Dark Embrace","Flex"],"picked":"Shrug It Off","floor":10},{"not_picked":["Rupture","Flex","Body Slam"],"picked":"SKIP","floor":11},{"not_picked":["Rage","Flex"],"picked":"Whirlwind","floor":12},{"not_picked":["Seeing Red","Heavy Blade"],"picked":"Reaper","floor":13}],"player_experience":386452,"relics_obtained":[{"floor":6,"key":"Bag of Preparation"},{"floor":9,"key":"Anchor"},{"floor":10,"key":"Orichalcum"},{"floor":13,"key":"Whetstone"}],"event_choices":[{"damage_healed":0,"gold_gain":0,"player_choice":"Take Damage","damage_taken":20,"relics_obtained":["Golden Idol"],"max_hp_gain":0,"max_hp_loss":0,"event_name":"Golden Idol","floor":2,"gold_loss":0},{"damage_healed":0,"gold_gain":0,"player_choice":"Damaged","damage_taken":8,"max_hp_gain":0,"max_hp_loss":0,"event_name":"Wheel of Change","floor":5,"gold_loss":0},{"damage_healed":0,"gold_gain":0,"player_choice":"Forge","damage_taken":0,"max_hp_gain":0,"max_hp_loss":0,"event_name":"Accursed Blacksmith","floor":14,"gold_loss":0,"cards_upgraded":["Bash"]}],"is_beta":false,"boss_relics":[],"items_purged_floors":[],"is_endless":false,"potions_floor_spawned":[1,7,10,12],"killed_by":"The Guardian","ascension_level":8}