{"gold_per_floor":[119,139,139,139,139,139,154,188,213,232,248,268,281,300,300,423,423,418,418,434,359,373,373,404,404,404,429,449,449,474,495,495,495],"floor_reached":33,"playtime":1282,"items_purged":["Strike_R"],"score":275,"play_id":"4758236f-6b9f-4b48-adbf-200ba8e28135","local_time":"20181022132056","is_ascension_mode":false,"campfire_choices":[{"data":"Bash","floor":6,"key":"SMITH"},{"data":"Dual Wield","floor":15,"key":"SMITH"},{"data":"RitualDagger","floor":23,"key":"SMITH"},{"data":"Rage","floor":25,"key":"SMITH"},{"floor":29,"key":"REST"},{"data":"Disarm","floor":32,"key":"SMITH"}],"neow_cost":"NONE","seed_source_timestamp":352255796802370,"circlet_count":0,"master_deck":["Strike_R","Strike_R","Strike_R","Defend_R","Defend_R","Defend_R","Defend_R","Bash+1","Disarm","Disarm+1","Sever Soul","Seeing Red","Clash","Dual Wield+1","Clash","RitualDagger+1","Clash+1","Rage+1","Flame Barrier+1"],"relics":["Burning Blood","Ancient Tea Set","Golden Idol","Bottled Lightning","Frozen Egg 2","Regal Pillow","Black Star","Bag of Marbles","Art of War","Mummified Hand"],"potions_floor_usage":[16,16,18,24,33,33],"damage_taken":[{"damage":0,"enemies":"Small Slimes","floor":1,"turns":5},{"damage":7,"enemies":"Jaw Worm","floor":2,"turns":4},{"damage":0,"enemies":"Cultist","floor":7,"turns":5},{"damage":22,"enemies":"Gremlin Nob","floor":8,"turns":5},{"damage":9,"enemies":"3 Louse","floor":10,"turns":4},{"damage":11,"enemies":"Exordium Thugs","floor":11,"turns":4},{"damage":3,"enemies":"Blue Slaver","floor":12,"turns":4},{"damage":4,"enemies":"Exordium Wildlife","floor":13,"turns":4},{"damage":0,"enemies":"Lots of Slimes","floor":14,"turns":4},{"damage":17,"enemies":"The Guardian","floor":16,"turns":10},{"damage":29,"enemies":"2 Thieves","floor":18,"turns":4},{"damage":0,"enemies":"3 Byrds","floor":20,"turns":5},{"damage":16,"enemies":"Centurion and Healer","floor":22,"turns":4},{"damage":23,"enemies":"Slavers","floor":24,"turns":9},{"damage":4,"enemies":"Snake Plant","floor":27,"turns":2},{"damage":17,"enemies":"Chosen and Byrds","floor":28,"turns":6},{"damage":3,"enemies":"Cultist and Chosen","floor":30,"turns":6},{"damage":0,"enemies":"Snake Plant","floor":31,"turns":2},{"damage":70,"enemies":"Automaton","floor":33,"turns":6}],"seed_played":"8531200169386532859","potions_obtained":[{"floor":1,"key":"Weak Potion"},{"floor":7,"key":"SkillPotion"},{"floor":10,"key":"Weak Potion"},{"floor":13,"key":"AttackPotion"},{"floor":16,"key":"SteroidPotion"},{"floor":18,"key":"Energy Potion"},{"floor":30,"key":"LiquidBronze"},{"floor":31,"key":"Poison Potion"}],"is_trial":false,"path_per_floor":["M","M","?","T","?","R","M","E","T","M","M","M","M","M","R","B",null,"M","?","M","$","M","R","E","R","T","M","M","R","M","M","R"],"character_chosen":"IRONCLAD","items_purchased":[],"campfire_rested":1,"item_purchase_floors":[],"current_hp_per_floor":[80,79,59,59,59,59,65,49,49,46,41,44,46,52,52,41,80,57,51,57,57,47,47,30,30,30,32,21,60,63,69,69,0],"gold":495,"neow_bonus":"RANDOM_COMMON_RELIC","is_prod":false,"is_daily":false,"chose_seed":false,"campfire_upgraded":5,"win_rate":0,"timestamp":1540239656,"path_taken":["M","M","?","?","?","R","M","E","T","M","M","M","M","?","R","BOSS","M","?","?","$","M","R","E","R","T","M","M","R","M","M","R","BOSS"],"build_version":"2018-10-18","purchased_purges":1,"victory":false,"max_hp_per_floor":[80,80,80,80,80,80,80,80,80,80,80,80,80,80,80,80,80,80,80,80,80,80,80,80,80,80,80,80,80,80,80,80,80],"card_choices":[{"not_picked":["Twin Strike","Inflame"],"picked":"Disarm","floor":1},{"not_picked":["Clothesline","Twin Strike"],"picked":"Disarm","floor":2},{"not_picked":["Rupture","Warcry"],"picked":"Seeing Red","floor":7},{"not_picked":["Havoc","Rampage","Headbutt"],"picked":"SKIP","floor":8},{"not_picked":["Combust+1","Clothesline"],"picked":"Clash","floor":10},{"not_picked":["Body Slam","Wild Strike","Pommel Strike"],"picked":"SKIP","floor":11},{"not_picked":["Anger","Clothesline"],"picked":"Dual Wield","floor":12},{"not_picked":["Barricade+1","Wild Strike"],"picked":"Clash","floor":13},{"not_picked":["Armaments","Iron Wave","Body Slam"],"picked":"SKIP","floor":14},{"not_picked":["Armaments","Pommel Strike","Sword Boomerang"],"picked":"SKIP","floor":18},{"not_picked":["Anger","Armaments+1"],"picked":"Clash+1","floor":20},{"not_picked":["Headbutt","Reckless Charge","Corruption+1"],"picked":"SKIP","floor":22},{"not_picked":["Pummel","Anger"],"picked":"Rage","floor":24},{"not_picked":["Clash","Pommel Strike","Clothesline"],"picked":"SKIP","floor":27},{"not_picked":["Body Slam","True Grit","Whirlwind"],"picked":"SKIP","floor":28},{"not_picked":["Sentinel","Anger","Searing Blow+1"],"picked":"SKIP","floor":30},{"not_picked":["Shrug It Off+1","Evolve+1"],"picked":"Flame Barrier+1","floor":31}],"player_experience":308235,"relics_obtained":[{"floor":4,"key":"Bottled Lightning"},{"floor":8,"key":"Frozen Egg 2"},{"floor":9,"key":"Regal Pillow"},{"floor":24,"key":"Bag of Marbles"},{"floor":24,"key":"Art of War"},{"floor":26,"key":"Mummified Hand"}],"event_choices":[{"damage_healed":0,"gold_gain":0,"player_choice":"Take Damage","damage_taken":20,"relics_obtained":["Golden Idol"],"max_hp_gain":0,"max_hp_loss":0,"event_name":"Golden Idol","floor":3,"gold_loss":0},{"damage_healed":0,"gold_gain":0,"cards_transformed":["Strike_R"],"player_choice":"Transformed","damage_taken":0,"max_hp_gain":0,"max_hp_loss":0,"event_name":"Transmorgrifier","floor":5,"gold_loss":0,"cards_obtained":["Sever Soul"]},{"damage_healed":0,"gold_gain":0,"player_choice":"Joined the Cult","damage_taken":6,"max_hp_gain":0,"max_hp_loss":0,"event_name":"Nest","floor":19,"gold_loss":0,"cards_obtained":["RitualDagger"]}],"is_beta":false,"boss_relics":[{"not_picked":["Cursed Key","Pandora\u0027s Box"],"picked":"Black Star"}],"items_purged_floors":[21],"is_endless":false,"potions_floor_spawned":[1,7,10,13,16,18,30,31],"killed_by":"Automaton","ascension_level":0}