{"gold_per_floor":[110,21,38,38,38,63,63,92,162,197,197,197,197,197,197,296,296,314,0,0,0,14,28,28,28],"floor_reached":25,"playtime":750,"items_purged":["Strike_B"],"score":264,"play_id":"70b70f2a-3800-47bd-81e2-cd635d8dc058","local_time":"20190405212622","is_ascension_mode":true,"campfire_choices":[{"data":"Chaos","floor":7,"key":"SMITH"},{"floor":13,"key":"REST"},{"floor":15,"key":"REST"}],"neow_cost":"NONE","seed_source_timestamp":13321604318454,"circlet_count":0,"master_deck":["Strike_B","Strike_B","Defend_B","Defend_B","Defend_B","Zap","Dualcast","Rebound","Defragment+1","Leap","Sweeping Beam","Chaos+1","Streamline","Capacitor","Echo Form","Hologram","Ball Lightning","Rainbow","Consume","Conserve Battery"],"relics":["Cracked Core","NeowsBlessing","Lantern","Gambling Chip","Meat on the Bone","Bag of Preparation","Juzu Bracelet","Sozu","Runic Capacitor"],"potions_floor_usage":[6,16,18],"damage_taken":[{"damage":0,"enemies":"Small Slimes","floor":1,"turns":1},{"damage":0,"enemies":"2 Louse","floor":3,"turns":1},{"damage":0,"enemies":"3 Sentries","floor":6,"turns":1},{"damage":31,"enemies":"Lagavulin","floor":8,"turns":5},{"damage":13,"enemies":"3 Sentries","floor":10,"turns":5},{"damage":19,"enemies":"Slime Boss","floor":16,"turns":8},{"damage":0,"enemies":"Chosen","floor":18,"turns":4},{"damage":44,"enemies":"2 Thieves","floor":22,"turns":4},{"damage":15,"enemies":"Snecko","floor":23,"turns":3},{"damage":40,"enemies":"Cultist and Chosen","floor":25,"turns":4}],"seed_played":"4988841012921302329","potions_obtained":[{"floor":3,"key":"Explosive Potion"},{"floor":10,"key":"Weak Potion"},{"floor":16,"key":"Block Potion"}],"is_trial":false,"path_per_floor":["M","$","M","$","?","E","R","E","T","E","?","?","R","?","R","B",null,"M","$","?","?","M","M","$","M"],"character_chosen":"DEFECT","items_purchased":["Defragment","Leap","Runic Capacitor","Ball Lightning"],"campfire_rested":2,"item_purchase_floors":[2,2,19,19],"current_hp_per_floor":[75,75,75,75,75,75,75,44,44,43,36,24,46,46,68,49,75,75,75,75,75,43,40,40,0],"gold":28,"neow_bonus":"THREE_ENEMY_KILL","is_prod":false,"is_daily":false,"chose_seed":false,"campfire_upgraded":1,"win_rate":0,"timestamp":1554524782,"path_taken":["M","$","M","$","?","E","R","E","T","E","?","?","R","?","R","BOSS","M","$","?","?","M","M","$","M"],"build_version":"2019-01-23","purchased_purges":1,"victory":false,"max_hp_per_floor":[75,75,75,75,75,75,75,75,75,75,75,75,75,75,75,75,75,75,75,75,75,75,75,75,75],"card_choices":[{"not_picked":["Stack","Gash"],"picked":"Rebound","floor":1},{"not_picked":["Storm","Undo"],"picked":"Sweeping Beam","floor":3},{"not_picked":["Steam Power","Leap"],"picked":"Chaos","floor":6},{"not_picked":["Redo","Stack"],"picked":"Streamline","floor":8},{"not_picked":["Stack","Chill"],"picked":"Capacitor","floor":10},{"not_picked":["Amplify","Biased Cognition"],"picked":"Echo Form","floor":16},{"not_picked":["Gash+1","Beam Cell+1"],"picked":"Hologram","floor":18},{"not_picked":["Streamline+1","Steam"],"picked":"Consume","floor":22},{"not_picked":["Skim","Aggregate"],"picked":"Conserve Battery","floor":23}],"player_experience":404246,"relics_obtained":[{"floor":6,"key":"Lantern"},{"floor":8,"key":"Gambling Chip"},{"floor":9,"key":"Meat on the Bone"},{"floor":10,"key":"Bag of Preparation"}],"event_choices":[{"damage_healed":0,"gold_gain":0,"player_choice":"Grow","damage_taken":0,"max_hp_gain":0,"max_hp_loss":0,"event_name":"Living Wall","floor":5,"gold_loss":0,"cards_upgraded":["Defragment"]},{"cards_removed":["Defend_B"],"damage_healed":0,"gold_gain":0,"player_choice":"Card Removal","damage_taken":7,"max_hp_gain":0,"max_hp_loss":0,"event_name":"Golden Wing","floor":11,"gold_loss":0},{"damage_healed":0,"gold_gain":0,"player_choice":"Success","damage_taken":12,"relics_obtained":["Juzu Bracelet"],"max_hp_gain":0,"max_hp_loss":0,"event_name":"Scrap Ooze","floor":12,"gold_loss":0},{"damage_healed":0,"gold_gain":0,"player_choice":"Searched \u00270\u0027 times","damage_taken":0,"max_hp_gain":0,"max_hp_loss":0,"event_name":"Dead Adventurer","floor":14,"gold_loss":0},{"cards_removed":["Strike_B"],"damage_healed":0,"gold_gain":0,"player_choice":"Card Removal","damage_taken":0,"max_hp_gain":0,"max_hp_loss":0,"event_name":"Wheel of Change","floor":20,"gold_loss":0},{"damage_healed":0,"gold_gain":0,"player_choice":"1 cards matched","damage_taken":0,"max_hp_gain":0,"max_hp_loss":0,"event_name":"Match and Keep!","floor":21,"gold_loss":0,"cards_obtained":["Rainbow"]}],"is_beta":false,"boss_relics":[{"not_picked":["Velvet Choker","Cursed Key"],"picked":"Sozu"}],"items_purged_floors":[19],"is_endless":false,"potions_floor_spawned":[3,10,16,23],"killed_by":"Cultist and Chosen","ascension_level":2}