{"gold_per_floor":[365,365,375,25,25,56,21,21,21,38,53,66,66,80,80,170,170,185,185,185,185,204,204],"floor_reached":23,"playtime":900,"items_purged":[],"score":353,"play_id":"0ba06d95-f70e-417e-b89b-a1143c68530c","local_time":"20190424224737","is_ascension_mode":true,"campfire_choices":[{"floor":15,"key":"REST"}],"neow_cost":"TEN_PERCENT_HP_LOSS","seed_source_timestamp":5907240840134,"circlet_count":0,"master_deck":["AscendersBane","Strike_R+1","Strike_R+1","Strike_R+1","Strike_R+1","Strike_R+1","Defend_R+1","Defend_R+1","Defend_R+1","Defend_R+1","Bash+1","Cleave","Exhume","Armaments","Clothesline","Fiend Fire","Metallicize","True Grit","Bludgeon","Warcry","True Grit"],"relics":["Burning Blood","Mango","Mercury Hourglass","Sundial","Golden Idol","Fusion Hammer"],"potions_floor_usage":[12,16,16],"damage_taken":[{"damage":13,"enemies":"Cultist","floor":1,"turns":5},{"damage":10,"enemies":"2 Louse","floor":3,"turns":2},{"damage":74,"enemies":"Lagavulin","floor":6,"turns":10},{"damage":0,"enemies":"Small Slimes","floor":10,"turns":2},{"damage":0,"enemies":"2 Fungi Beasts","floor":11,"turns":2},{"damage":12,"enemies":"Exordium Wildlife","floor":12,"turns":4},{"damage":5,"enemies":"Looter","floor":14,"turns":4},{"damage":39,"enemies":"Hexaghost","floor":16,"turns":10},{"damage":17,"enemies":"Chosen","floor":18,"turns":5},{"damage":23,"enemies":"3 Byrds","floor":22,"turns":5},{"damage":40,"enemies":"Book of Stabbing","floor":23,"turns":4}],"seed_played":"6375332995969729582","potions_obtained":[{"floor":6,"key":"Weak Potion"},{"floor":11,"key":"PowerPotion"},{"floor":12,"key":"LiquidBronze"},{"floor":14,"key":"BloodPotion"},{"floor":16,"key":"Poison Potion"},{"floor":18,"key":"SteroidPotion"}],"is_trial":false,"path_per_floor":["M","$","M","$","?","E","?","?","T","M","M","M","?","M","R","B",null,"M","?","?","?","M","E"],"character_chosen":"IRONCLAD","items_purchased":["Mango","Armaments"],"campfire_rested":1,"item_purchase_floors":[4,4],"current_hp_per_floor":[61,61,57,71,76,8,29,29,29,35,41,35,35,36,59,33,68,57,57,57,57,40,0],"gold":204,"neow_bonus":"TWO_FIFTY_GOLD","is_prod":false,"is_daily":false,"chose_seed":false,"campfire_upgraded":0,"win_rate":0,"timestamp":1556171257,"path_taken":["M","$","M","$","?","E","?","?","T","M","M","M","?","M","R","BOSS","M","?","?","?","M","E"],"build_version":"2019-01-23","purchased_purges":0,"victory":false,"max_hp_per_floor":[68,68,68,82,87,87,87,87,87,87,87,87,79,79,79,79,79,79,79,79,79,79,79],"card_choices":[{"not_picked":["Pommel Strike","Anger"],"picked":"Cleave","floor":1},{"not_picked":["Sword Boomerang","Pommel Strike"],"picked":"Exhume","floor":3},{"not_picked":["Flex","Pommel Strike"],"picked":"Clothesline","floor":6},{"not_picked":["Carnage","Thunderclap"],"picked":"Fiend Fire","floor":10},{"not_picked":["Carnage","Second Wind"],"picked":"Metallicize","floor":11},{"not_picked":["Heavy Blade","Sword Boomerang","Flex"],"picked":"SKIP","floor":12},{"not_picked":["Perfected Strike","Clash"],"picked":"True Grit","floor":14},{"not_picked":["Brutality","Limit Break"],"picked":"Bludgeon","floor":16},{"not_picked":["Iron Wave","Headbutt"],"picked":"Warcry","floor":18},{"not_picked":["Sword Boomerang","Headbutt"],"picked":"True Grit","floor":22}],"player_experience":477404,"relics_obtained":[{"floor":6,"key":"Mercury Hourglass"},{"floor":9,"key":"Sundial"}],"event_choices":[{"damage_healed":0,"gold_gain":0,"player_choice":"Donut","damage_taken":0,"max_hp_gain":5,"max_hp_loss":0,"event_name":"Big Fish","floor":5,"gold_loss":0},{"damage_healed":21,"gold_gain":0,"player_choice":"Healed","damage_taken":0,"max_hp_gain":0,"max_hp_loss":0,"event_name":"The Cleric","floor":7,"gold_loss":35},{"damage_healed":0,"gold_gain":0,"player_choice":"Grow","damage_taken":0,"max_hp_gain":0,"max_hp_loss":0,"event_name":"Living Wall","floor":8,"gold_loss":0,"cards_upgraded":["Bash"]},{"damage_healed":0,"gold_gain":0,"player_choice":"Lose Max HP","damage_taken":0,"relics_obtained":["Golden Idol"],"max_hp_gain":0,"max_hp_loss":8,"event_name":"Golden Idol","floor":13,"gold_loss":0},{"damage_healed":0,"gold_gain":0,"player_choice":"Ignored","damage_taken":0,"max_hp_gain":0,"max_hp_loss":0,"event_name":"The Mausoleum","floor":19,"gold_loss":0},{"damage_healed":0,"gold_gain":0,"player_choice":"Ignored","damage_taken":0,"max_hp_gain":0,"max_hp_loss":0,"event_name":"Ghosts","floor":20,"gold_loss":0},{"damage_healed":0,"gold_gain":0,"player_choice":"Simplicity","damage_taken":0,"max_hp_gain":0,"max_hp_loss":0,"event_name":"Back to Basics","floor":21,"gold_loss":0,"cards_upgraded":["Strike_R","Strike_R","Strike_R","Strike_R","Strike_R","Defend_R","Defend_R","Defend_R","Defend_R"]}],"is_beta":false,"boss_relics":[{"not_picked":["Coffee Dripper","Lizard Tail"],"picked":"Fusion Hammer"}],"items_purged_floors":[],"is_endless":false,"potions_floor_spawned":[6,11,12,14,16,18],"killed_by":"Book of Stabbing","ascension_level":17}