{"gold_per_floor":[118,118,135,160,172,172,183,194,247,28,63,79,114,128,128,228,228,241,156,156,175,192,192,217,229,281,298,298,298,324,119,119,214,214,232,249,249,259,276,306,306,320,366,366,400,400],"floor_reached":46,"playtime":4997,"items_purged":["Searing Blow"],"score":692,"play_id":"0d2e89a6-870d-4015-ae36-39dceb2deab6","local_time":"20190318132526","is_ascension_mode":true,"campfire_choices":[{"data":"Metallicize","floor":6,"key":"SMITH"},{"data":"Barricade","floor":15,"key":"SMITH"},{"floor":23,"key":"REST"},{"floor":28,"key":"REST"},{"floor":32,"key":"REST"},{"floor":41,"key":"REST"}],"neow_cost":"NONE","seed_source_timestamp":400106927269346,"circlet_count":0,"master_deck":["Bash","Reaper+1","Ghostly Armor","Metallicize+1","Headbutt","Anger","True Grit","Demon Form","Feed","Battle Trance","Headbutt","Barricade+1","Limit Break","Twin Strike","Clothesline","Rage","Limit Break","Exhume","Infernal Blade","Pummel","Impervious","Feel No Pain+1","Shockwave+1","Entrench","Body Slam","Shrug It Off","Metallicize","Feed","Shrug It Off","Warcry+1","Heavy Blade+1","Offering"],"relics":["Burning Blood","Bag of Preparation","Tiny Chest","Regal Pillow","PreservedInsect","Pandora\u0027s Box","Bag of Marbles","Boot","Omamori","Juzu Bracelet","Potion Belt","Orichalcum","Black Star","Magic Flower","Pen Nib","Champion Belt","Gambling Chip"],"potions_floor_usage":[11,12,12,24,25,27,30,38,39,45],"damage_taken":[{"damage":8,"enemies":"Jaw Worm","floor":1,"turns":4},{"damage":0,"enemies":"Cultist","floor":3,"turns":4},{"damage":2,"enemies":"2 Louse","floor":5,"turns":4},{"damage":12,"enemies":"Red Slaver","floor":7,"turns":7},{"damage":2,"enemies":"2 Fungi Beasts","floor":8,"turns":4},{"damage":28,"enemies":"Lagavulin","floor":11,"turns":7},{"damage":3,"enemies":"Large Slime","floor":12,"turns":8},{"damage":16,"enemies":"3 Sentries","floor":13,"turns":7},{"damage":10,"enemies":"Exordium Wildlife","floor":14,"turns":5},{"damage":31,"enemies":"Slime Boss","floor":16,"turns":14},{"damage":20,"enemies":"Spheric Guardian","floor":18,"turns":5},{"damage":15,"enemies":"Shell Parasite","floor":21,"turns":9},{"damage":16,"enemies":"Sentry and Sphere","floor":22,"turns":12},{"damage":62,"enemies":"Slavers","floor":24,"turns":9},{"damage":34,"enemies":"Shelled Parasite and Fungi","floor":25,"turns":5},{"damage":6,"enemies":"Cultist and Chosen","floor":27,"turns":10},{"damage":30,"enemies":"Book of Stabbing","floor":30,"turns":9},{"damage":51,"enemies":"Automaton","floor":33,"turns":13},{"damage":5,"enemies":"3 Shapes","floor":35,"turns":11},{"damage":29,"enemies":"3 Darklings","floor":36,"turns":11},{"damage":37,"enemies":"Sphere and 2 Shapes","floor":38,"turns":17},{"damage":59,"enemies":"Spire Growth","floor":39,"turns":13},{"damage":0,"enemies":"Giant Head","floor":40,"turns":11},{"damage":12,"enemies":"4 Shapes","floor":42,"turns":13},{"damage":109,"enemies":"Reptomancer","floor":45,"turns":14},{"damage":40,"enemies":"Jaw Worm Horde","floor":46,"turns":3}],"seed_played":"4994190986955313800","potions_obtained":[{"floor":5,"key":"PowerPotion"},{"floor":7,"key":"Explosive Potion"},{"floor":8,"key":"SkillPotion"},{"floor":11,"key":"Block Potion"},{"floor":14,"key":"Weak Potion"},{"floor":22,"key":"Poison Potion"},{"floor":24,"key":"Ancient Potion"},{"floor":25,"key":"AttackPotion"},{"floor":27,"key":"SkillPotion"},{"floor":35,"key":"AttackPotion"},{"floor":38,"key":"Fruit Juice"},{"floor":39,"key":"Block Potion"}],"is_trial":false,"path_per_floor":["M","?","M","T","M","R","M","M","T","$","E","M","E","M","R","B",null,"M","?","?","M","M","R","E","M","T","M","R","?","E","$","R","B",null,"M","M","?","M","M","E","R","M","T","?","E","M"],"character_chosen":"IRONCLAD","items_purchased":["Demon Form","Feed","Shrug It Off","Metallicize"],"campfire_rested":4,"item_purchase_floors":[10,10,31,31],"current_hp_per_floor":[78,78,80,80,80,80,79,80,80,80,58,74,80,85,85,75,86,72,72,72,63,56,89,46,18,18,21,64,64,40,40,83,56,95,104,98,98,80,32,38,86,98,98,121,35,0],"gold":400,"neow_bonus":"ONE_RANDOM_RARE_CARD","is_prod":false,"is_daily":false,"chose_seed":false,"campfire_upgraded":2,"win_rate":0,"timestamp":1552937126,"path_taken":["M","?","?","?","M","R","M","M","T","$","E","M","E","M","R","BOSS","M","?","?","M","M","R","E","M","T","M","R","?","E","$","R","BOSS","M","M","?","M","M","E","R","M","T","?","E","M"],"build_version":"2019-01-23","purchased_purges":1,"victory":false,"max_hp_per_floor":[80,80,80,80,80,80,80,80,80,80,80,83,86,86,86,86,86,86,86,86,86,89,89,92,92,92,95,95,95,95,95,95,95,95,104,104,104,107,112,112,112,121,121,121,121,121],"card_choices":[{"not_picked":["Armaments","Shrug It Off"],"picked":"Ghostly Armor","floor":1},{"not_picked":["Seeing Red","Sever Soul"],"picked":"Metallicize","floor":3},{"not_picked":["Wild Strike","Intimidate"],"picked":"Headbutt","floor":5},{"not_picked":["Bloodletting","Havoc"],"picked":"Anger","floor":7},{"not_picked":["Thunderclap","Second Wind"],"picked":"True Grit","floor":8},{"not_picked":["Dual Wield","Corruption","True Grit"],"picked":"SKIP","floor":11},{"not_picked":["Burning Pact","True Grit"],"picked":"Battle Trance","floor":12},{"not_picked":["Sword Boomerang","Body Slam"],"picked":"Headbutt","floor":13},{"not_picked":["Sever Soul","Shrug It Off"],"picked":"Barricade","floor":14},{"not_picked":["Double Tap","Berserk"],"picked":"Limit Break","floor":16},{"not_picked":["Cleave","Rampage","Thunderclap"],"picked":"SKIP","floor":18},{"not_picked":["Twin Strike","True Grit+1"],"picked":"Feel No Pain+1","floor":21},{"not_picked":["Wild Strike","Intimidate","Cleave"],"picked":"SKIP","floor":22},{"not_picked":["Evolve","Cleave","Bloodletting"],"picked":"SKIP","floor":24},{"not_picked":["Twin Strike","Warcry+1"],"picked":"Shockwave+1","floor":25},{"not_picked":["Carnage","Bloodletting"],"picked":"Entrench","floor":27},{"not_picked":["Rampage+1","Perfected Strike"],"picked":"Body Slam","floor":30},{"not_picked":["Bludgeon","Immolate"],"picked":"Feed","floor":33},{"not_picked":["Twin Strike+1","Seeing Red+1"],"picked":"Shrug It Off","floor":35},{"not_picked":["Anger","Iron Wave+1","Clothesline"],"picked":"SKIP","floor":36},{"not_picked":["Iron Wave+1","Burning Pact"],"picked":"Warcry+1","floor":38},{"not_picked":["True Grit","Sword Boomerang","Clash+1"],"picked":"SKIP","floor":39},{"not_picked":["Second Wind+1","Perfected Strike"],"picked":"Heavy Blade+1","floor":40},{"not_picked":["Bloodletting+1","Heavy Blade"],"picked":"Offering","floor":42},{"not_picked":["Bloodletting","Clothesline+1","Anger+1"],"picked":"SKIP","floor":45}],"player_experience":251917,"relics_obtained":[{"floor":4,"key":"Bag of Preparation"},{"floor":9,"key":"Tiny Chest"},{"floor":11,"key":"Regal Pillow"},{"floor":13,"key":"PreservedInsect"},{"floor":24,"key":"Omamori"},{"floor":26,"key":"Juzu Bracelet"},{"floor":30,"key":"Orichalcum"},{"floor":40,"key":"Magic Flower"},{"floor":40,"key":"Pen Nib"},{"floor":45,"key":"Champion Belt"},{"floor":45,"key":"Gambling Chip"}],"event_choices":[{"damage_healed":0,"gold_gain":0,"player_choice":"Upgraded","damage_taken":0,"max_hp_gain":0,"max_hp_loss":0,"event_name":"Upgrade Shrine","floor":2,"gold_loss":0,"cards_upgraded":["Reaper"]},{"damage_healed":0,"gold_gain":0,"player_choice":"Obtained Relic","damage_taken":0,"relics_obtained":["Bag of Marbles"],"max_hp_gain":0,"max_hp_loss":0,"event_name":"Addict","floor":19,"gold_loss":85},{"damage_healed":0,"gold_gain":0,"player_choice":"Gave Potion","damage_taken":0,"relics_obtained":["Boot"],"max_hp_gain":0,"max_hp_loss":0,"event_name":"WeMeetAgain","floor":20,"gold_loss":0},{"damage_healed":0,"gold_gain":0,"player_choice":"Opened","damage_taken":0,"relics_obtained":["Potion Belt"],"max_hp_gain":0,"max_hp_loss":0,"event_name":"The Mausoleum","floor":29,"gold_loss":0,"cards_obtained":["Writhe"]},{"damage_healed":0,"gold_gain":0,"player_choice":"Ignored","damage_taken":0,"max_hp_gain":0,"max_hp_loss":0,"event_name":"Mysterious Sphere","floor":37,"gold_loss":0},{"damage_healed":30,"gold_gain":0,"player_choice":"Writhe","damage_taken":0,"max_hp_gain":0,"max_hp_loss":0,"event_name":"Winding Halls","floor":44,"gold_loss":0,"cards_obtained":["Writhe"]}],"is_beta":false,"boss_relics":[{"not_picked":["Calling Bell","Runic Pyramid"],"picked":"Pandora\u0027s Box"},{"not_picked":["Astrolabe","Orrery"],"picked":"Black Star"}],"items_purged_floors":[31],"is_endless":false,"potions_floor_spawned":[5,7,8,11,14,22,24,25,27,35,38,39],"killed_by":"Jaw Worm Horde","ascension_level":2}