{"gold_per_floor":[112,112,187,187,112,112,145,145,145,156,156,172,172,189,189,286,286,303,303,336,336,81,81,92,118,143,172,47,147,147,121,121,226,226,245,345,356,578,120,120,120,134,160,160,191,203,260,272,284,296],"floor_reached":51,"playtime":1861,"items_purged":["Defend_R","Defend_R+1","Defend_R+1","Strike_R+1"],"score":784,"play_id":"710bf0b5-25a8-41d2-a9cf-d608010eef7f","local_time":"20190408201641","is_ascension_mode":true,"campfire_choices":[{"data":"Clash","floor":6,"key":"SMITH"},{"data":"Bash","floor":8,"key":"SMITH"},{"data":"Twin Strike","floor":11,"key":"SMITH"},{"data":"Cleave","floor":13,"key":"SMITH"},{"data":"Reaper","floor":15,"key":"SMITH"},{"data":"Offering","floor":23,"key":"SMITH"},{"floor":30,"key":"REST"},{"data":"Clash","floor":32,"key":"SMITH"},{"floor":40,"key":"DIG"},{"floor":41,"key":"DIG"},{"floor":44,"key":"DIG"},{"floor":46,"key":"REST"},{"floor":49,"key":"REST"}],"neow_cost":"NONE","seed_source_timestamp":112864745510301,"circlet_count":0,"master_deck":["Strike_R+1","Strike_R+1","Strike_R+1","Strike_R+1","Bash+1","Clash+1","Twin Strike+1","Cleave+1","Reaper+1","Offering+1","Clash+1","Twin Strike+1","Clash+1","Flex+1","Infernal Blade+1"],"relics":["Burning Blood","NeowsBlessing","Lantern","Shuriken","White Beast Statue","Red Mask","Dream Catcher","Self Forming Clay","Potion Belt","Ancient Tea Set","WingedGreaves","Ornamental Fan","Runic Cube","Bird Faced Urn","Shovel","Bag of Preparation","Mango","Red Skull","MawBank","Charon\u0027s Ashes"],"potions_floor_usage":[20,25,25,27,27,29,33,37,37,42,42,47,47,50],"damage_taken":[{"damage":0,"enemies":"Jaw Worm","floor":1,"turns":1},{"damage":0,"enemies":"Lagavulin","floor":7,"turns":1},{"damage":0,"enemies":"Small Slimes","floor":10,"turns":1},{"damage":0,"enemies":"2 Louse","floor":12,"turns":2},{"damage":2,"enemies":"Blue Slaver","floor":14,"turns":2},{"damage":62,"enemies":"Hexaghost","floor":16,"turns":6},{"damage":11,"enemies":"Spheric Guardian","floor":18,"turns":3},{"damage":6,"enemies":"Masked Bandits","floor":20,"turns":2},{"damage":6,"enemies":"2 Thieves","floor":24,"turns":2},{"damage":16,"enemies":"Slavers","floor":25,"turns":4},{"damage":6,"enemies":"Book of Stabbing","floor":27,"turns":2},{"damage":20,"enemies":"Colosseum Slavers","floor":29,"turns":2},{"damage":6,"enemies":"Colosseum Nobs","floor":29,"turns":1},{"damage":37,"enemies":"Automaton","floor":33,"turns":6},{"damage":8,"enemies":"3 Darklings","floor":35,"turns":3},{"damage":50,"enemies":"Mind Bloom Boss Battle","floor":36,"turns":3},{"damage":5,"enemies":"3 Shapes","floor":37,"turns":1},{"damage":24,"enemies":"Maw","floor":42,"turns":3},{"damage":6,"enemies":"Jaw Worm Horde","floor":45,"turns":1},{"damage":24,"enemies":"2 Orb Walkers","floor":47,"turns":3},{"damage":42,"enemies":"Time Eater","floor":50,"turns":5}],"seed_played":"2391109935924328363","potions_obtained":[{"floor":7,"key":"Regen Potion"},{"floor":10,"key":"Block Potion"},{"floor":18,"key":"Explosive Potion"},{"floor":20,"key":"Regen Potion"},{"floor":25,"key":"LiquidBronze"},{"floor":27,"key":"SteroidPotion"},{"floor":29,"key":"Weak Potion"},{"floor":33,"key":"Explosive Potion"},{"floor":35,"key":"Regen Potion"},{"floor":36,"key":"Poison Potion"},{"floor":37,"key":"Regen Potion"},{"floor":42,"key":"Explosive Potion"},{"floor":45,"key":"Dexterity Potion"},{"floor":47,"key":"Block Potion"}],"is_trial":false,"path_per_floor":["M","?","?","?","$","R","E","R","T","M","R","M","R","M","R","B",null,"M","?","?","?","$","R","M","E","T","E","$","?","R","$","R","B",null,"M","?","M","?","$","R","R","M","T","R","M","R","?","?","R","B",null],"character_chosen":"IRONCLAD","items_purchased":["Dream Catcher","Clash","Shovel"],"campfire_rested":3,"item_purchase_floors":[22,31,39],"current_hp_per_floor":[80,80,69,74,74,74,80,80,80,85,85,85,85,85,85,41,85,80,80,85,85,85,85,85,85,85,85,85,71,85,85,85,68,85,85,41,42,42,42,42,56,54,54,54,54,83,65,65,93,67],"gold":308,"neow_bonus":"THREE_ENEMY_KILL","is_prod":false,"is_daily":false,"chose_seed":false,"campfire_upgraded":7,"win_rate":0,"timestamp":1554747401,"path_taken":["M","?","?","?","?","R","E","R","T","M","R","M","R","?","R","BOSS","M","?","?","?","?","R","M","E","T","E","$","?","R","$","R","BOSS","M","?","M","?","$","R","R","M","T","R","M","R","?","?","R","BOSS"],"build_version":"2019-01-23","purchased_purges":4,"victory":true,"max_hp_per_floor":[80,80,80,85,85,85,85,85,85,85,85,85,85,85,85,85,85,85,85,85,85,85,85,85,85,85,85,85,85,85,85,85,85,85,85,85,85,85,85,85,99,99,99,99,99,99,99,94,94,94],"card_choices":[{"not_picked":["Armaments","Sentinel"],"picked":"Clash","floor":1},{"not_picked":["Headbutt","Shrug It Off"],"picked":"Twin Strike","floor":7},{"not_picked":["Rupture","Warcry"],"picked":"Cleave","floor":10},{"not_picked":["Heavy Blade","Anger"],"picked":"Reaper","floor":12},{"not_picked":["Warcry","True Grit","Carnage"],"picked":"SKIP","floor":14},{"not_picked":["Barricade","Juggernaut"],"picked":"Offering","floor":16},{"not_picked":["Havoc","Warcry","Body Slam"],"picked":"SKIP","floor":18},{"not_picked":["Clothesline+1","Iron Wave","Headbutt"],"picked":"SKIP","floor":24},{"not_picked":["Fiend Fire","Havoc+1"],"picked":"Clash+1","floor":25},{"not_picked":["Inflame","Thunderclap"],"picked":"Twin Strike+1","floor":27},{"not_picked":["Anger+1","Headbutt+1","Corruption"],"picked":"SKIP","floor":35},{"not_picked":["Warcry","Bloodletting+1","Heavy Blade"],"picked":"SKIP","floor":37},{"not_picked":["Perfected Strike+1","Rupture","Iron Wave+1"],"picked":"SKIP","floor":42},{"not_picked":["Dropkick","Heavy Blade"],"picked":"Flex+1","floor":45},{"not_picked":["Pommel Strike+1","Thunderclap"],"picked":"Infernal Blade+1","floor":47}],"player_experience":327345,"relics_obtained":[{"floor":7,"key":"Lantern"},{"floor":9,"key":"Shuriken"},{"floor":20,"key":"Red Mask"},{"floor":25,"key":"Self Forming Clay"},{"floor":26,"key":"Potion Belt"},{"floor":27,"key":"Ancient Tea Set"},{"floor":29,"key":"WingedGreaves"},{"floor":29,"key":"Ornamental Fan"},{"floor":36,"key":"Bird Faced Urn"},{"floor":40,"key":"Bag of Preparation"},{"floor":41,"key":"Mango"},{"floor":43,"key":"Red Skull"},{"floor":44,"key":"MawBank"},{"floor":47,"key":"Charon\u0027s Ashes"}],"event_choices":[{"cards_removed":["Defend_R"],"damage_healed":0,"gold_gain":0,"player_choice":"Forget","damage_taken":0,"max_hp_gain":0,"max_hp_loss":0,"event_name":"Living Wall","floor":2,"gold_loss":0},{"damage_healed":0,"gold_gain":75,"player_choice":"Gather Gold","damage_taken":11,"max_hp_gain":0,"max_hp_loss":0,"event_name":"World of Goop","floor":3,"gold_loss":0},{"damage_healed":0,"gold_gain":0,"player_choice":"Donut","damage_taken":0,"max_hp_gain":5,"max_hp_loss":0,"event_name":"Big Fish","floor":4,"gold_loss":0},{"damage_healed":0,"gold_gain":0,"player_choice":"Ignored","damage_taken":0,"max_hp_gain":0,"max_hp_loss":0,"event_name":"Vampires","floor":19,"gold_loss":0},{"damage_healed":0,"gold_gain":0,"player_choice":"Fought Bandits","damage_taken":0,"max_hp_gain":0,"max_hp_loss":0,"event_name":"Masked Bandits","floor":20,"gold_loss":0},{"damage_healed":0,"gold_gain":0,"player_choice":"Simplicity","damage_taken":0,"max_hp_gain":0,"max_hp_loss":0,"event_name":"Back to Basics","floor":21,"gold_loss":0,"cards_upgraded":["Strike_R","Strike_R","Strike_R","Strike_R","Strike_R","Defend_R","Defend_R"]},{"damage_healed":0,"gold_gain":0,"player_choice":"Fight","damage_taken":0,"max_hp_gain":0,"max_hp_loss":0,"event_name":"Colosseum","floor":29,"gold_loss":0},{"damage_healed":0,"gold_gain":0,"player_choice":"Fought Nobs","damage_taken":0,"max_hp_gain":0,"max_hp_loss":0,"event_name":"Colosseum","floor":29,"gold_loss":0},{"damage_healed":0,"gold_gain":0,"player_choice":"Fight","damage_taken":0,"max_hp_gain":0,"max_hp_loss":0,"event_name":"MindBloom","floor":36,"gold_loss":0},{"damage_healed":0,"gold_gain":222,"player_choice":"Wore Mask","damage_taken":0,"max_hp_gain":0,"max_hp_loss":0,"event_name":"Tomb of Lord Red Mask","floor":38,"gold_loss":0},{"damage_healed":0,"gold_gain":0,"player_choice":"Fight","damage_taken":0,"max_hp_gain":0,"max_hp_loss":0,"event_name":"Mysterious Sphere","floor":47,"gold_loss":0},{"damage_healed":0,"gold_gain":0,"player_choice":"Max HP","damage_taken":0,"max_hp_gain":0,"max_hp_loss":5,"event_name":"Winding Halls","floor":48,"gold_loss":0}],"is_beta":false,"boss_relics":[{"not_picked":["Sozu","Runic Dome"],"picked":"White Beast Statue"},{"not_picked":["Coffee Dripper","Snecko Eye"],"picked":"Runic Cube"}],"items_purged_floors":[5,22,28,39],"is_endless":false,"potions_floor_spawned":[7,10,18,20,24,25,27,29,29,33,35,36,37,42,45,47],"ascension_level":1}