{"gold_per_floor":[143,160,175,175,175,100,100,115,115,190,36,54,89,102,102,207,207,227,238,263,263,281,281,291,319,619,630,630,648,105,30,30,130,130,146,158,174,174,184,218,234,234,260,273,273,273,285,300,300,300],"floor_reached":51,"playtime":2447,"items_purged":["Strike_R","Strike_R"],"score":805,"play_id":"334792f0-562b-4b3e-a919-4c40904afe8f","local_time":"20180921160637","is_ascension_mode":false,"campfire_choices":[{"data":"Flex","floor":7,"key":"SMITH"},{"data":"Limit Break","floor":15,"key":"SMITH"},{"floor":23,"key":"REST"},{"floor":32,"key":"REST"},{"data":"True Grit","floor":42,"key":"SMITH"},{"data":"Flex","floor":46,"key":"SMITH"},{"data":"Armaments","floor":49,"key":"SMITH"}],"neow_cost":"NONE","seed_source_timestamp":666642991519601,"circlet_count":0,"master_deck":["Strike_R+1","Strike_R+1","Defend_R+1","Defend_R","Bash+1","Flex+1","Pummel","Limit Break+1","Reaper","Flame Barrier","Iron Wave+1","Second Wind+1","Whirlwind+1","Flex+1","Double Tap","True Grit+1","Madness","Madness","Armaments+1"],"relics":["Burning Blood","Tiny Chest","Mango","Letter Opener","Whetstone","Oddly Smooth Stone","Runic Pyramid","Red Mask","Frozen Egg 2","Strawberry","Old Coin","Mercury Hourglass","Pear","Empty Cage","Singing Bowl","Pen Nib"],"potions_floor_usage":[14,16,22,25,33,33,35,50,50],"damage_taken":[{"damage":6,"enemies":"2 Louse","floor":1,"turns":3},{"damage":6,"enemies":"Small Slimes","floor":2,"turns":4},{"damage":1,"enemies":"Cultist","floor":3,"turns":3},{"damage":5,"enemies":"Looter","floor":8,"turns":3},{"damage":5,"enemies":"3 Louse","floor":12,"turns":3},{"damage":18,"enemies":"Lagavulin","floor":13,"turns":6},{"damage":0,"enemies":"2 Fungi Beasts","floor":14,"turns":2},{"damage":44,"enemies":"Slime Boss","floor":16,"turns":9},{"damage":8,"enemies":"3 Byrds","floor":18,"turns":6},{"damage":25,"enemies":"2 Thieves","floor":19,"turns":4},{"damage":53,"enemies":"Masked Bandits","floor":20,"turns":6},{"damage":64,"enemies":"3 Cultists","floor":22,"turns":6},{"damage":21,"enemies":"Cultist and Chosen","floor":24,"turns":8},{"damage":50,"enemies":"Slavers","floor":25,"turns":5},{"damage":10,"enemies":"Snecko","floor":27,"turns":6},{"damage":16,"enemies":"Snake Plant","floor":29,"turns":4},{"damage":27,"enemies":"Automaton","floor":33,"turns":7},{"damage":7,"enemies":"Orb Walker","floor":35,"turns":3},{"damage":30,"enemies":"3 Darklings","floor":36,"turns":6},{"damage":87,"enemies":"Spire Growth","floor":37,"turns":8},{"damage":28,"enemies":"Transient","floor":39,"turns":5},{"damage":43,"enemies":"Nemesis","floor":40,"turns":9},{"damage":41,"enemies":"3 Darklings","floor":41,"turns":5},{"damage":18,"enemies":"Reptomancer","floor":44,"turns":7},{"damage":30,"enemies":"4 Shapes","floor":47,"turns":7},{"damage":47,"enemies":"Spire Growth","floor":48,"turns":4},{"damage":156,"enemies":"Donu and Deca","floor":50,"turns":11}],"seed_played":"-408661760216842589","potions_obtained":[{"floor":2,"key":"Fire Potion"},{"floor":13,"key":"SpeedPotion"},{"floor":14,"key":"Ancient Potion"},{"floor":19,"key":"EssenceOfSteel"},{"floor":20,"key":"GamblersBrew"},{"floor":22,"key":"Block Potion"},{"floor":25,"key":"Explosive Potion"},{"floor":33,"key":"EssenceOfSteel"},{"floor":35,"key":"Fruit Juice"},{"floor":37,"key":"Explosive Potion"},{"floor":47,"key":"Dexterity Potion"},{"floor":48,"key":"FairyPotion"}],"is_trial":false,"path_per_floor":["M","M","M","?","?","$","R","M","T","?","$","M","E","M","R","B",null,"M","M","?","T","M","R","M","E","T","M","T","M","$","?","R","B",null,"M","M","M","?","M","E","M","R","T","M","?","R","M","M","R","B"],"character_chosen":"IRONCLAD","items_purchased":["Whetstone","Flex","Double Tap","Pear"],"campfire_rested":2,"item_purchase_floors":[11,30,30,30],"current_hp_per_floor":[80,80,80,64,75,75,75,76,76,65,65,66,54,60,60,22,94,94,94,54,54,20,48,33,32,32,28,28,22,32,32,65,44,111,116,116,77,77,55,56,89,89,89,122,107,107,107,100,100,34],"gold":300,"neow_bonus":"RANDOM_COMMON_RELIC","is_prod":false,"is_daily":false,"chose_seed":false,"campfire_upgraded":5,"win_rate":0,"timestamp":1537571197,"path_taken":["M","M","M","?","?","?","R","M","T","?","$","?","E","M","R","BOSS","M","M","?","?","M","R","?","E","T","?","?","M","?","?","R","BOSS","M","M","M","?","?","E","M","R","T","M","?","R","?","M","R","BOSS"],"build_version":"2018-09-20","purchased_purges":2,"victory":true,"max_hp_per_floor":[80,80,80,80,94,94,94,94,94,94,94,94,94,94,94,94,94,94,94,94,94,94,94,94,101,101,101,101,101,111,111,111,111,111,116,116,116,116,116,118,120,120,120,122,122,122,124,124,124,124],"card_choices":[{"not_picked":["Cleave","Clash"],"picked":"Flex","floor":1},{"not_picked":["Headbutt","Shrug It Off"],"picked":"Pummel","floor":2},{"not_picked":["Wild Strike","Havoc","Blood for Blood"],"picked":"SKIP","floor":3},{"not_picked":["Carnage","Sword Boomerang","Burning Pact"],"picked":"SKIP","floor":8},{"not_picked":["Clash","Feel No Pain","Blood for Blood"],"picked":"SKIP","floor":12},{"not_picked":["Flex","Shrug It Off"],"picked":"Limit Break","floor":13},{"not_picked":["Anger","Searing Blow","Carnage"],"picked":"SKIP","floor":14},{"not_picked":["Barricade","Fiend Fire"],"picked":"Reaper","floor":16},{"not_picked":["Reckless Charge","Iron Wave","Headbutt"],"picked":"SKIP","floor":18},{"not_picked":["Thunderclap","Hemokinesis"],"picked":"Flame Barrier","floor":19},{"not_picked":["Shrug It Off","Reckless Charge"],"picked":"Iron Wave+1","floor":20},{"not_picked":["Shrug It Off","Carnage"],"picked":"Second Wind+1","floor":22},{"not_picked":["Reckless Charge+1","Headbutt+1"],"picked":"Whirlwind+1","floor":24},{"not_picked":["Corruption+1","Wild Strike","Second Wind"],"picked":"SKIP","floor":25},{"not_picked":["Warcry","Iron Wave","Cleave+1"],"picked":"SKIP","floor":27},{"not_picked":["Feel No Pain+1","Iron Wave","Fire Breathing+1"],"picked":"SKIP","floor":29},{"not_picked":["Bludgeon","Dark Embrace+1"],"picked":"Barricade+1","floor":33},{"not_picked":["Sever Soul","Wild Strike+1","Heavy Blade+1"],"picked":"SKIP","floor":35},{"not_picked":["Pommel Strike","Searing Blow+1"],"picked":"True Grit","floor":36},{"not_picked":["Sever Soul+1","Clothesline+1","Burning Pact+1"],"picked":"SKIP","floor":37},{"not_picked":["Entrench","Perfected Strike+1","Sever Soul+1"],"picked":"SKIP","floor":39},{"not_picked":["Cleave+1","Demon Form+1","Ghostly Armor+1"],"picked":"Singing Bowl","floor":40},{"not_picked":["Flex","Seeing Red","Spot Weakness+1"],"picked":"Singing Bowl","floor":41},{"not_picked":["True Grit","Perfected Strike","Thunderclap+1"],"picked":"Singing Bowl","floor":44},{"not_picked":["Sever Soul","Warcry+1","Shockwave"],"picked":"Singing Bowl","floor":47},{"not_picked":["Anger+1","Iron Wave+1"],"picked":"Armaments","floor":48}],"player_experience":247118,"relics_obtained":[{"floor":9,"key":"Letter Opener"},{"floor":13,"key":"Oddly Smooth Stone"},{"floor":20,"key":"Red Mask"},{"floor":21,"key":"Frozen Egg 2"},{"floor":25,"key":"Strawberry"},{"floor":26,"key":"Old Coin"},{"floor":28,"key":"Mercury Hourglass"},{"floor":40,"key":"Singing Bowl"},{"floor":43,"key":"Pen Nib"}],"event_choices":[{"event_name":"Shining Light","player_choice":"Entered Light","floor":4,"damage_taken":0},{"event_name":"Scrap Ooze","player_choice":"success","floor":5,"damage_taken":3},{"event_name":"World of Goop","player_choice":"Gather Gold","floor":10,"damage_taken":0},{"event_name":"Masked Bandits","player_choice":"Fought Bandits","floor":20,"damage_taken":0},{"event_name":"Beggar","player_choice":"Gave Gold","floor":31,"damage_taken":0},{"event_name":"Falling","player_choice":"Removed Power","floor":38,"damage_taken":0},{"event_name":"Winding Halls","player_choice":"Embrace Madness","floor":45,"damage_taken":0}],"is_beta":false,"boss_relics":[{"not_picked":["Black Blood","Eternal Feather"],"picked":"Runic Pyramid"},{"not_picked":["White Beast Statue","Calling Bell"],"picked":"Empty Cage"}],"items_purged_floors":[6,30],"is_endless":false,"potions_floor_spawned":[2,13,14,19,20,22,25,33,35,37,47,48],"ascension_level":0}