{"gold_per_floor":[112,127,127,127,150,150,186,199,199,199],"floor_reached":10,"playtime":394,"items_purged":[],"score":119,"play_id":"57cd20d4-2099-464c-be5e-77e82db90046","local_time":"20190501223826","is_ascension_mode":true,"campfire_choices":[{"data":"Perfected Strike","floor":6,"key":"SMITH"}],"neow_cost":"NONE","seed_source_timestamp":1596357677223238,"circlet_count":0,"master_deck":["AscendersBane","Strike_R","Strike_R","Strike_R","Strike_R","Strike_R","Defend_R","Defend_R","Defend_R","Defend_R","Bash","Perfected Strike+1","Headbutt","Twin Strike","Spot Weakness","Shrug It Off"],"relics":["Burning Blood","Bag of Preparation","Golden Idol","Art of War","Toxic Egg 2"],"potions_floor_usage":[10,10],"damage_taken":[{"damage":5,"enemies":"Small Slimes","floor":1,"turns":4},{"damage":1,"enemies":"Cultist","floor":2,"turns":3},{"damage":1,"enemies":"2 Louse","floor":5,"turns":2},{"damage":25,"enemies":"Lagavulin","floor":7,"turns":6},{"damage":15,"enemies":"Large Slime","floor":8,"turns":5},{"damage":42,"enemies":"3 Sentries","floor":10,"turns":7}],"seed_played":"6972216548231519120","potions_obtained":[{"floor":1,"key":"Swift Potion"},{"floor":7,"key":"BloodPotion"}],"is_trial":false,"path_per_floor":["M","M","?","?","M","R","E","M","T","E"],"character_chosen":"IRONCLAD","items_purchased":[],"campfire_rested":0,"item_purchase_floors":[],"current_hp_per_floor":[69,74,79,51,56,56,37,28,28,0],"gold":199,"neow_bonus":"RANDOM_COMMON_RELIC","is_prod":false,"is_daily":false,"chose_seed":false,"campfire_upgraded":1,"win_rate":0,"timestamp":1556775506,"path_taken":["M","M","?","?","M","R","E","M","T","E"],"build_version":"2019-01-23","purchased_purges":0,"victory":false,"max_hp_per_floor":[75,75,80,80,80,80,80,80,80,80],"card_choices":[{"not_picked":["Bloodletting","Reckless Charge"],"picked":"Perfected Strike","floor":1},{"not_picked":["Seeing Red","Sword Boomerang"],"picked":"Headbutt","floor":2},{"not_picked":["Clothesline","Cleave"],"picked":"Twin Strike","floor":5},{"not_picked":["Power Through","Pummel"],"picked":"Spot Weakness","floor":7},{"not_picked":["Seeing Red","Cleave"],"picked":"Shrug It Off","floor":8}],"player_experience":373258,"relics_obtained":[{"floor":7,"key":"Art of War"},{"floor":9,"key":"Toxic Egg 2"}],"event_choices":[{"damage_healed":0,"gold_gain":0,"player_choice":"Donut","damage_taken":0,"max_hp_gain":5,"max_hp_loss":0,"event_name":"Big Fish","floor":3,"gold_loss":0},{"damage_healed":0,"gold_gain":0,"player_choice":"Take Damage","damage_taken":28,"relics_obtained":["Golden Idol"],"max_hp_gain":0,"max_hp_loss":0,"event_name":"Golden Idol","floor":4,"gold_loss":0}],"is_beta":false,"boss_relics":[],"items_purged_floors":[],"is_endless":false,"potions_floor_spawned":[1,7,8],"killed_by":"3 Sentries","ascension_level":15}