{"gold_per_floor":[117,192,212,212,228,228,248,248,331,366,384,384,384,410,410,410],"floor_reached":16,"playtime":694,"items_purged":[],"score":120,"play_id":"e4067bff-f17f-49b2-a05a-def22985319c","local_time":"20190405134531","is_ascension_mode":true,"campfire_choices":[{"data":"True Grit","floor":6,"key":"SMITH"},{"data":"Rampage","floor":8,"key":"SMITH"},{"floor":12,"key":"REST"},{"data":"Warcry","floor":15,"key":"SMITH"}],"neow_cost":"NONE","seed_source_timestamp":15081111938681,"circlet_count":0,"master_deck":["Strike_R","Strike_R","Strike_R","Strike_R","Defend_R","Defend_R","Defend_R","Defend_R","Bash","True Grit+1","Uppercut","Rampage+1","Warcry+1","Armaments+1","Immolate"],"relics":["Burning Blood","Tiny Chest","Juzu Bracelet","Happy Flower"],"potions_floor_usage":[16],"damage_taken":[{"damage":1,"enemies":"2 Louse","floor":1,"turns":3},{"damage":8,"enemies":"Cultist","floor":3,"turns":5},{"damage":1,"enemies":"Small Slimes","floor":5,"turns":4},{"damage":19,"enemies":"Blue Slaver","floor":7,"turns":5},{"damage":31,"enemies":"Gremlin Nob","floor":10,"turns":5},{"damage":18,"enemies":"Lots of Slimes","floor":11,"turns":7},{"damage":49,"enemies":"Hexaghost","floor":16,"turns":11}],"seed_played":"1735104356854026778","potions_obtained":[{"floor":1,"key":"SpeedPotion"},{"floor":4,"key":"SkillPotion"},{"floor":4,"key":"FearPotion"},{"floor":4,"key":"SteroidPotion"},{"floor":7,"key":"Strength Potion"}],"is_trial":false,"path_per_floor":["M","?","M","?","M","R","M","R","T","E","M","R","?","T","R","B"],"character_chosen":"IRONCLAD","items_purchased":[],"campfire_rested":1,"item_purchase_floors":[],"current_hp_per_floor":[80,69,67,67,72,72,59,59,59,34,22,46,46,46,46,0],"gold":410,"neow_bonus":"REMOVE_CARD","is_prod":false,"is_daily":false,"chose_seed":false,"campfire_upgraded":3,"win_rate":0,"timestamp":1554464731,"path_taken":["M","?","M","?","?","R","M","R","T","E","M","R","?","?","R","BOSS"],"build_version":"2019-01-23","purchased_purges":0,"victory":false,"max_hp_per_floor":[80,80,80,80,80,80,80,80,80,80,80,80,80,80,80,80],"card_choices":[{"not_picked":["Uppercut","Ghostly Armor"],"picked":"True Grit","floor":1},{"not_picked":["Carnage","Perfected Strike"],"picked":"Uppercut","floor":3},{"not_picked":["Hemokinesis","True Grit"],"picked":"Rampage","floor":5},{"not_picked":["Disarm","Battle Trance"],"picked":"Warcry","floor":7},{"not_picked":["Twin Strike","Rage"],"picked":"Armaments","floor":10},{"not_picked":["Warcry","Rage"],"picked":"Immolate","floor":11}],"player_experience":244517,"relics_obtained":[{"floor":9,"key":"Tiny Chest"},{"floor":10,"key":"Juzu Bracelet"},{"floor":14,"key":"Happy Flower"}],"event_choices":[{"damage_healed":0,"gold_gain":75,"player_choice":"Gather Gold","damage_taken":11,"max_hp_gain":0,"max_hp_loss":0,"event_name":"World of Goop","floor":2,"gold_loss":0},{"damage_healed":0,"gold_gain":0,"player_choice":"Got Potions","damage_taken":0,"max_hp_gain":0,"max_hp_loss":0,"event_name":"Lab","floor":4,"gold_loss":0},{"damage_healed":0,"gold_gain":0,"player_choice":"Grow","damage_taken":0,"max_hp_gain":0,"max_hp_loss":0,"event_name":"Living Wall","floor":13,"gold_loss":0,"cards_upgraded":["Armaments"]}],"is_beta":false,"boss_relics":[],"items_purged_floors":[],"is_endless":false,"potions_floor_spawned":[1,7,11],"killed_by":"Hexaghost","ascension_level":4}