{"gold_per_floor":[363,214,228,153,171,171,203,219,219,247,247,264,276,276,276,276],"floor_reached":16,"playtime":885,"items_purged":["Decay"],"score":196,"play_id":"1651fd8e-77ff-41a3-b0c7-3fe0ad598f07","local_time":"20190323151148","is_ascension_mode":true,"campfire_choices":[{"floor":11,"key":"REST"},{"floor":15,"key":"REST"}],"neow_cost":"CURSE","seed_source_timestamp":1025170190061361,"circlet_count":0,"master_deck":["AscendersBane","Strike_B","Strike_B","Defend_B","Defend_B","Defend_B","Defend_B","Zap","Dualcast","Gash","Go for the Eyes","Redo","BootSequence","Gash","Stack","White Noise","Scrape"],"relics":["Cracked Core","Cables","Ornamental Fan","Pear"],"potions_floor_usage":[8,10],"damage_taken":[{"damage":4,"enemies":"2 Louse","floor":1,"turns":3},{"damage":9,"enemies":"Jaw Worm","floor":3,"turns":3},{"damage":0,"enemies":"Cultist","floor":5,"turns":3},{"damage":7,"enemies":"Lagavulin","floor":7,"turns":7},{"damage":0,"enemies":"Lots of Slimes","floor":8,"turns":2},{"damage":35,"enemies":"Gremlin Nob","floor":10,"turns":6},{"damage":10,"enemies":"Exordium Thugs","floor":12,"turns":6},{"damage":3,"enemies":"3 Louse","floor":13,"turns":3},{"damage":55,"enemies":"Hexaghost","floor":16,"turns":10}],"seed_played":"8883265548449899196","potions_obtained":[{"floor":3,"key":"Weak Potion"},{"floor":7,"key":"AttackPotion"}],"is_trial":false,"path_per_floor":["M","$","M","?","M","?","E","M","T","E","R","M","M","?","R","B"],"character_chosen":"DEFECT","items_purchased":["Go for the Eyes","Redo"],"campfire_rested":2,"item_purchase_floors":[2,2],"current_hp_per_floor":[60,60,51,51,51,51,44,44,44,19,43,33,30,30,54,0],"gold":276,"neow_bonus":"TWO_FIFTY_GOLD","is_prod":false,"is_daily":false,"chose_seed":false,"campfire_upgraded":0,"win_rate":0,"timestamp":1553353908,"path_taken":["M","$","M","?","M","?","E","M","T","E","R","M","M","?","R","BOSS"],"build_version":"2019-01-23","purchased_purges":1,"victory":false,"max_hp_per_floor":[71,71,71,71,71,71,71,71,71,81,81,81,81,81,81,81],"card_choices":[{"not_picked":["Turbo","Doom and Gloom"],"picked":"Gash","floor":1},{"not_picked":["Sweeping Beam","Conserve Battery"],"picked":"BootSequence","floor":3},{"not_picked":["BootSequence","Compile Driver"],"picked":"Gash","floor":5},{"not_picked":["Self Repair","Sweeping Beam","Consume"],"picked":"SKIP","floor":7},{"not_picked":["Melter","Streamline"],"picked":"White Noise","floor":8},{"not_picked":["Static Discharge","Blizzard","Lockon"],"picked":"SKIP","floor":10},{"not_picked":["Coolheaded","Leap"],"picked":"Scrape","floor":12},{"not_picked":["Scrape","Sweeping Beam","Coolheaded"],"picked":"SKIP","floor":13}],"player_experience":1609918,"relics_obtained":[{"floor":7,"key":"Cables"},{"floor":9,"key":"Ornamental Fan"},{"floor":10,"key":"Pear"}],"event_choices":[{"cards_removed":["Strike_B"],"damage_healed":0,"gold_gain":0,"player_choice":"Card Removal","damage_taken":0,"max_hp_gain":0,"max_hp_loss":0,"event_name":"The Cleric","floor":4,"gold_loss":75},{"damage_healed":0,"gold_gain":0,"cards_transformed":["Strike_B"],"player_choice":"Change","damage_taken":0,"max_hp_gain":0,"max_hp_loss":0,"event_name":"Living Wall","floor":6,"gold_loss":0,"cards_obtained":["Stack"]},{"damage_healed":0,"gold_gain":0,"player_choice":"Ignored","damage_taken":0,"max_hp_gain":0,"max_hp_loss":0,"event_name":"Shining Light","floor":14,"gold_loss":0}],"is_beta":false,"boss_relics":[],"items_purged_floors":[2],"is_endless":false,"potions_floor_spawned":[3,7],"killed_by":"Hexaghost","ascension_level":15}