{"gold_per_floor":[112,123,123,298,298,298,315,344,368,368,380,305,305,305,305,403,403,422,438,214,229,229,229],"floor_reached":23,"playtime":633,"items_purged":["Doubt","Strike_B"],"score":189,"play_id":"d9ebfb91-b61f-4a6b-8b0c-bc3440310021","local_time":"20190222180618","is_ascension_mode":false,"campfire_choices":[{"data":"Zap","floor":6,"key":"SMITH"},{"data":"Defend_B","floor":10,"key":"SMITH"},{"data":"Conserve Battery","floor":15,"key":"SMITH"}],"neow_cost":"NONE","seed_source_timestamp":175871040872247,"circlet_count":0,"master_deck":["Strike_B+1","Strike_B","Defend_B","Defend_B","Defend_B","Defend_B+1","Zap+1","Dualcast","Ball Lightning","Cold Snap","Gash+1","Conserve Battery+1"],"relics":["Cracked Core","NeowsBlessing","Symbiotic Virus","Oddly Smooth Stone","Art of War","DataDisk","Black Star","Tiny Chest"],"potions_floor_usage":[8],"damage_taken":[{"damage":0,"enemies":"2 Louse","floor":1,"turns":1},{"damage":0,"enemies":"Jaw Worm","floor":2,"turns":1},{"damage":0,"enemies":"Cultist","floor":7,"turns":1},{"damage":8,"enemies":"Gremlin Nob","floor":8,"turns":3},{"damage":6,"enemies":"Exordium Thugs","floor":11,"turns":3},{"damage":31,"enemies":"Hexaghost","floor":16,"turns":12},{"damage":5,"enemies":"2 Thieves","floor":18,"turns":5},{"damage":7,"enemies":"Chosen","floor":19,"turns":4},{"damage":15,"enemies":"Snecko","floor":21,"turns":4},{"damage":56,"enemies":"Gremlin Leader","floor":23,"turns":7}],"seed_played":"8348866313790865786","potions_obtained":[{"floor":2,"key":"Weak Potion"},{"floor":7,"key":"AttackPotion"},{"floor":8,"key":"SteroidPotion"}],"is_trial":false,"path_per_floor":["M","M","?","?","T","R","M","E","T","R","M","$","?","?","R","B",null,"M","M","$","M","?","E"],"character_chosen":"DEFECT","items_purchased":["Tiny Chest"],"campfire_rested":0,"item_purchase_floors":[20],"current_hp_per_floor":[75,75,68,68,68,68,68,60,60,60,54,54,39,39,39,8,75,70,63,63,48,48,0],"gold":229,"neow_bonus":"THREE_ENEMY_KILL","is_prod":false,"is_daily":false,"chose_seed":false,"campfire_upgraded":3,"win_rate":0,"timestamp":1550887578,"path_taken":["M","M","?","?","?","R","M","E","T","R","?","$","?","?","R","BOSS","M","M","$","M","?","E"],"build_version":"2019-01-23","purchased_purges":2,"victory":false,"max_hp_per_floor":[75,75,75,75,75,75,75,75,75,75,75,75,75,75,75,75,75,75,75,75,75,75,75],"card_choices":[{"not_picked":["Compile Driver","Force Field"],"picked":"Ball Lightning","floor":1},{"not_picked":["Recycle","Hello World","Fusion"],"picked":"SKIP","floor":2},{"not_picked":["Auto Shields","Conserve Battery"],"picked":"Cold Snap","floor":7},{"not_picked":["Rebound","Electrodynamics"],"picked":"Gash","floor":8},{"not_picked":["Rebound","Melter"],"picked":"Conserve Battery","floor":11},{"not_picked":["Streamline","Ball Lightning","Turbo"],"picked":"SKIP","floor":18},{"not_picked":["Leap+1","Machine Learning","Scrape"],"picked":"SKIP","floor":19},{"not_picked":["Conserve Battery","Sweeping Beam","FTL"],"picked":"SKIP","floor":21}],"player_experience":438400,"relics_obtained":[{"floor":5,"key":"Symbiotic Virus"},{"floor":8,"key":"Oddly Smooth Stone"},{"floor":9,"key":"Art of War"}],"event_choices":[{"cards_removed":["Strike_B"],"damage_healed":0,"gold_gain":0,"player_choice":"Card Removal","damage_taken":7,"max_hp_gain":0,"max_hp_loss":0,"event_name":"Golden Wing","floor":3,"gold_loss":0},{"damage_healed":0,"gold_gain":175,"player_choice":"AGREE","damage_taken":0,"max_hp_gain":0,"max_hp_loss":0,"event_name":"Liars Game","floor":4,"gold_loss":0,"cards_obtained":["Doubt"]},{"damage_healed":0,"gold_gain":0,"player_choice":"Entered Light","damage_taken":15,"max_hp_gain":0,"max_hp_loss":0,"event_name":"Shining Light","floor":13,"gold_loss":0,"cards_upgraded":["Strike_B","Gash"]},{"damage_healed":0,"gold_gain":0,"player_choice":"Searched \u00272\u0027 times","damage_taken":0,"relics_obtained":["DataDisk"],"max_hp_gain":0,"max_hp_loss":0,"event_name":"Dead Adventurer","floor":14,"gold_loss":0},{"damage_healed":0,"gold_gain":0,"player_choice":"Ignored","damage_taken":0,"max_hp_gain":0,"max_hp_loss":0,"event_name":"Vampires","floor":22,"gold_loss":0}],"is_beta":false,"boss_relics":[{"not_picked":["Philosopher\u0027s Stone","Ectoplasm"],"picked":"Black Star"}],"items_purged_floors":[12,20],"is_endless":false,"potions_floor_spawned":[2,7,8],"killed_by":"Gremlin Leader","ascension_level":0}