{"gold_per_floor":[113,133,83,100,113,113,141,165,165,165,185,220,220,254,254,357,357,369,140,175,26,26,26,51,326,326,326,326,359,439,453,453,453],"floor_reached":33,"playtime":1261,"items_purged":["Writhe"],"score":434,"play_id":"bd2dbff0-da77-499f-bde6-2b2056e9de6e","local_time":"20190403124301","is_ascension_mode":true,"campfire_choices":[{"data":"Fiend Fire","floor":6,"key":"SMITH"},{"data":"Battle Trance","floor":10,"key":"SMITH"},{"floor":15,"key":"REST"},{"floor":23,"key":"REST"},{"floor":28,"key":"REST"},{"floor":32,"key":"REST"}],"neow_cost":"CURSE","seed_source_timestamp":70768910048055,"circlet_count":0,"master_deck":["Strike_R","Strike_R","Strike_R","Defend_R","Defend_R","Defend_R","Defend_R","Bash","Fiend Fire+1","Shockwave","Anger","Battle Trance+1","Rampage","Twin Strike","Cleave","Pummel","Dark Embrace","Double Tap","Armaments","Feel No Pain","Sentinel","Thunderclap","Shockwave","Bandage Up","Pummel","Warcry","Regret","Feel No Pain","Battle Trance+1"],"relics":["Burning Blood","Oddly Smooth Stone","Centennial Puzzle","Charon\u0027s Ashes","Juzu Bracelet","Bag of Preparation","Lantern","Fusion Hammer","Red Mask","Ornamental Fan","Question Card","Nilry\u0027s Codex","Thread and Needle","Sundial"],"potions_floor_usage":[7,16,33,33,33],"damage_taken":[{"damage":8,"enemies":"2 Louse","floor":1,"turns":4},{"damage":9,"enemies":"Jaw Worm","floor":2,"turns":3},{"damage":5,"enemies":"Small Slimes","floor":4,"turns":3},{"damage":9,"enemies":"Red Slaver","floor":5,"turns":2},{"damage":12,"enemies":"Gremlin Nob","floor":7,"turns":3},{"damage":8,"enemies":"Exordium Thugs","floor":11,"turns":2},{"damage":15,"enemies":"Lagavulin","floor":12,"turns":4},{"damage":10,"enemies":"3 Sentries","floor":14,"turns":2},{"damage":40,"enemies":"Slime Boss","floor":16,"turns":8},{"damage":6,"enemies":"3 Byrds","floor":18,"turns":2},{"damage":21,"enemies":"Masked Bandits","floor":20,"turns":3},{"damage":9,"enemies":"Slavers","floor":24,"turns":3},{"damage":60,"enemies":"Gremlin Leader","floor":29,"turns":8},{"damage":12,"enemies":"2 Thieves","floor":31,"turns":3},{"damage":60,"enemies":"Automaton","floor":33,"turns":10}],"seed_played":"-7740347127331814020","potions_obtained":[{"floor":1,"key":"GamblersBrew"},{"floor":5,"key":"Poison Potion"},{"floor":7,"key":"Swift Potion"},{"floor":14,"key":"FearPotion"},{"floor":18,"key":"Strength Potion"},{"floor":24,"key":"AttackPotion"}],"is_trial":false,"path_per_floor":["M","M","?","M","M","R","E","T","T","R","M","E","T","E","R","B",null,"M","$","?","$","?","R","E","?","T","?","R","E","T","M","R","B"],"character_chosen":"IRONCLAD","items_purchased":["Feel No Pain","Sentinel","Thunderclap","Bandage Up","Pummel"],"campfire_rested":4,"item_purchase_floors":[19,19,19,21,21],"current_hp_per_floor":[70,67,67,68,65,65,59,59,59,59,57,48,48,44,68,34,69,69,69,54,54,54,78,79,79,79,63,80,27,27,21,45,0],"gold":453,"neow_bonus":"THREE_RARE_CARDS","is_prod":false,"is_daily":false,"chose_seed":false,"campfire_upgraded":2,"win_rate":0,"timestamp":1554320581,"path_taken":["M","M","?","M","M","R","E","?","T","R","M","E","?","E","R","BOSS","M","$","?","$","?","R","E","?","T","?","R","E","?","M","R","BOSS"],"build_version":"2019-01-23","purchased_purges":1,"victory":false,"max_hp_per_floor":[80,80,80,80,80,80,80,80,80,80,80,80,80,80,80,80,80,80,80,80,80,80,80,80,80,80,80,80,80,80,80,80,80],"card_choices":[{"not_picked":["Juggernaut","Limit Break"],"picked":"Fiend Fire","floor":0},{"not_picked":["True Grit","Anger"],"picked":"Shockwave","floor":1},{"not_picked":["Havoc","Dual Wield"],"picked":"Anger","floor":2},{"not_picked":["Flex","Anger"],"picked":"Battle Trance","floor":4},{"not_picked":["Rupture","Perfected Strike"],"picked":"Rampage","floor":5},{"not_picked":["Thunderclap","Intimidate"],"picked":"Twin Strike","floor":7},{"not_picked":["Combust","Headbutt"],"picked":"Cleave","floor":11},{"not_picked":["Whirlwind","Second Wind"],"picked":"Pummel","floor":12},{"not_picked":["Sentinel","Wild Strike"],"picked":"Dark Embrace","floor":14},{"not_picked":["Reaper","Juggernaut"],"picked":"Double Tap","floor":16},{"not_picked":["Searing Blow","Cleave+1"],"picked":"Armaments","floor":18},{"not_picked":["Perfected Strike","Headbutt+1"],"picked":"Shockwave","floor":20},{"not_picked":["Anger","Reckless Charge"],"picked":"Warcry","floor":24},{"not_picked":["Rupture","Havoc","Uppercut+1"],"picked":"Feel No Pain","floor":29},{"not_picked":["Iron Wave","Body Slam+1","Brutality"],"picked":"Battle Trance+1","floor":31}],"player_experience":367212,"relics_obtained":[{"floor":7,"key":"Oddly Smooth Stone"},{"floor":8,"key":"Centennial Puzzle"},{"floor":9,"key":"Charon\u0027s Ashes"},{"floor":12,"key":"Juzu Bracelet"},{"floor":13,"key":"Bag of Preparation"},{"floor":14,"key":"Lantern"},{"floor":20,"key":"Red Mask"},{"floor":24,"key":"Ornamental Fan"},{"floor":26,"key":"Question Card"},{"floor":27,"key":"Nilry\u0027s Codex"},{"floor":29,"key":"Thread and Needle"},{"floor":30,"key":"Sundial"}],"event_choices":[{"cards_removed":["Strike_R"],"damage_healed":0,"gold_gain":0,"player_choice":"Card Removal","damage_taken":0,"max_hp_gain":0,"max_hp_loss":0,"event_name":"The Cleric","floor":3,"gold_loss":50},{"damage_healed":0,"gold_gain":0,"player_choice":"Fought Bandits","damage_taken":0,"max_hp_gain":0,"max_hp_loss":0,"event_name":"Masked Bandits","floor":20,"gold_loss":0},{"cards_removed":["Strike_R"],"damage_healed":0,"gold_gain":0,"player_choice":"Elegance","damage_taken":0,"max_hp_gain":0,"max_hp_loss":0,"event_name":"Back to Basics","floor":22,"gold_loss":0},{"damage_healed":0,"gold_gain":275,"player_choice":"Desecrate","damage_taken":0,"max_hp_gain":0,"max_hp_loss":0,"event_name":"Golden Shrine","floor":25,"gold_loss":0,"cards_obtained":["Regret"]},{"damage_healed":0,"gold_gain":0,"player_choice":"Obtained Book","damage_taken":16,"max_hp_gain":0,"max_hp_loss":0,"event_name":"Cursed Tome","floor":27,"gold_loss":0}],"is_beta":false,"boss_relics":[{"not_picked":["Eternal Feather","Busted Crown"],"picked":"Fusion Hammer"}],"items_purged_floors":[19],"is_endless":false,"potions_floor_spawned":[1,5,7,14,18,24,31],"killed_by":"Automaton","ascension_level":9}