{"gold_per_floor":[115,131,150,100,114,139,314,175,175,175,207,207,238,254,254,356,356,376,390,406,31,44,76,76,86,156,156,156,81,91,120,120,220,220,237,290,306,306],"floor_reached":38,"playtime":2154,"items_purged":["Doubt"],"score":649,"play_id":"aa8640ce-286a-4d0e-bfbb-643ae40abac1","local_time":"20190330161925","is_ascension_mode":true,"campfire_choices":[{"floor":10,"key":"REST"},{"floor":12,"key":"REST"},{"data":"Noxious Fumes","floor":15,"key":"SMITH"},{"floor":24,"key":"REST"},{"floor":28,"key":"REST"},{"floor":32,"key":"RECALL"}],"neow_cost":"NONE","seed_source_timestamp":830429307549082,"circlet_count":0,"master_deck":["Defend_G","Defend_G","Defend_G","Defend_G","Strike_G","Strike_G","Survivor","Neutralize","Caltrops","Blur","Skewer","Dagger Spray","Noxious Fumes+1","Caltrops","Flying Knee","Dash","Malaise","Caltrops","Flying Knee+1","Footwork","Bouncing Flask","PiercingWail","Crippling Poison","Blur","Adrenaline","Bane","Infinite Blades","Envenom","Outmaneuver+1","Expertise","Dagger Throw+1","Escape Plan","Infinite Blades","After Image","Caltrops"],"relics":["Ring of the Snake","Centennial Puzzle","Smiling Mask","Sundial","The Specimen","Thread and Needle","Fusion Hammer","OrangePellets","Mummified Hand","Gremlin Horn","Boot","Orrery","Pocketwatch"],"potions_floor_usage":[6,11,20,23,23],"damage_taken":[{"damage":0,"enemies":"Cultist","floor":1,"turns":4},{"damage":0,"enemies":"Jaw Worm","floor":2,"turns":5},{"damage":2,"enemies":"2 Louse","floor":3,"turns":4},{"damage":0,"enemies":"2 Fungi Beasts","floor":5,"turns":5},{"damage":27,"enemies":"3 Sentries","floor":6,"turns":10},{"damage":27,"enemies":"Gremlin Nob","floor":11,"turns":5},{"damage":19,"enemies":"3 Sentries","floor":13,"turns":6},{"damage":5,"enemies":"Looter","floor":14,"turns":4},{"damage":9,"enemies":"Hexaghost","floor":16,"turns":9},{"damage":0,"enemies":"3 Byrds","floor":18,"turns":3},{"damage":3,"enemies":"Spheric Guardian","floor":19,"turns":4},{"damage":18,"enemies":"Snecko","floor":20,"turns":8},{"damage":5,"enemies":"Snake Plant","floor":22,"turns":4},{"damage":5,"enemies":"Gremlin Leader","floor":23,"turns":6},{"damage":2,"enemies":"Cultist and Chosen","floor":25,"turns":5},{"damage":0,"enemies":"Centurion and Healer","floor":30,"turns":6},{"damage":0,"enemies":"Book of Stabbing","floor":31,"turns":5},{"damage":19,"enemies":"Collector","floor":33,"turns":7},{"damage":11,"enemies":"3 Darklings","floor":35,"turns":5},{"damage":46,"enemies":"2 Orb Walkers","floor":36,"turns":5},{"damage":0,"enemies":"Orb Walker","floor":37,"turns":4},{"damage":9,"enemies":"Sphere and 2 Shapes","floor":38,"turns":3}],"seed_played":"4765599169996972163","potions_obtained":[{"floor":1,"key":"SteroidPotion"},{"floor":5,"key":"LiquidBronze"},{"floor":13,"key":"Block Potion"},{"floor":14,"key":"GhostInAJar"},{"floor":20,"key":"Energy Potion"},{"floor":23,"key":"FearPotion"},{"floor":31,"key":"Dexterity Potion"},{"floor":35,"key":"Fire Potion"}],"is_trial":false,"path_per_floor":["M","M","M","?","M","E","?","$","T","R","E","R","E","M","R","B",null,"M","M","M","$","M","E","R","M","T","?","R","?","M","E","R","B",null,"M","?","M","M"],"character_chosen":"THE_SILENT","items_purchased":["Caltrops","SteroidPotion","OrangePellets","Footwork","Bouncing Flask","PiercingWail"],"campfire_rested":4,"item_purchase_floors":[8,8,21,21,21,21],"current_hp_per_floor":[63,63,61,61,61,34,34,34,34,55,28,49,30,25,25,16,57,57,54,36,36,31,26,47,45,45,45,66,66,66,66,66,47,64,53,7,7,0],"gold":306,"neow_bonus":"RANDOM_COMMON_RELIC","is_prod":false,"is_daily":false,"chose_seed":false,"campfire_upgraded":1,"win_rate":0,"timestamp":1553987965,"path_taken":["M","?","M","?","M","E","?","$","T","R","E","R","E","M","R","BOSS","M","M","M","$","M","E","R","M","T","?","R","?","M","E","R","BOSS","M","?","M","M"],"build_version":"2019-01-23","purchased_purges":1,"victory":false,"max_hp_per_floor":[70,70,70,70,70,70,70,70,70,70,70,70,70,70,70,70,70,70,70,70,70,70,70,70,70,70,70,70,70,70,70,70,70,70,70,70,70,70],"card_choices":[{"not_picked":["Dodge and Roll","Prepared"],"picked":"Caltrops","floor":1},{"not_picked":["Predator","Acrobatics"],"picked":"Blur","floor":2},{"not_picked":["Outmaneuver","Eviscerate"],"picked":"Skewer","floor":3},{"not_picked":["Caltrops","Finisher"],"picked":"Dagger Spray","floor":5},{"not_picked":["Poisoned Stab","Catalyst"],"picked":"Noxious Fumes","floor":6},{"not_picked":["Skewer","Outmaneuver","Blade Dance"],"picked":"SKIP","floor":11},{"not_picked":["Heel Hook","Accuracy"],"picked":"Flying Knee","floor":13},{"not_picked":["Dagger Spray","Backflip"],"picked":"Dash","floor":14},{"not_picked":["Burst","Tools of the Trade"],"picked":"Malaise","floor":16},{"not_picked":["Bane+1","Flechettes","Blade Dance"],"picked":"SKIP","floor":18},{"not_picked":["Sucker Punch","Prepared"],"picked":"Caltrops","floor":19},{"not_picked":["Prepared","Dagger Spray"],"picked":"Flying Knee+1","floor":20},{"not_picked":["Masterful Stab+1","Dagger Throw+1","Dash"],"picked":"SKIP","floor":22},{"not_picked":["Distraction","Dagger Spray"],"picked":"Crippling Poison","floor":23},{"not_picked":["Predator","Outmaneuver"],"picked":"Blur","floor":25},{"not_picked":["Blur","Cloak And Dagger"],"picked":"Infinite Blades","floor":30},{"not_picked":["Grand Finale","All Out Attack","Masterful Stab"],"picked":"SKIP","floor":31},{"not_picked":["Phantasmal Killer","Wraith Form v2"],"picked":"Envenom","floor":33},{"not_picked":["Masterful Stab+1","Bane"],"picked":"Outmaneuver+1","floor":34},{"not_picked":["Blur","Backstab"],"picked":"Expertise","floor":34},{"not_picked":["Eviscerate","Outmaneuver"],"picked":"Dagger Throw+1","floor":34},{"not_picked":["Cloak And Dagger","Finisher"],"picked":"Escape Plan","floor":34},{"not_picked":["Dagger Spray","Underhanded Strike+1"],"picked":"Infinite Blades","floor":35},{"not_picked":["Prepared+1","Crippling Poison"],"picked":"After Image","floor":36},{"not_picked":["Setup","Cloak And Dagger"],"picked":"Caltrops","floor":37}],"player_experience":101035,"relics_obtained":[{"floor":6,"key":"Smiling Mask"},{"floor":9,"key":"Sundial"},{"floor":11,"key":"The Specimen"},{"floor":13,"key":"Thread and Needle"},{"floor":23,"key":"Mummified Hand"},{"floor":26,"key":"Gremlin Horn"},{"floor":31,"key":"Boot"},{"floor":36,"key":"Pocketwatch"}],"event_choices":[{"cards_removed":["Strike_G"],"damage_healed":0,"gold_gain":0,"player_choice":"Card Removal","damage_taken":0,"max_hp_gain":0,"max_hp_loss":0,"event_name":"The Cleric","floor":4,"gold_loss":50},{"damage_healed":0,"gold_gain":175,"player_choice":"AGREE","damage_taken":0,"max_hp_gain":0,"max_hp_loss":0,"event_name":"Liars Game","floor":7,"gold_loss":0,"cards_obtained":["Doubt"]},{"damage_healed":0,"gold_gain":0,"cards_transformed":["Strike_G","Strike_G"],"player_choice":"Became Test Subject","damage_taken":0,"max_hp_gain":0,"max_hp_loss":0,"event_name":"Drug Dealer","floor":27,"gold_loss":0,"cards_obtained":["Adrenaline","Bane"]},{"cards_removed":["Defend_G"],"damage_healed":0,"gold_gain":0,"player_choice":"Gave Gold","damage_taken":0,"max_hp_gain":0,"max_hp_loss":0,"event_name":"Beggar","floor":29,"gold_loss":75},{"damage_healed":0,"gold_gain":0,"player_choice":"Fight","damage_taken":0,"max_hp_gain":0,"max_hp_loss":0,"event_name":"Mysterious Sphere","floor":36,"gold_loss":0}],"is_beta":false,"boss_relics":[{"not_picked":["Runic Pyramid","Astrolabe"],"picked":"Fusion Hammer"},{"not_picked":["Lizard Tail","WristBlade"],"picked":"Orrery"}],"items_purged_floors":[8],"is_endless":false,"potions_floor_spawned":[1,5,13,14,20,23,31,35],"killed_by":"Sphere and 2 Shapes","ascension_level":6}