{"gold_per_floor":[118,131,142,156,156,156,186,186,240,240,240,89,123,193,205,312,324,355,56,67,86,104,104,104,130,130,130,130,150,178,190,190,190],"floor_reached":33,"playtime":1438,"items_purged":["Strike_R"],"score":369,"play_id":"9f732cf8-9416-4426-b2d7-0be3b9b87289","local_time":"20180816125704","is_ascension_mode":true,"campfire_choices":[{"data":"Bash","floor":6,"key":"SMITH"},{"data":"Burning Pact","floor":10,"key":"SMITH"},{"floor":15,"key":"REST"},{"floor":23,"key":"REST"},{"data":"Dual Wield","floor":28,"key":"SMITH"},{"data":"Limit Break","floor":32,"key":"SMITH"}],"neow_cost":"","seed_source_timestamp":93859972049821,"circlet_count":0,"master_deck":["Strike_R","Strike_R","Strike_R","Defend_R","Defend_R","Defend_R","Defend_R","Bash+1","Anger+1","Cleave","Burning Pact+1","Shockwave","Bludgeon+1","Clash+1","Shrug It Off","Burning Pact","Dropkick+1","Limit Break+1","Dual Wield+1","Thunderclap+1","Clash+1","Headbutt+1","Inflame","Pommel Strike+1","Inflame"],"relics":["Burning Blood","Molten Egg 2","Centennial Puzzle","Regal Pillow","MawBank","Shuriken","Sozu","Matryoshka","Meat on the Bone","Vajra","Mummified Hand","Boot"],"potions_floor_usage":[13,14],"damage_taken":[{"damage":9,"enemies":"Small Slimes","floor":1,"turns":4},{"damage":4,"enemies":"Jaw Worm","floor":2,"turns":4},{"damage":0,"enemies":"Cultist","floor":3,"turns":2},{"damage":12,"enemies":"Large Slime","floor":4,"turns":7},{"damage":32,"enemies":"Gremlin Nob","floor":7,"turns":4},{"damage":12,"enemies":"Lagavulin","floor":13,"turns":5},{"damage":10,"enemies":"3 Sentries","floor":14,"turns":4},{"damage":38,"enemies":"Hexaghost","floor":16,"turns":8},{"damage":6,"enemies":"3 Byrds","floor":18,"turns":3},{"damage":15,"enemies":"Shell Parasite","floor":20,"turns":3},{"damage":2,"enemies":"Snecko","floor":21,"turns":3},{"damage":22,"enemies":"Snake Plant","floor":22,"turns":3},{"damage":33,"enemies":"Gremlin Leader","floor":25,"turns":4},{"damage":4,"enemies":"3 Cultists","floor":29,"turns":3},{"damage":19,"enemies":"Book of Stabbing","floor":30,"turns":4},{"damage":0,"enemies":"Centurion and Healer","floor":31,"turns":2},{"damage":84,"enemies":"Collector","floor":33,"turns":6}],"seed_played":"4373968529688996905","potions_obtained":[{"floor":1,"key":"Fire Potion"},{"floor":7,"key":"SteroidPotion"},{"floor":16,"key":"Fire Potion"}],"is_trial":false,"path_per_floor":["M","M","M","M","?","R","E","?","T","R","?","$","E","?","R","B",null,"M","$","M","M","M","R","?","E","T","?","R","M","E","M","R"],"character_chosen":"IRONCLAD","items_purchased":["Clash+1","Shrug It Off","Thunderclap+1","Clash+1","Matryoshka"],"campfire_rested":2,"item_purchase_floors":[12,12,19,19,19],"current_hp_per_floor":[77,79,80,74,67,67,41,41,41,41,34,34,28,24,63,31,68,68,68,59,63,47,80,80,53,53,53,53,55,54,60,60,0],"gold":190,"neow_bonus":"","is_prod":false,"is_daily":false,"chose_seed":false,"campfire_upgraded":4,"win_rate":0,"timestamp":1534449424,"path_taken":["M","M","M","M","?","R","E","?","T","R","?","?","E","?","R","BOSS","M","?","M","M","M","R","?","E","T","?","R","M","E","M","R","BOSS"],"build_version":"2018-08-09","purchased_purges":1,"victory":false,"max_hp_per_floor":[80,80,80,80,80,80,80,80,80,80,80,80,80,80,80,80,80,80,80,80,80,80,80,80,80,80,80,80,80,80,80,80,80],"card_choices":[{"not_picked":["Pummel","Blood for Blood"],"picked":"Anger","floor":1},{"not_picked":["Anger","Corruption"],"picked":"Cleave","floor":2},{"not_picked":["Carnage","Anger"],"picked":"Burning Pact","floor":3},{"not_picked":["True Grit","Wild Strike"],"picked":"Shockwave","floor":4},{"not_picked":["Disarm","Flex"],"picked":"Bludgeon","floor":7},{"not_picked":["Body Slam+1","Searing Blow+1"],"picked":"Burning Pact","floor":13},{"not_picked":["Clash+1","Twin Strike+1"],"picked":"Dropkick+1","floor":14},{"not_picked":["Demon Form","Barricade"],"picked":"Limit Break","floor":16},{"not_picked":["Wild Strike+1","Perfected Strike+1"],"picked":"Dual Wield","floor":18},{"not_picked":["Heavy Blade+1","Brutality"],"picked":"Headbutt+1","floor":20},{"not_picked":["Second Wind+1","Twin Strike+1","Thunderclap+1"],"picked":"SKIP","floor":21},{"not_picked":["Warcry","Shrug It Off"],"picked":"Inflame","floor":22},{"not_picked":["Bloodletting","Entrench+1","Warcry"],"picked":"SKIP","floor":25},{"not_picked":["Headbutt+1","Impervious"],"picked":"Inflame","floor":29},{"not_picked":["Shrug It Off","Brutality","Clothesline+1"],"picked":"SKIP","floor":30},{"not_picked":["Second Wind","Rupture","Thunderclap+1"],"picked":"SKIP","floor":31}],"player_experience":82611,"relics_obtained":[{"floor":7,"key":"Molten Egg 2"},{"floor":9,"key":"Centennial Puzzle"},{"floor":13,"key":"MawBank"},{"floor":14,"key":"Shuriken"},{"floor":25,"key":"Meat on the Bone"},{"floor":26,"key":"Vajra"},{"floor":26,"key":"Mummified Hand"},{"floor":30,"key":"Boot"}],"event_choices":[{"event_name":"Golden Wing","player_choice":"Card Removal","floor":5,"damage_taken":0},{"event_name":"Accursed Blacksmith","player_choice":"Forge","floor":8,"damage_taken":0},{"event_name":"Scrap Ooze","player_choice":"success","floor":11,"damage_taken":7},{"event_name":"Dead Adventurer","player_choice":"Searched \u00272\u0027 times","floor":14,"damage_taken":0},{"event_name":"Drug Dealer","player_choice":"Ignored","floor":24,"damage_taken":0},{"event_name":"The Library","player_choice":"Read","floor":27,"damage_taken":0}],"is_beta":false,"boss_relics":[{"not_picked":["Calling Bell","Pandora\u0027s Box"],"picked":"Sozu"}],"items_purged_floors":[12],"is_endless":false,"potions_floor_spawned":[1,7,16,21,25,29,30,31],"killed_by":"Collector","ascension_level":5}