{"gold_per_floor":[119,119,131,206,156,156,183,202,202,227,243,243,243,257,257,356,356,371,371,388,388,404,404,87,98,98,98,118,118,118,153,153,255,255,271,371,371,371,381,406,4,4,28,40,40,0,13,42,42,42],"floor_reached":51,"playtime":3617,"items_purged":["Strike_R","Cleave"],"score":776,"play_id":"71e2d871-29a9-49dc-9f2e-13501249233f","local_time":"20190319140354","is_ascension_mode":true,"campfire_choices":[{"data":"Body Slam","floor":6,"key":"SMITH"},{"data":"Armaments","floor":13,"key":"SMITH"},{"data":"Thunderclap","floor":15,"key":"SMITH"},{"floor":23,"key":"REST"},{"floor":27,"key":"DIG"},{"floor":32,"key":"REST"},{"data":"Demon Form","floor":42,"key":"SMITH"},{"floor":49,"key":"REST"}],"neow_cost":"PERCENT_DAMAGE","seed_source_timestamp":13750699159002,"circlet_count":0,"master_deck":["Defend_R","Defend_R","Defend_R","Defend_R","Bash","Headbutt","Body Slam+1","Disarm","Armaments+1","Spot Weakness","Thunderclap+1","Limit Break","Cleave+1","Body Slam+1","Power Through","Sentinel+1","Body Slam+1","RitualDagger","Feed","Demon Form+1","Iron Wave+1","Twin Strike+1","Warcry+1","Madness","Madness","Feed","Parasite","Whirlwind+1","Rage+1"],"relics":["Burning Blood","Incense Burner","Question Card","Thread and Needle","Anchor","Empty Cage","Mercury Hourglass","Shovel","Gremlin Horn","MutagenicStrength","Oddly Smooth Stone","Orrery","Pocketwatch","Boot","Lantern","Red Skull","Bag of Marbles","Red Mask","Whetstone"],"potions_floor_usage":[8,10,14,16,31,31,31,39,48,50],"damage_taken":[{"damage":0,"enemies":"2 Louse","floor":1,"turns":4},{"damage":1,"enemies":"Small Slimes","floor":3,"turns":4},{"damage":22,"enemies":"3 Sentries","floor":7,"turns":10},{"damage":1,"enemies":"Cultist","floor":8,"turns":3},{"damage":10,"enemies":"Gremlin Nob","floor":10,"turns":4},{"damage":4,"enemies":"3 Louse","floor":11,"turns":4},{"damage":0,"enemies":"Large Slime","floor":14,"turns":5},{"damage":12,"enemies":"Slime Boss","floor":16,"turns":9},{"damage":42,"enemies":"Chosen","floor":18,"turns":9},{"damage":21,"enemies":"Spheric Guardian","floor":20,"turns":5},{"damage":7,"enemies":"Shelled Parasite and Fungi","floor":22,"turns":7},{"damage":18,"enemies":"Cultist and Chosen","floor":25,"turns":6},{"damage":6,"enemies":"Snecko","floor":28,"turns":8},{"damage":3,"enemies":"Book of Stabbing","floor":31,"turns":4},{"damage":14,"enemies":"Collector","floor":33,"turns":11},{"damage":0,"enemies":"3 Shapes","floor":35,"turns":7},{"damage":18,"enemies":"Mind Bloom Boss Battle","floor":36,"turns":9},{"damage":0,"enemies":"Orb Walker","floor":39,"turns":2},{"damage":7,"enemies":"Reptomancer","floor":40,"turns":6},{"damage":7,"enemies":"Sphere and 2 Shapes","floor":44,"turns":5},{"damage":8,"enemies":"Writhing Mass","floor":47,"turns":6},{"damage":35,"enemies":"Nemesis","floor":48,"turns":3},{"damage":50,"enemies":"Awakened One","floor":50,"turns":11}],"seed_played":"6283761242402946535","potions_obtained":[{"floor":3,"key":"Poison Potion"},{"floor":7,"key":"Regen Potion"},{"floor":8,"key":"SpeedPotion"},{"floor":14,"key":"Poison Potion"},{"floor":18,"key":"Dexterity Potion"},{"floor":25,"key":"Dexterity Potion"},{"floor":28,"key":"AttackPotion"},{"floor":33,"key":"SkillPotion"},{"floor":35,"key":"Explosive Potion"},{"floor":36,"key":"SteroidPotion"},{"floor":44,"key":"GamblersBrew"}],"is_trial":false,"path_per_floor":["M","?","M","?","?","R","E","M","T","E","M","?","R","M","R","B",null,"M","?","M","?","M","R","$","M","T","R","M","?","?","E","R","B",null,"M","?","?","?","M","E","$","R","T","M","$","?","M","E","R","B",null],"character_chosen":"IRONCLAD","items_purchased":["Mercury Hourglass","Lantern","Red Skull"],"campfire_rested":3,"item_purchase_floors":[24,41,41],"current_hp_per_floor":[62,80,80,69,69,69,53,63,63,59,61,61,61,67,67,61,80,44,44,29,29,28,52,52,40,40,40,40,40,34,37,61,53,80,80,68,68,58,64,63,63,63,63,69,69,69,67,38,64,23],"gold":42,"neow_bonus":"ONE_RARE_RELIC","is_prod":false,"is_daily":false,"chose_seed":false,"campfire_upgraded":4,"win_rate":0,"timestamp":1553000634,"path_taken":["M","?","M","?","?","R","E","M","T","E","M","?","R","M","R","BOSS","M","?","?","?","M","R","$","M","T","R","M","?","?","E","R","BOSS","M","?","?","?","M","E","?","R","T","?","$","?","M","E","R","BOSS"],"build_version":"2019-01-23","purchased_purges":2,"victory":true,"max_hp_per_floor":[80,80,80,80,80,80,80,80,80,80,80,80,80,80,80,80,80,80,80,80,80,80,80,80,80,80,80,80,80,80,80,80,80,80,80,80,80,80,80,80,80,80,80,87,87,87,87,87,87,90],"card_choices":[{"not_picked":["Thunderclap","Wild Strike"],"picked":"Headbutt","floor":1},{"not_picked":["Infernal Blade","Combust"],"picked":"Body Slam","floor":3},{"not_picked":["Wild Strike","Exhume","Warcry"],"picked":"SKIP","floor":7},{"not_picked":["Twin Strike","Havoc","Perfected Strike"],"picked":"Disarm","floor":8},{"not_picked":["Havoc","Brutality","Feel No Pain"],"picked":"Armaments","floor":10},{"not_picked":["Feel No Pain","Rupture","Sword Boomerang"],"picked":"Spot Weakness","floor":11},{"not_picked":["Clothesline","Clash","Entrench"],"picked":"Thunderclap","floor":14},{"not_picked":["Berserk","Fiend Fire","Juggernaut"],"picked":"Limit Break","floor":16},{"not_picked":["Carnage+1","Warcry+1","Sword Boomerang"],"picked":"Cleave","floor":18},{"not_picked":["Sword Boomerang+1","Perfected Strike","Cleave"],"picked":"Power Through","floor":20},{"not_picked":["Headbutt","Thunderclap","Limit Break","Uppercut"],"picked":"SKIP","floor":22},{"not_picked":["Body Slam","Second Wind","Cleave"],"picked":"Sentinel+1","floor":25},{"not_picked":["Sentinel+1","Rupture","Havoc"],"picked":"Body Slam+1","floor":28},{"not_picked":["Shockwave","Uppercut+1","True Grit"],"picked":"Feed","floor":31},{"not_picked":["Exhume","Impervious","Fiend Fire"],"picked":"Demon Form","floor":33},{"not_picked":["Flex","Body Slam","Dual Wield"],"picked":"Iron Wave","floor":34},{"not_picked":["Clash","Heavy Blade","Pommel Strike"],"picked":"Twin Strike+1","floor":34},{"not_picked":["Twin Strike","Spot Weakness","Wild Strike"],"picked":"Warcry+1","floor":34},{"not_picked":["Spot Weakness","Headbutt+1","Perfected Strike","Twin Strike"],"picked":"SKIP","floor":35},{"not_picked":["Havoc+1","Thunderclap","Headbutt"],"picked":"Cleave","floor":36},{"not_picked":["Warcry","Shockwave","Spot Weakness","Bloodletting"],"picked":"SKIP","floor":39},{"not_picked":["Pommel Strike+1","Searing Blow","Power Through"],"picked":"Feed","floor":40},{"not_picked":["Warcry","Hemokinesis+1","Twin Strike","Corruption+1"],"picked":"SKIP","floor":44},{"not_picked":["Battle Trance","Rampage+1","Havoc+1"],"picked":"Whirlwind+1","floor":47},{"not_picked":["Cleave+1","Anger","Hemokinesis"],"picked":"Rage+1","floor":48}],"player_experience":167047,"relics_obtained":[{"floor":7,"key":"Question Card"},{"floor":9,"key":"Thread and Needle"},{"floor":10,"key":"Anchor"},{"floor":26,"key":"Shovel"},{"floor":27,"key":"Gremlin Horn"},{"floor":31,"key":"Oddly Smooth Stone"},{"floor":36,"key":"Pocketwatch"},{"floor":40,"key":"Boot"},{"floor":43,"key":"Bag of Marbles"},{"floor":48,"key":"Whetstone"}],"event_choices":[{"damage_healed":26,"gold_gain":0,"player_choice":"Banana","damage_taken":0,"max_hp_gain":0,"max_hp_loss":0,"event_name":"Big Fish","floor":2,"gold_loss":0},{"damage_healed":0,"gold_gain":75,"player_choice":"Gather Gold","damage_taken":11,"max_hp_gain":0,"max_hp_loss":0,"event_name":"World of Goop","floor":4,"gold_loss":0},{"cards_removed":["Strike_R"],"damage_healed":0,"gold_gain":0,"player_choice":"Card Removal","damage_taken":0,"max_hp_gain":0,"max_hp_loss":0,"event_name":"The Cleric","floor":5,"gold_loss":50},{"cards_removed":["Strike_R"],"damage_healed":0,"gold_gain":0,"player_choice":"Forget","damage_taken":0,"max_hp_gain":0,"max_hp_loss":0,"event_name":"Living Wall","floor":12,"gold_loss":0},{"damage_healed":0,"gold_gain":0,"player_choice":"Copied","damage_taken":0,"max_hp_gain":0,"max_hp_loss":0,"event_name":"Duplicator","floor":19,"gold_loss":0,"cards_obtained":["Body Slam"]},{"damage_healed":0,"gold_gain":0,"player_choice":"Ignored","damage_taken":0,"max_hp_gain":0,"max_hp_loss":0,"event_name":"Cursed Tome","floor":21,"gold_loss":0},{"damage_healed":0,"gold_gain":0,"player_choice":"Inject Mutagens","damage_taken":0,"relics_obtained":["MutagenicStrength"],"max_hp_gain":0,"max_hp_loss":0,"event_name":"Drug Dealer","floor":29,"gold_loss":0},{"damage_healed":0,"gold_gain":0,"player_choice":"Joined the Cult","damage_taken":6,"max_hp_gain":0,"max_hp_loss":0,"event_name":"Nest","floor":30,"gold_loss":0,"cards_obtained":["RitualDagger"]},{"damage_healed":0,"gold_gain":0,"player_choice":"Fight","damage_taken":0,"max_hp_gain":0,"max_hp_loss":0,"event_name":"MindBloom","floor":36,"gold_loss":0},{"damage_healed":0,"gold_gain":0,"player_choice":"Ignored","damage_taken":0,"max_hp_gain":0,"max_hp_loss":0,"event_name":"Mysterious Sphere","floor":37,"gold_loss":0},{"damage_healed":0,"gold_gain":0,"player_choice":"Embrace Madness","damage_taken":10,"max_hp_gain":0,"max_hp_loss":0,"event_name":"Winding Halls","floor":38,"gold_loss":0,"cards_obtained":["Madness","Madness"]},{"damage_healed":0,"gold_gain":0,"player_choice":"Paid","damage_taken":0,"relics_obtained":["Red Mask"],"max_hp_gain":0,"max_hp_loss":0,"event_name":"Tomb of Lord Red Mask","floor":46,"gold_loss":40}],"is_beta":false,"boss_relics":[{"not_picked":["Fusion Hammer","Lizard Tail"],"picked":"Empty Cage"},{"not_picked":["Black Blood","Runic Cube"],"picked":"Orrery"}],"items_purged_floors":[24,41],"is_endless":false,"potions_floor_spawned":[3,7,8,14,18,25,28,33,35,36,44],"ascension_level":2}