{"gold_per_floor":[19,35,55,55,5,25,25,57,57,57,8,41,5,21,21,124,124,142,142,152,152,9,9,9],"floor_reached":24,"playtime":2477,"items_purged":["Strike_B"],"score":300,"play_id":"149bc50b-dc08-44e9-adb6-f717f1483e70","local_time":"20190407101830","is_ascension_mode":true,"campfire_choices":[{"data":"Defragment","floor":7,"key":"SMITH"},{"floor":10,"key":"REST"},{"data":"Cold Snap","floor":15,"key":"SMITH"},{"floor":23,"key":"REST"}],"neow_cost":"NO_GOLD","seed_source_timestamp":59008624309073,"circlet_count":0,"master_deck":["Strike_B","Strike_B","Defend_B","Defend_B","Defend_B","Defend_B","Zap","Dualcast","Echo Form","Cold Snap+1","Reprogram","Consume","Defragment+1","Auto Shields","Chill","Leap","Blizzard","Compile Driver","Amplify","Streamline+1","Turbo+1","Self Repair","Leap+1"],"relics":["Cracked Core","PreservedInsect","Dream Catcher","Bottled Flame","Black Star","Emotion Chip"],"potions_floor_usage":[6,8,12,16,21],"damage_taken":[{"damage":0,"enemies":"2 Louse","floor":1,"turns":1},{"damage":0,"enemies":"Small Slimes","floor":2,"turns":2},{"damage":11,"enemies":"Jaw Worm","floor":3,"turns":4},{"damage":8,"enemies":"2 Fungi Beasts","floor":6,"turns":3},{"damage":21,"enemies":"3 Sentries","floor":8,"turns":7},{"damage":0,"enemies":"Lagavulin","floor":12,"turns":6},{"damage":0,"enemies":"Gremlin Gang","floor":14,"turns":6},{"damage":16,"enemies":"The Guardian","floor":16,"turns":13},{"damage":22,"enemies":"3 Byrds","floor":18,"turns":5},{"damage":18,"enemies":"Spheric Guardian","floor":20,"turns":6},{"damage":0,"enemies":"Centurion and Healer","floor":21,"turns":1},{"damage":54,"enemies":"Slavers","floor":24,"turns":3}],"seed_played":"-7912734808403892092","potions_obtained":[{"floor":2,"key":"SteroidPotion"},{"floor":6,"key":"SteroidPotion"},{"floor":12,"key":"FearPotion"},{"floor":14,"key":"Strength Potion"},{"floor":18,"key":"SmokeBomb"}],"is_trial":false,"path_per_floor":["M","M","M","?","?","M","R","E","T","R","$","E","$","M","R","B",null,"M","?","M","M","$","R","E"],"character_chosen":"DEFECT","items_purchased":["Dexterity Potion","Blizzard","Self Repair"],"campfire_rested":2,"item_purchase_floors":[11,13,22],"current_hp_per_floor":[68,68,57,62,62,54,54,33,33,57,57,57,57,57,57,41,70,48,48,30,30,30,54,0],"gold":9,"neow_bonus":"THREE_RARE_CARDS","is_prod":false,"is_daily":false,"chose_seed":false,"campfire_upgraded":2,"win_rate":0,"timestamp":1554599910,"path_taken":["M","M","M","?","?","M","R","E","T","R","?","E","$","M","R","BOSS","M","?","?","?","?","R","E"],"build_version":"2019-01-23","purchased_purges":1,"victory":false,"max_hp_per_floor":[75,75,75,80,80,80,80,80,80,80,80,80,80,80,80,80,80,80,80,80,80,80,80,80],"card_choices":[{"not_picked":["Thunder Strike","All For One"],"picked":"Echo Form","floor":0},{"not_picked":["Streamline","Stack"],"picked":"Cold Snap","floor":1},{"not_picked":["Doom and Gloom","Sweeping Beam"],"picked":"Reprogram","floor":2},{"not_picked":["Loop","Cold Snap"],"picked":"Consume","floor":3},{"not_picked":["Hologram","Steam"],"picked":"Defragment","floor":6},{"not_picked":["White Noise","Go for the Eyes"],"picked":"Auto Shields","floor":8},{"not_picked":["Rebound","Redo"],"picked":"Chill","floor":10},{"not_picked":["Thunder Strike","Barrage"],"picked":"Leap","floor":12},{"not_picked":["Barrage","Leap"],"picked":"Compile Driver","floor":14},{"not_picked":["All For One","Reboot"],"picked":"Amplify","floor":16},{"not_picked":["Steam","Barrage+1"],"picked":"Streamline+1","floor":18},{"not_picked":["Coolheaded","Reinforced Body"],"picked":"Turbo+1","floor":20},{"not_picked":["Defragment","Hello World"],"picked":"Leap+1","floor":23}],"player_experience":278960,"relics_obtained":[{"floor":8,"key":"PreservedInsect"},{"floor":9,"key":"Dream Catcher"},{"floor":12,"key":"Bottled Flame"}],"event_choices":[{"damage_healed":0,"gold_gain":0,"player_choice":"Donut","damage_taken":0,"max_hp_gain":5,"max_hp_loss":0,"event_name":"Big Fish","floor":4,"gold_loss":0},{"cards_removed":["Strike_B"],"damage_healed":0,"gold_gain":0,"player_choice":"Card Removal","damage_taken":0,"max_hp_gain":0,"max_hp_loss":0,"event_name":"The Cleric","floor":5,"gold_loss":50},{"damage_healed":0,"gold_gain":0,"player_choice":"Gave Potion","damage_taken":0,"relics_obtained":["Emotion Chip"],"max_hp_gain":0,"max_hp_loss":0,"event_name":"WeMeetAgain","floor":19,"gold_loss":0}],"is_beta":false,"boss_relics":[{"not_picked":["Pandora\u0027s Box","Philosopher\u0027s Stone"],"picked":"Black Star"}],"items_purged_floors":[22],"is_endless":false,"potions_floor_spawned":[2,6,12,14,18],"killed_by":"Slavers","ascension_level":6}