{"gold_per_floor":[116,116,128,128,144,174,174,187,187,149,149,166,34,63,63,163,163,178,178,93,192,203,203],"floor_reached":23,"playtime":1627,"items_purged":[],"score":299,"play_id":"297fabf1-0b17-4fb4-add5-a850012d9d81","local_time":"20190315195917","is_ascension_mode":true,"campfire_choices":[{"floor":7,"key":"REST"},{"floor":11,"key":"REST"},{"floor":15,"key":"REST"}],"neow_cost":"NONE","seed_source_timestamp":350425304502583,"circlet_count":0,"master_deck":["AscendersBane","Defend_G","Defend_G","Defend_G","Defend_G","Defend_G+1","Strike_G","Strike_G","Strike_G+1","Strike_G","Strike_G","Survivor","Neutralize","Bouncing Flask","Backflip","Predator","Skewer","Quick Slash","Sucker Punch","Footwork","After Image"],"relics":["Ring of the Snake","Girya","Bottled Flame","Blue Candle","Ninja Scroll","Sozu","Singing Bowl"],"potions_floor_usage":[6,14,18],"damage_taken":[{"damage":0,"enemies":"2 Louse","floor":1,"turns":3},{"damage":1,"enemies":"Small Slimes","floor":3,"turns":4},{"damage":0,"enemies":"Jaw Worm","floor":5,"turns":4},{"damage":25,"enemies":"Lagavulin","floor":6,"turns":7},{"damage":10,"enemies":"3 Louse","floor":8,"turns":4},{"damage":3,"enemies":"Large Slime","floor":12,"turns":8},{"damage":6,"enemies":"3 Sentries","floor":14,"turns":10},{"damage":51,"enemies":"Hexaghost","floor":16,"turns":11},{"damage":10,"enemies":"Chosen","floor":18,"turns":5},{"damage":2,"enemies":"3 Byrds","floor":22,"turns":6},{"damage":61,"enemies":"Gremlin Leader","floor":23,"turns":9}],"seed_played":"-3056107730853724107","potions_obtained":[{"floor":1,"key":"LiquidBronze"},{"floor":8,"key":"EssenceOfSteel"},{"floor":16,"key":"Fruit Juice"}],"is_trial":false,"path_per_floor":["M","?","M","?","M","E","R","M","T","?","R","M","$","E","R","B",null,"M","?","?","?","M","E"],"character_chosen":"THE_SILENT","items_purchased":["Sucker Punch","Footwork"],"campfire_rested":3,"item_purchase_floors":[13,13],"current_hp_per_floor":[70,52,51,36,36,11,34,24,24,24,47,44,44,38,61,10,60,55,55,55,55,55,0],"gold":203,"neow_bonus":"TEN_PERCENT_HP_BONUS","is_prod":false,"is_daily":false,"chose_seed":false,"campfire_upgraded":0,"win_rate":0,"timestamp":1552679957,"path_taken":["M","?","M","?","M","E","R","M","T","?","R","M","$","E","R","BOSS","M","?","?","?","?","E"],"build_version":"2019-01-23","purchased_purges":0,"victory":false,"max_hp_per_floor":[77,77,77,77,77,77,77,77,77,77,77,77,77,77,77,77,77,82,82,82,82,84,84],"card_choices":[{"not_picked":["Slice","Poisoned Stab"],"picked":"Bouncing Flask","floor":1},{"not_picked":["Deadly Poison","Outmaneuver"],"picked":"Backflip","floor":3},{"not_picked":["Well Laid Plans","Deflect","Dodge and Roll"],"picked":"SKIP","floor":5},{"not_picked":["Deflect","Poisoned Stab"],"picked":"Predator","floor":6},{"not_picked":["Prepared","Underhanded Strike"],"picked":"Skewer","floor":8},{"not_picked":["Predator","Acrobatics"],"picked":"Quick Slash","floor":12},{"not_picked":["Choke","Distraction","PiercingWail"],"picked":"SKIP","floor":14},{"not_picked":["Venomology","Glass Knife"],"picked":"After Image","floor":16},{"not_picked":["Flying Knee+1","Deadly Poison+1","Outmaneuver"],"picked":"SKIP","floor":18},{"not_picked":["Choke+1","Backflip","Sucker Punch"],"picked":"Singing Bowl","floor":22}],"player_experience":1569940,"relics_obtained":[{"floor":6,"key":"Bottled Flame"},{"floor":9,"key":"Blue Candle"},{"floor":14,"key":"Ninja Scroll"}],"event_choices":[{"damage_healed":0,"gold_gain":0,"player_choice":"Success","damage_taken":18,"relics_obtained":["Girya"],"max_hp_gain":0,"max_hp_loss":0,"event_name":"Scrap Ooze","floor":2,"gold_loss":0},{"damage_healed":0,"gold_gain":0,"player_choice":"Entered Light","damage_taken":15,"max_hp_gain":0,"max_hp_loss":0,"event_name":"Shining Light","floor":4,"gold_loss":0,"cards_upgraded":["Strike_G","Defend_G"]},{"damage_healed":0,"gold_gain":0,"player_choice":"Left Gold","damage_taken":0,"max_hp_gain":0,"max_hp_loss":0,"event_name":"World of Goop","floor":10,"gold_loss":38},{"damage_healed":0,"gold_gain":0,"player_choice":"Ignored","damage_taken":0,"max_hp_gain":0,"max_hp_loss":0,"event_name":"Cursed Tome","floor":19,"gold_loss":0},{"damage_healed":0,"gold_gain":0,"player_choice":"Obtained Relic","damage_taken":0,"relics_obtained":["Singing Bowl"],"max_hp_gain":0,"max_hp_loss":0,"event_name":"Addict","floor":20,"gold_loss":85},{"damage_healed":0,"gold_gain":99,"player_choice":"Stole From Cult","damage_taken":0,"max_hp_gain":0,"max_hp_loss":0,"event_name":"Nest","floor":21,"gold_loss":0}],"is_beta":false,"boss_relics":[{"not_picked":["Cursed Key","Astrolabe"],"picked":"Sozu"}],"items_purged_floors":[],"is_endless":false,"potions_floor_spawned":[1,8,16,18],"killed_by":"Gremlin Leader","ascension_level":10}