{"gold_per_floor":[211,226,241,241,241,241,13,44,68,84,99,99,99,118,118,223,223,235,248,57,67,87,122,122,136,136,161,161,161,161,171,171,171],"floor_reached":33,"playtime":1036,"items_purged":["Strike_R"],"score":314,"play_id":"2e6e3bbf-96b2-4caa-8981-57f1c5098531","local_time":"20190201160727","is_ascension_mode":false,"campfire_choices":[{"data":"Bash","floor":6,"key":"SMITH"},{"data":"Berserk","floor":12,"key":"SMITH"},{"data":"Defend_R","floor":15,"key":"SMITH"},{"data":"Flex","floor":24,"key":"SMITH"},{"data":"Offering","floor":29,"key":"SMITH"},{"data":"Defend_R","floor":32,"key":"SMITH"}],"neow_cost":"NONE","seed_source_timestamp":1971409767449164,"circlet_count":0,"master_deck":["Strike_R","Strike_R","Strike_R+1","Strike_R+1","Defend_R","Defend_R","Defend_R+1","Defend_R+1","Bash+1","Whirlwind+1","Berserk+1","Clothesline+1","Whirlwind+1","Offering+1","Pommel Strike+1","Clash+1","Flex+1","Clash+1","Dual Wield+1","Flex+1"],"relics":["Black Blood","Paper Frog","Molten Egg 2","Whetstone","Pen Nib","PreservedInsect","Bag of Preparation","Dodecahedron","Turnip","Boot"],"potions_floor_usage":[16,23,33],"damage_taken":[{"damage":0,"enemies":"Small Slimes","floor":1,"turns":3},{"damage":10,"enemies":"Jaw Worm","floor":2,"turns":4},{"damage":0,"enemies":"2 Louse","floor":3,"turns":3},{"damage":31,"enemies":"3 Sentries","floor":8,"turns":5},{"damage":11,"enemies":"Large Slime","floor":10,"turns":4},{"damage":17,"enemies":"Exordium Thugs","floor":11,"turns":3},{"damage":10,"enemies":"Looter","floor":14,"turns":3},{"damage":16,"enemies":"Hexaghost","floor":16,"turns":7},{"damage":16,"enemies":"Spheric Guardian","floor":18,"turns":3},{"damage":6,"enemies":"3 Byrds","floor":19,"turns":3},{"damage":21,"enemies":"Shelled Parasite and Fungi","floor":21,"turns":4},{"damage":8,"enemies":"Centurion and Healer","floor":22,"turns":3},{"damage":20,"enemies":"Slavers","floor":23,"turns":2},{"damage":0,"enemies":"3 Cultists","floor":25,"turns":2},{"damage":6,"enemies":"Gremlin Leader","floor":27,"turns":2},{"damage":10,"enemies":"Cultist and Chosen","floor":31,"turns":3},{"damage":88,"enemies":"Automaton","floor":33,"turns":6}],"seed_played":"-8895628197904095924","potions_obtained":[{"floor":2,"key":"SneckoOil"},{"floor":10,"key":"FearPotion"},{"floor":14,"key":"Poison Potion"},{"floor":16,"key":"SpeedPotion"},{"floor":21,"key":"FearPotion"},{"floor":22,"key":"Explosive Potion"},{"floor":25,"key":"LiquidBronze"},{"floor":31,"key":"Dexterity Potion"}],"is_trial":false,"path_per_floor":["M","M","M","?","T","R","$","E","T","M","M","R","?","M","R","B",null,"M","M","$","M","M","E","R","M","T","E","?","R","T","M","R","B"],"character_chosen":"IRONCLAD","items_purchased":["Whirlwind+1","Berserk","PreservedInsect","Flex"],"campfire_rested":0,"item_purchase_floors":[7,7,20,20],"current_hp_per_floor":[80,76,80,68,68,68,68,43,43,38,27,27,32,28,28,18,85,79,83,83,72,74,64,64,74,74,78,62,62,62,62,62,0],"gold":171,"neow_bonus":"HUNDRED_GOLD","is_prod":false,"is_daily":false,"chose_seed":false,"campfire_upgraded":6,"win_rate":0,"timestamp":1549066047,"path_taken":["M","M","M","?","?","R","$","E","T","M","M","R","?","M","R","BOSS","M","M","$","M","M","E","R","M","T","E","?","R","?","M","R","BOSS"],"build_version":"2019-01-23","purchased_purges":1,"victory":false,"max_hp_per_floor":[80,80,80,80,80,80,80,80,80,80,80,80,85,85,85,85,85,85,85,85,85,85,85,85,85,85,85,90,90,90,90,90,90],"card_choices":[{"not_picked":["Havoc","Armaments","Anger"],"picked":"SKIP","floor":1},{"not_picked":["Havoc","Carnage","Fire Breathing"],"picked":"SKIP","floor":2},{"not_picked":["Anger","Rupture","Twin Strike"],"picked":"SKIP","floor":3},{"not_picked":["Body Slam+1","Anger+1"],"picked":"Clothesline+1","floor":8},{"not_picked":["Blood for Blood+1","Sever Soul+1","Seeing Red"],"picked":"SKIP","floor":10},{"not_picked":["Juggernaut","Flame Barrier"],"picked":"Whirlwind+1","floor":11},{"not_picked":["Havoc","Body Slam+1","Entrench"],"picked":"SKIP","floor":14},{"not_picked":["Barricade","Impervious"],"picked":"Offering","floor":16},{"not_picked":["Sword Boomerang+1","Armaments+1"],"picked":"Pommel Strike+1","floor":18},{"not_picked":["Uppercut+1","True Grit"],"picked":"Clash+1","floor":19},{"not_picked":["True Grit","Pommel Strike+1","Wild Strike+1"],"picked":"SKIP","floor":21},{"not_picked":["Cleave+1","Juggernaut"],"picked":"Clash+1","floor":22},{"not_picked":["Spot Weakness","Offering"],"picked":"Dual Wield+1","floor":23},{"not_picked":["Iron Wave+1","Heavy Blade+1","Body Slam+1"],"picked":"SKIP","floor":25},{"not_picked":["Disarm","Sword Boomerang+1","Armaments"],"picked":"SKIP","floor":27},{"not_picked":["Rupture","True Grit+1"],"picked":"Flex+1","floor":31}],"player_experience":390219,"relics_obtained":[{"floor":5,"key":"Molten Egg 2"},{"floor":8,"key":"Whetstone"},{"floor":9,"key":"Pen Nib"},{"floor":23,"key":"Bag of Preparation"},{"floor":26,"key":"Dodecahedron"},{"floor":27,"key":"Turnip"},{"floor":30,"key":"Boot"}],"event_choices":[{"damage_healed":0,"gold_gain":0,"player_choice":"Success","damage_taken":12,"relics_obtained":["Paper Frog"],"max_hp_gain":0,"max_hp_loss":0,"event_name":"Scrap Ooze","floor":4,"gold_loss":0},{"damage_healed":0,"gold_gain":0,"player_choice":"Donut","damage_taken":0,"max_hp_gain":5,"max_hp_loss":0,"event_name":"Big Fish","floor":13,"gold_loss":0},{"damage_healed":0,"gold_gain":0,"player_choice":"Shed Blood","damage_taken":21,"max_hp_gain":5,"max_hp_loss":0,"event_name":"Forgotten Altar","floor":28,"gold_loss":0}],"is_beta":false,"boss_relics":[{"not_picked":["Tiny House","Snecko Eye"],"picked":"Black Blood"}],"items_purged_floors":[7],"is_endless":false,"potions_floor_spawned":[2,10,14,16,21,22,25,31],"killed_by":"Automaton","ascension_level":0}