{"gold_per_floor":[111,61,61,13,25,40,56,56,80,80,112,165,190,44,44,144,144,160,37,51,63,63,63,77,77],"floor_reached":25,"playtime":1192,"items_purged":["Strike_R"],"score":222,"play_id":"bbe0b74c-05ce-4184-93e7-becb4a8c7158","local_time":"20190317145050","is_ascension_mode":true,"campfire_choices":[{"data":"Armaments","floor":8,"key":"SMITH"},{"data":"Shrug It Off","floor":10,"key":"SMITH"},{"data":"Demon Form","floor":15,"key":"SMITH"},{"data":"Shockwave","floor":23,"key":"SMITH"}],"neow_cost":"NONE","seed_source_timestamp":343958735950893,"circlet_count":0,"master_deck":["Strike_R","Strike_R","Defend_R","Defend_R","Defend_R","Bash","Body Slam","Warcry","Armaments+1","Shrug It Off+1","Shockwave+1","Demon Form+1","Limit Break","Shrug It Off","Body Slam","Inflame+1"],"relics":["Burning Blood","Pen Nib","Happy Flower","Tiny Chest","WingedGreaves","Black Star"],"potions_floor_usage":[21,25,25],"damage_taken":[{"damage":6,"enemies":"2 Louse","floor":1,"turns":3},{"damage":13,"enemies":"Jaw Worm","floor":5,"turns":4},{"damage":1,"enemies":"Cultist","floor":6,"turns":4},{"damage":30,"enemies":"Exordium Thugs","floor":7,"turns":8},{"damage":34,"enemies":"Gremlin Nob","floor":11,"turns":5},{"damage":4,"enemies":"Lagavulin","floor":13,"turns":6},{"damage":18,"enemies":"The Guardian","floor":16,"turns":10},{"damage":16,"enemies":"Shell Parasite","floor":18,"turns":4},{"damage":23,"enemies":"Chosen","floor":20,"turns":7},{"damage":22,"enemies":"Shelled Parasite and Fungi","floor":21,"turns":6},{"damage":23,"enemies":"Cultist and Chosen","floor":24,"turns":6},{"damage":29,"enemies":"3 Cultists","floor":25,"turns":5}],"seed_played":"-1170656405252495223","potions_obtained":[{"floor":5,"key":"Strength Potion"},{"floor":11,"key":"AttackPotion"},{"floor":18,"key":"Explosive Potion"}],"is_trial":false,"path_per_floor":["M","?","?","$","M","M","M","R","T","R","E","T","E","$","R","B",null,"M","$","M","M","?","R","M","M"],"character_chosen":"IRONCLAD","items_purchased":["Warcry","Demon Form","Body Slam"],"campfire_rested":0,"item_purchase_floors":[4,14,19],"current_hp_per_floor":[88,88,88,88,81,86,62,62,62,62,34,34,36,36,36,24,88,78,78,61,45,45,45,28,0],"gold":77,"neow_bonus":"TEN_PERCENT_HP_BONUS","is_prod":false,"is_daily":false,"chose_seed":false,"campfire_upgraded":4,"win_rate":0,"timestamp":1552855850,"path_taken":["M","?","?","?","M","?","M","R","T","R","E","?","E","$","R","BOSS","M","$","M","M","?","R","M","M"],"build_version":"2019-01-23","purchased_purges":1,"victory":false,"max_hp_per_floor":[88,88,88,88,88,88,88,88,88,88,88,88,88,88,88,88,88,88,88,88,88,88,88,88,88],"card_choices":[{"not_picked":["Clothesline","Fire Breathing"],"picked":"Body Slam","floor":1},{"not_picked":["Evolve","Headbutt","Flex"],"picked":"SKIP","floor":5},{"not_picked":["Carnage","Heavy Blade"],"picked":"Armaments","floor":6},{"not_picked":["Warcry","Shockwave"],"picked":"Shrug It Off","floor":7},{"not_picked":["Clash","Fire Breathing"],"picked":"Shockwave","floor":11},{"not_picked":["Headbutt","Evolve","Rage"],"picked":"SKIP","floor":13},{"not_picked":["Dark Embrace","Demon Form"],"picked":"Limit Break","floor":16},{"not_picked":["Body Slam","Flex"],"picked":"Shrug It Off","floor":18},{"not_picked":["Rage+1","Pommel Strike","Sword Boomerang"],"picked":"SKIP","floor":20},{"not_picked":["Body Slam+1","Havoc+1"],"picked":"Inflame+1","floor":21},{"not_picked":["Thunderclap+1","Rage","Pommel Strike"],"picked":"SKIP","floor":24}],"player_experience":234891,"relics_obtained":[{"floor":9,"key":"Pen Nib"},{"floor":11,"key":"Happy Flower"},{"floor":12,"key":"Tiny Chest"},{"floor":13,"key":"WingedGreaves"}],"event_choices":[{"cards_removed":["Defend_R"],"damage_healed":0,"gold_gain":0,"player_choice":"Card Removal","damage_taken":0,"max_hp_gain":0,"max_hp_loss":0,"event_name":"The Cleric","floor":2,"gold_loss":50},{"cards_removed":["Strike_R"],"damage_healed":0,"gold_gain":0,"player_choice":"Forget","damage_taken":0,"max_hp_gain":0,"max_hp_loss":0,"event_name":"Living Wall","floor":3,"gold_loss":0},{"cards_removed":["Strike_R"],"damage_healed":0,"gold_gain":0,"player_choice":"Elegance","damage_taken":0,"max_hp_gain":0,"max_hp_loss":0,"event_name":"Back to Basics","floor":22,"gold_loss":0}],"is_beta":false,"boss_relics":[{"not_picked":["Black Blood","Eternal Feather"],"picked":"Black Star"}],"items_purged_floors":[19],"is_endless":false,"potions_floor_spawned":[5,11,18],"killed_by":"3 Cultists","ascension_level":1}