{"gold_per_floor":[116,130,305,322,96,127,28,41,64,64,75,107,117,137,137,234,234],"floor_reached":17,"playtime":877,"items_purged":["Doubt"],"score":169,"play_id":"a4fe972e-5a7f-4e7a-b6de-ca010b95821c","local_time":"20180908181803","is_ascension_mode":false,"campfire_choices":[{"data":"True Grit","floor":15,"key":"SMITH"}],"neow_cost":"NONE","seed_source_timestamp":510399074817303,"circlet_count":0,"master_deck":["Strike_R","Strike_R","Strike_R","Strike_R","Strike_R","Defend_R","Defend_R","Defend_R","Defend_R","Bash+1","Disarm","Pommel Strike","Clothesline","Dropkick","True Grit+1","Dropkick","Inflame"],"relics":["Black Blood","Lantern","Happy Flower","Dream Catcher","PreservedInsect","Blood Vial"],"potions_floor_usage":[6,6,16],"damage_taken":[{"damage":6,"enemies":"Jaw Worm","floor":1,"turns":4},{"damage":0,"enemies":"Small Slimes","floor":2,"turns":3},{"damage":0,"enemies":"2 Louse","floor":4,"turns":3},{"damage":13,"enemies":"3 Sentries","floor":6,"turns":7},{"damage":2,"enemies":"Looter","floor":8,"turns":3},{"damage":4,"enemies":"Red Slaver","floor":11,"turns":5},{"damage":21,"enemies":"Lagavulin","floor":12,"turns":4},{"damage":11,"enemies":"2 Fungi Beasts","floor":13,"turns":4},{"damage":0,"enemies":"Looter","floor":14,"turns":2},{"damage":45,"enemies":"Slime Boss","floor":16,"turns":9}],"seed_played":"-3854854962350100718","potions_obtained":[{"floor":2,"key":"AttackPotion"},{"floor":4,"key":"Block Potion"},{"floor":12,"key":"SteroidPotion"}],"is_trial":false,"path_per_floor":["M","M","?","M","$","E","$","M","T","?","M","E","M","M","R","B"],"character_chosen":"IRONCLAD","items_purchased":["Lantern","Dropkick","True Grit"],"campfire_rested":0,"item_purchase_floors":[5,7,7],"current_hp_per_floor":[80,80,80,80,80,73,73,77,77,70,72,57,54,62,62,25,80],"gold":234,"neow_bonus":"UPGRADE_CARD","is_prod":false,"is_daily":false,"chose_seed":false,"campfire_upgraded":1,"win_rate":0,"timestamp":1536455883,"path_taken":["M","M","?","M","$","E","$","M","T","?","M","E","M","M","R","BOSS"],"build_version":"2018-09-06","purchased_purges":1,"victory":false,"max_hp_per_floor":[80,80,80,80,80,80,80,80,80,80,80,80,80,80,80,80,80],"card_choices":[{"not_picked":["Heavy Blade","Fire Breathing"],"picked":"Disarm","floor":1},{"not_picked":["Headbutt","Reckless Charge"],"picked":"Pommel Strike","floor":2},{"not_picked":["Warcry","Dual Wield"],"picked":"Clothesline","floor":4},{"not_picked":["Entrench","Uppercut","Anger"],"picked":"SKIP","floor":6},{"not_picked":["Blood for Blood","Sever Soul","Burning Pact"],"picked":"SKIP","floor":8},{"not_picked":["Iron Wave","Armaments"],"picked":"Dropkick","floor":11},{"not_picked":["Armaments","Rupture","Havoc"],"picked":"SKIP","floor":12},{"not_picked":["Twin Strike","True Grit"],"picked":"Inflame","floor":13},{"not_picked":["Pommel Strike","Perfected Strike","Entrench"],"picked":"SKIP","floor":14}],"player_experience":192984,"relics_obtained":[{"floor":6,"key":"Happy Flower"},{"floor":9,"key":"Dream Catcher"},{"floor":12,"key":"Blood Vial"}],"event_choices":[{"event_name":"Liars Game","player_choice":"agreed","floor":3,"damage_taken":0},{"event_name":"Scrap Ooze","player_choice":"success","floor":10,"damage_taken":7}],"is_beta":false,"boss_relics":[{"not_picked":["Runic Cube","Runic Dome"],"picked":"Black Blood"}],"items_purged_floors":[5],"is_endless":false,"potions_floor_spawned":[2,4,12],"ascension_level":0}