{"gold_per_floor":[115,25,42,42,4,4,17,17,42,73,73],"floor_reached":11,"playtime":245,"items_purged":[],"score":82,"play_id":"8f1a63b8-2ea0-4e17-be28-ca5b70ea1b8e","local_time":"20190417222853","is_ascension_mode":true,"campfire_choices":[{"data":"Defragment","floor":6,"key":"SMITH"}],"neow_cost":"NONE","seed_source_timestamp":2364746384089,"circlet_count":0,"master_deck":["Strike_B","Strike_B","Strike_B","Defend_B","Defend_B","Defend_B","Defend_B","Zap","Dualcast","Conserve Battery","Self Repair","Redo","Defragment+1","Scrape","Melter"],"relics":["Cracked Core","NeowsBlessing","Question Card","Orichalcum","Vajra"],"potions_floor_usage":[11],"damage_taken":[{"damage":0,"enemies":"Jaw Worm","floor":1,"turns":1},{"damage":0,"enemies":"Cultist","floor":3,"turns":1},{"damage":0,"enemies":"Small Slimes","floor":7,"turns":1},{"damage":52,"enemies":"Lagavulin","floor":10,"turns":7},{"damage":39,"enemies":"Gremlin Gang","floor":11,"turns":2}],"seed_played":"-6576338117402135770","potions_obtained":[{"floor":10,"key":"Regen Potion"}],"is_trial":false,"path_per_floor":["M","$","M","?","$","R","M","?","T","E","M"],"character_chosen":"DEFECT","items_purchased":["Self Repair","Redo","Scrape"],"campfire_rested":0,"item_purchase_floors":[2,2,5],"current_hp_per_floor":[75,75,75,75,75,75,75,75,75,30,0],"gold":73,"neow_bonus":"THREE_ENEMY_KILL","is_prod":false,"is_daily":false,"chose_seed":false,"campfire_upgraded":1,"win_rate":0,"timestamp":1555565333,"path_taken":["M","$","M","?","?","R","M","?","T","E","M"],"build_version":"2019-01-23","purchased_purges":0,"victory":false,"max_hp_per_floor":[75,75,75,75,75,75,75,75,75,75,75],"card_choices":[{"not_picked":["Go for the Eyes","Recycle"],"picked":"Conserve Battery","floor":1},{"not_picked":["Sweeping Beam","Redo"],"picked":"Defragment","floor":3},{"not_picked":["Aggregate","Hello World","Biased Cognition"],"picked":"SKIP","floor":7},{"not_picked":["Auto Shields","Sunder","BootSequence"],"picked":"Melter","floor":10}],"player_experience":433678,"relics_obtained":[{"floor":8,"key":"Question Card"},{"floor":9,"key":"Orichalcum"},{"floor":10,"key":"Vajra"}],"event_choices":[{"cards_removed":["Strike_B"],"damage_healed":0,"gold_gain":0,"player_choice":"Purged","damage_taken":0,"max_hp_gain":0,"max_hp_loss":0,"event_name":"Purifier","floor":4,"gold_loss":0},{"damage_healed":0,"gold_gain":0,"player_choice":"Relic","damage_taken":0,"max_hp_gain":0,"max_hp_loss":0,"event_name":"Wheel of Change","floor":8,"gold_loss":0}],"is_beta":false,"boss_relics":[],"items_purged_floors":[],"is_endless":false,"potions_floor_spawned":[10],"killed_by":"Gremlin Gang","ascension_level":3}