{"gold_per_floor":[362,109,129,153,168,168,184,184,184,184,194,209,224,557,557,657,657,675,774,793,192,203,203],"floor_reached":23,"playtime":1414,"items_purged":["Normality","Defend_B"],"score":298,"play_id":"8f34cd44-a04d-40ef-932f-4a325ce06ee0","local_time":"20190401234635","is_ascension_mode":true,"campfire_choices":[{"data":"Capacitor","floor":6,"key":"SMITH"},{"data":"Zap","floor":8,"key":"SMITH"},{"data":"Dualcast","floor":10,"key":"SMITH"},{"data":"Biased Cognition","floor":15,"key":"SMITH"}],"neow_cost":"CURSE","seed_source_timestamp":53765494845983,"circlet_count":0,"master_deck":["Strike_B","Strike_B","Strike_B","Strike_B","Defend_B+1","Defend_B+1","Defend_B","Zap+1","Dualcast+1","Conserve Battery","Capacitor+1","Dramatic Entrance","Go for the Eyes","Leap","Ball Lightning","Biased Cognition+1","Chaos","Leap","Echo Form","Defragment+1","Defragment+1","Heatsinks","Mayhem","Glacier"],"relics":["Cracked Core","Happy Flower","War Paint","Old Coin","Cursed Key","Pantograph"],"potions_floor_usage":[14,16,16,18,22,23,23],"damage_taken":[{"damage":1,"enemies":"Cultist","floor":1,"turns":3},{"damage":0,"enemies":"Jaw Worm","floor":3,"turns":3},{"damage":6,"enemies":"2 Louse","floor":5,"turns":2},{"damage":4,"enemies":"Exordium Wildlife","floor":7,"turns":3},{"damage":8,"enemies":"Exordium Thugs","floor":11,"turns":4},{"damage":0,"enemies":"2 Fungi Beasts","floor":12,"turns":2},{"damage":0,"enemies":"Looter","floor":13,"turns":3},{"damage":12,"enemies":"Lagavulin","floor":14,"turns":6},{"damage":29,"enemies":"Hexaghost","floor":16,"turns":11},{"damage":13,"enemies":"3 Byrds","floor":18,"turns":5},{"damage":22,"enemies":"Spheric Guardian","floor":20,"turns":4},{"damage":0,"enemies":"Snecko","floor":22,"turns":5},{"damage":30,"enemies":"Slavers","floor":23,"turns":3}],"seed_played":"1430136084097944592","potions_obtained":[{"floor":1,"key":"Strength Potion"},{"floor":3,"key":"LiquidBronze"},{"floor":12,"key":"EntropicBrew"},{"floor":13,"key":"Regen Potion"},{"floor":22,"key":"EssenceOfSteel"}],"is_trial":false,"path_per_floor":["T","?"],"character_chosen":"DEFECT","items_purchased":["Capacitor","Dramatic Entrance","Go for the Eyes","Pantograph","Heatsinks","Mayhem"],"campfire_rested":0,"item_purchase_floors":[2,2,2,21,21,21],"current_hp_per_floor":[67,67,67,67,61,61,57,57,57,57,49,49,49,52,52,23,62,49,49,27,27,27,0],"gold":203,"neow_bonus":"TWO_FIFTY_GOLD","is_prod":false,"is_daily":false,"chose_seed":false,"campfire_upgraded":4,"win_rate":0,"timestamp":1554183995,"path_taken":["M","$","M","?","M","R","M","R","T","R","M","M","M","E","R","BOSS","M","?","M","$","M","E"],"build_version":"2019-01-23","purchased_purges":2,"victory":false,"max_hp_per_floor":[75,75,75,75,75,75,75,75,75,75,75,75,75,75,75,75,75,75,75,75,75,75,75],"card_choices":[{"not_picked":["Steam Power","Rebound"],"picked":"Conserve Battery","floor":1},{"not_picked":["Compile Driver","Turbo"],"picked":"Leap","floor":3},{"not_picked":["Aggregate","Turbo","Recycle"],"picked":"SKIP","floor":5},{"not_picked":["Rebound","Reprogram"],"picked":"Ball Lightning","floor":7},{"not_picked":["Hologram","Darkness"],"picked":"Biased Cognition","floor":11},{"not_picked":["Coolheaded","Hologram"],"picked":"Chaos","floor":12},{"not_picked":["Storm","Gash"],"picked":"Leap","floor":13},{"not_picked":["Leap","Go for the Eyes","Undo"],"picked":"SKIP","floor":14},{"not_picked":["Amplify","Thunder Strike"],"picked":"Echo Form","floor":16},{"not_picked":["Redo","Turbo+1"],"picked":"Defragment+1","floor":18},{"not_picked":["Tempest","Stack+1"],"picked":"Defragment+1","floor":20},{"not_picked":["Blizzard+1","Turbo"],"picked":"Glacier","floor":22}],"player_experience":418980,"relics_obtained":[{"floor":4,"key":"Happy Flower"},{"floor":9,"key":"War Paint"},{"floor":14,"key":"Old Coin"}],"event_choices":[{"damage_healed":0,"gold_gain":99,"player_choice":"Stole From Cult","damage_taken":0,"max_hp_gain":0,"max_hp_loss":0,"event_name":"Nest","floor":19,"gold_loss":0}],"is_beta":false,"boss_relics":[{"not_picked":["Astrolabe","Snecko Eye"],"picked":"Cursed Key"}],"items_purged_floors":[2,21],"is_endless":false,"potions_floor_spawned":[1,3,12,13,22],"killed_by":"Slavers","ascension_level":8}