{"gold_per_floor":[119,136,136,156,176,206,206,218,218,218,231,26,39,70,70,70],"floor_reached":16,"playtime":1186,"items_purged":[],"score":120,"play_id":"b56fd500-d9c4-4bf1-a9b1-7197a7d127a6","local_time":"20190411203724","is_ascension_mode":true,"campfire_choices":[{"data":"Streamline","floor":7,"key":"SMITH"},{"data":"Zap","floor":10,"key":"SMITH"},{"data":"Dualcast","floor":15,"key":"SMITH"}],"neow_cost":"NONE","seed_source_timestamp":2682545480835487,"circlet_count":0,"master_deck":["Strike_B","Strike_B","Strike_B","Strike_B","Defend_B","Defend_B","Defend_B","Defend_B","Zap+1","Dualcast+1","Reinforced Body","Streamline+1","Ball Lightning","All For One","Amplify","Ball Lightning","Loop+1"],"relics":["Cracked Core","Bag of Marbles","Pen Nib","PreservedInsect","Frozen Egg 2","Letter Opener"],"potions_floor_usage":[16,16],"damage_taken":[{"damage":0,"enemies":"Cultist","floor":1,"turns":2},{"damage":0,"enemies":"2 Louse","floor":2,"turns":1},{"damage":0,"enemies":"Jaw Worm","floor":4,"turns":2},{"damage":0,"enemies":"3 Louse","floor":5,"turns":3},{"damage":28,"enemies":"Gremlin Nob","floor":6,"turns":4},{"damage":0,"enemies":"Large Slime","floor":8,"turns":4},{"damage":16,"enemies":"Exordium Thugs","floor":11,"turns":3},{"damage":0,"enemies":"Exordium Wildlife","floor":13,"turns":3},{"damage":18,"enemies":"3 Sentries","floor":14,"turns":4},{"damage":16,"enemies":"The Guardian","floor":16,"turns":3}],"seed_played":"-1892208262011359133","potions_obtained":[{"floor":1,"key":"Ancient Potion"},{"floor":2,"key":"FocusPotion"},{"floor":13,"key":"FocusPotion"}],"is_trial":false,"path_per_floor":["M","M","?","M","M","E","R","M","T","R","M","$","M","E","R","B"],"character_chosen":"DEFECT","items_purchased":["All For One","Amplify"],"campfire_rested":0,"item_purchase_floors":[12,12],"current_hp_per_floor":[75,75,75,75,75,47,47,47,47,47,31,31,31,13,13,0],"gold":70,"neow_bonus":"RANDOM_COMMON_RELIC","is_prod":false,"is_daily":false,"chose_seed":false,"campfire_upgraded":3,"win_rate":0,"timestamp":1555011444,"path_taken":["M","?","?","?","?","E","R","?","T","R","M","?","M","E","R","BOSS"],"build_version":"2019-01-23","purchased_purges":0,"victory":false,"max_hp_per_floor":[75,75,75,75,75,75,75,75,75,75,75,75,75,75,75,75],"card_choices":[{"not_picked":["Cold Snap","Sweeping Beam"],"picked":"Reinforced Body","floor":1},{"not_picked":["Hello World","Fusion"],"picked":"Sweeping Beam","floor":2},{"not_picked":["Leap","Rebound"],"picked":"Streamline","floor":4},{"not_picked":["Leap","Rebound","Heatsinks"],"picked":"SKIP","floor":5},{"not_picked":["Conserve Battery","Storm"],"picked":"Ball Lightning","floor":6},{"not_picked":["Self Repair","Storm","Barrage"],"picked":"SKIP","floor":8},{"not_picked":["Stack","Sunder","Conserve Battery"],"picked":"SKIP","floor":11},{"not_picked":["Undo","Self Repair+1"],"picked":"Ball Lightning","floor":13},{"not_picked":["Consume","Machine Learning+1"],"picked":"Loop+1","floor":14}],"player_experience":1750135,"relics_obtained":[{"floor":6,"key":"PreservedInsect"},{"floor":9,"key":"Frozen Egg 2"},{"floor":14,"key":"Letter Opener"}],"event_choices":[{"cards_removed":["Sweeping Beam"],"damage_healed":0,"gold_gain":0,"player_choice":"Gave Card","damage_taken":0,"relics_obtained":["Pen Nib"],"max_hp_gain":0,"max_hp_loss":0,"event_name":"WeMeetAgain","floor":3,"gold_loss":0}],"is_beta":false,"boss_relics":[],"items_purged_floors":[],"is_endless":false,"potions_floor_spawned":[1,2,13,14],"killed_by":"The Guardian","ascension_level":1}