{"gold_per_floor":[112,37,55,67,67,67,96,96,122,122,122,9,9,41,41,118,118,130,150,31,41,41,41],"floor_reached":23,"playtime":759,"items_purged":["Strike_R"],"score":389,"play_id":"f5931e5f-1495-4c6c-90d6-fe8d1f2f0b2d","local_time":"20190429143913","is_ascension_mode":true,"campfire_choices":[{"data":"Bash","floor":6,"key":"SMITH"},{"data":"Inflame","floor":11,"key":"SMITH"},{"data":"Clothesline","floor":13,"key":"SMITH"},{"data":"Anger","floor":15,"key":"SMITH"}],"neow_cost":"NONE","seed_source_timestamp":140658783798944,"circlet_count":0,"master_deck":["AscendersBane","Strike_R","Strike_R","Strike_R","Defend_R","Defend_R","Defend_R","Defend_R","Bash+1","Inflame+1","Shrug It Off","Clothesline+1","Pummel","Anger+1","Spot Weakness","Feed","Battle Trance","Disarm","Headbutt"],"relics":["Burning Blood","Dream Catcher","Oddly Smooth Stone","Matryoshka","Black Star"],"potions_floor_usage":[10,14,16,19,21],"damage_taken":[{"damage":1,"enemies":"Cultist","floor":1,"turns":3},{"damage":4,"enemies":"2 Louse","floor":3,"turns":3},{"damage":7,"enemies":"Small Slimes","floor":4,"turns":3},{"damage":47,"enemies":"3 Sentries","floor":7,"turns":9},{"damage":0,"enemies":"The Mushroom Lair","floor":10,"turns":2},{"damage":28,"enemies":"Gremlin Nob","floor":14,"turns":5},{"damage":14,"enemies":"Hexaghost","floor":16,"turns":7},{"damage":21,"enemies":"Chosen","floor":18,"turns":6},{"damage":18,"enemies":"2 Thieves","floor":19,"turns":3},{"damage":25,"enemies":"Snake Plant","floor":21,"turns":6},{"damage":36,"enemies":"Book of Stabbing","floor":23,"turns":4}],"seed_played":"5695755042337689714","potions_obtained":[{"floor":1,"key":"SmokeBomb"},{"floor":14,"key":"Strength Potion"},{"floor":16,"key":"Dexterity Potion"},{"floor":18,"key":"Explosive Potion"}],"is_trial":false,"path_per_floor":["M","?","M","M","?","R","E","?","T","?","R","$","R","E","R","B",null,"M","M","$","M","?","E"],"character_chosen":"IRONCLAD","items_purchased":["Anger","Strength Potion","Disarm"],"campfire_rested":0,"item_purchase_floors":[12,12,20],"current_hp_per_floor":[80,80,82,81,81,81,40,45,45,51,51,51,51,29,29,21,71,59,50,50,34,34,0],"gold":41,"neow_bonus":"TEN_PERCENT_HP_BONUS","is_prod":false,"is_daily":false,"chose_seed":false,"campfire_upgraded":4,"win_rate":0,"timestamp":1556573953,"path_taken":["M","?","M","M","?","R","E","?","T","?","R","$","R","E","R","BOSS","M","M","$","M","?","E"],"build_version":"2019-01-23","purchased_purges":1,"victory":false,"max_hp_per_floor":[82,82,82,82,82,82,82,87,87,87,87,87,87,87,87,87,87,90,93,93,96,96,96],"card_choices":[{"not_picked":["Rampage","Iron Wave"],"picked":"Inflame","floor":1},{"not_picked":["Evolve","Pommel Strike"],"picked":"Shrug It Off","floor":3},{"not_picked":["Headbutt","Anger"],"picked":"Clothesline","floor":4},{"not_picked":["Carnage","Shrug It Off"],"picked":"Pummel","floor":7},{"not_picked":["Perfected Strike","Dropkick"],"picked":"Spot Weakness","floor":14},{"not_picked":["Juggernaut","Double Tap"],"picked":"Feed","floor":16},{"not_picked":["Warcry","Fire Breathing","Clash"],"picked":"SKIP","floor":18},{"not_picked":["Pummel","Body Slam"],"picked":"Battle Trance","floor":19},{"not_picked":["Uppercut","Spot Weakness"],"picked":"Headbutt","floor":21}],"player_experience":501513,"relics_obtained":[{"floor":7,"key":"Dream Catcher"},{"floor":9,"key":"Oddly Smooth Stone"},{"floor":14,"key":"Matryoshka"}],"event_choices":[{"cards_removed":["Strike_R"],"damage_healed":0,"gold_gain":0,"player_choice":"Card Removal","damage_taken":0,"max_hp_gain":0,"max_hp_loss":0,"event_name":"The Cleric","floor":2,"gold_loss":75},{"damage_healed":0,"gold_gain":0,"player_choice":"Ignored","damage_taken":0,"max_hp_gain":0,"max_hp_loss":0,"event_name":"Liars Game","floor":5,"gold_loss":0},{"damage_healed":0,"gold_gain":0,"player_choice":"Donut","damage_taken":0,"max_hp_gain":5,"max_hp_loss":0,"event_name":"Big Fish","floor":8,"gold_loss":0},{"damage_healed":0,"gold_gain":0,"player_choice":"Fought Mushrooms","damage_taken":0,"max_hp_gain":0,"max_hp_loss":0,"event_name":"Mushrooms","floor":10,"gold_loss":0},{"damage_healed":0,"gold_gain":0,"player_choice":"Ignored","damage_taken":0,"max_hp_gain":0,"max_hp_loss":0,"event_name":"Ghosts","floor":22,"gold_loss":0}],"is_beta":false,"boss_relics":[{"not_picked":["Runic Cube","Black Blood"],"picked":"Black Star"}],"items_purged_floors":[20],"is_endless":false,"potions_floor_spawned":[1,10,14,16,18],"killed_by":"Book of Stabbing","ascension_level":17}