{"gold_per_floor":[113,113,129,145,70,70,87,120,170,170,183,216,216,229,229,229],"floor_reached":16,"playtime":1176,"items_purged":["Strike_G"],"score":146,"play_id":"0a970f07-8acf-4870-810f-7f699e2932ca","local_time":"20181224110349","is_ascension_mode":true,"campfire_choices":[{"data":"Blade Dance","floor":6,"key":"SMITH"},{"floor":10,"key":"REST"},{"floor":15,"key":"REST"}],"neow_cost":"NONE","seed_source_timestamp":266254320251772,"circlet_count":0,"master_deck":["Defend_G","Defend_G","Defend_G+1","Defend_G+1","Strike_G","Strike_G+1","Strike_G","Strike_G","Survivor","Neutralize+1","Blade Dance+1","Backflip","Leg Sweep"],"relics":["Ring of the Snake","Letter Opener","War Paint","Whetstone"],"potions_floor_usage":[12],"damage_taken":[{"damage":6,"enemies":"Cultist","floor":1,"turns":5},{"damage":0,"enemies":"Small Slimes","floor":3,"turns":4},{"damage":0,"enemies":"Jaw Worm","floor":4,"turns":4},{"damage":1,"enemies":"Large Slime","floor":7,"turns":6},{"damage":37,"enemies":"3 Sentries","floor":8,"turns":16},{"damage":0,"enemies":"Looter","floor":11,"turns":4},{"damage":25,"enemies":"Gremlin Nob","floor":12,"turns":5},{"damage":0,"enemies":"Exordium Wildlife","floor":14,"turns":3},{"damage":17,"enemies":"Hexaghost","floor":16,"turns":8}],"seed_played":"-2668559283266990957","potions_obtained":[{"floor":3,"key":"Poison Potion"},{"floor":11,"key":"AttackPotion"},{"floor":14,"key":"Ancient Potion"}],"is_trial":false,"path_per_floor":["M","$","M","M","$","R","M","E","T","R","M","E","?","M","R","B"],"character_chosen":"THE_SILENT","items_purchased":[],"campfire_rested":2,"item_purchase_floors":[],"current_hp_per_floor":[64,64,64,64,64,64,63,26,26,49,49,24,24,24,47,30],"gold":229,"neow_bonus":"TEN_PERCENT_HP_BONUS","is_prod":false,"is_daily":false,"chose_seed":false,"campfire_upgraded":1,"win_rate":0,"timestamp":1545645829,"path_taken":["M","$","M","M","$","R","?","E","T","R","M","E","?","M","R","BOSS"],"build_version":"2018-12-20","purchased_purges":1,"victory":false,"max_hp_per_floor":[77,77,77,77,77,77,77,77,77,77,77,77,77,77,77,77],"card_choices":[{"not_picked":["Bane","Flechettes"],"picked":"Blade Dance","floor":1},{"not_picked":["Masterful Stab","Terror"],"picked":"Backflip","floor":3},{"not_picked":["Deflect","Backflip","Choke"],"picked":"SKIP","floor":4},{"not_picked":["Acrobatics","Slice","Reflex"],"picked":"SKIP","floor":7},{"not_picked":["Poisoned Stab","Escape Plan","Masterful Stab"],"picked":"SKIP","floor":8},{"not_picked":["Noxious Fumes","Dash","Dodge and Roll"],"picked":"SKIP","floor":11},{"not_picked":["Heel Hook","Deadly Poison"],"picked":"Leg Sweep","floor":12},{"not_picked":["Prepared","Deflect","Escape Plan"],"picked":"SKIP","floor":14}],"player_experience":427999,"relics_obtained":[{"floor":8,"key":"Letter Opener"},{"floor":9,"key":"War Paint"},{"floor":12,"key":"Whetstone"}],"event_choices":[{"cards_removed":["Defend_G"],"damage_healed":0,"gold_gain":0,"player_choice":"Forget","damage_taken":0,"max_hp_gain":0,"max_hp_loss":0,"event_name":"Living Wall","floor":13,"gold_loss":0}],"is_beta":false,"boss_relics":[],"items_purged_floors":[5],"is_endless":false,"potions_floor_spawned":[3,11,14],"killed_by":"Hexaghost","ascension_level":6}