{"gold_per_floor":[365,365,376,388,399,399,128,160,234,264,264,264,282,298,298,298],"floor_reached":16,"playtime":1160,"items_purged":["Strike_R"],"score":190,"play_id":"36b77702-a6ac-4474-9ee7-038ae9a0f6fb","local_time":"20190314200043","is_ascension_mode":true,"campfire_choices":[{"data":"Bash","floor":6,"key":"SMITH"},{"floor":11,"key":"DIG"},{"floor":15,"key":"DIG"}],"neow_cost":"PERCENT_DAMAGE","seed_source_timestamp":264573019332164,"circlet_count":0,"master_deck":["AscendersBane","Strike_R","Strike_R","Defend_R","Defend_R","Defend_R","Defend_R","Bash+1","Cleave","Impervious","Whirlwind","Carnage","Feel No Pain","Sever Soul","Uppercut"],"relics":["Burning Blood","Sling","Shovel","Pantograph","Omamori","Charon\u0027s Ashes","Bag of Preparation"],"potions_floor_usage":[4,8,8],"damage_taken":[{"damage":0,"enemies":"2 Louse","floor":1,"turns":4},{"damage":1,"enemies":"Cultist","floor":3,"turns":4},{"damage":3,"enemies":"Small Slimes","floor":4,"turns":3},{"damage":10,"enemies":"Exordium Thugs","floor":5,"turns":6},{"damage":30,"enemies":"3 Sentries","floor":8,"turns":10},{"damage":20,"enemies":"Lagavulin","floor":10,"turns":6},{"damage":11,"enemies":"Blue Slaver","floor":13,"turns":4},{"damage":0,"enemies":"Exordium Wildlife","floor":14,"turns":3},{"damage":62,"enemies":"Hexaghost","floor":16,"turns":11}],"seed_played":"5410111238329935993","potions_obtained":[{"floor":3,"key":"SkillPotion"},{"floor":4,"key":"BloodPotion"},{"floor":5,"key":"Energy Potion"},{"floor":13,"key":"SpeedPotion"}],"is_trial":false,"path_per_floor":["M","?","M","M","M","R","$","E","T","E","R","?","M","M","R","B"],"character_chosen":"IRONCLAD","items_purchased":["Sling"],"campfire_rested":0,"item_purchase_floors":[7],"current_hp_per_floor":[56,56,61,64,60,60,60,43,43,29,29,29,24,30,30,0],"gold":298,"neow_bonus":"TWO_FIFTY_GOLD","is_prod":false,"is_daily":false,"chose_seed":false,"campfire_upgraded":1,"win_rate":0,"timestamp":1552593643,"path_taken":["M","?","M","M","?","R","$","E","T","E","R","?","M","M","R","BOSS"],"build_version":"2019-01-23","purchased_purges":1,"victory":false,"max_hp_per_floor":[75,75,75,75,75,75,75,75,75,75,75,75,75,75,75,75],"card_choices":[{"not_picked":["Headbutt","Intimidate"],"picked":"Cleave","floor":1},{"not_picked":["Pommel Strike","Rage","Flex"],"picked":"SKIP","floor":3},{"not_picked":["Seeing Red","Warcry"],"picked":"Impervious","floor":4},{"not_picked":["Wild Strike","Heavy Blade","Clothesline"],"picked":"SKIP","floor":5},{"not_picked":["Wild Strike","Heavy Blade","Clothesline"],"picked":"SKIP","floor":5},{"not_picked":["Corruption","Shrug It Off"],"picked":"Whirlwind","floor":8},{"not_picked":["Perfected Strike","Wild Strike"],"picked":"Carnage","floor":10},{"not_picked":["Carnage","Uppercut"],"picked":"Sever Soul","floor":13},{"not_picked":["Bludgeon","Heavy Blade"],"picked":"Uppercut","floor":14}],"player_experience":1563972,"relics_obtained":[{"floor":8,"key":"Shovel"},{"floor":9,"key":"Pantograph"},{"floor":10,"key":"Omamori"},{"floor":11,"key":"Charon\u0027s Ashes"},{"floor":15,"key":"Bag of Preparation"}],"event_choices":[{"cards_removed":["Strike_R"],"damage_healed":0,"gold_gain":0,"player_choice":"Purged","damage_taken":0,"max_hp_gain":0,"max_hp_loss":0,"event_name":"Purifier","floor":2,"gold_loss":0},{"damage_healed":0,"gold_gain":0,"cards_transformed":["Strike_R"],"player_choice":"Change","damage_taken":0,"max_hp_gain":0,"max_hp_loss":0,"event_name":"Living Wall","floor":12,"gold_loss":0,"cards_obtained":["Feel No Pain"]}],"is_beta":false,"boss_relics":[],"items_purged_floors":[7],"is_endless":false,"potions_floor_spawned":[3,4,5,13],"killed_by":"Hexaghost","ascension_level":14}