{"gold_per_floor":[116,126,143,153,153,153,179,66,66,91,107,126,126,146,146,248,248,258,258,178,194,194,194,194],"floor_reached":24,"playtime":847,"items_purged":["Strike_R","Strike_R"],"score":208,"play_id":"9dadbe7e-041b-4f59-9125-bb7567589032","local_time":"20180910121913","is_ascension_mode":false,"campfire_choices":[{"data":"Clothesline","floor":6,"key":"SMITH"},{"data":"Searing Blow","floor":13,"key":"SMITH"},{"data":"Searing Blow+1","floor":15,"key":"SMITH"},{"data":"Searing Blow+2","floor":23,"key":"SMITH"}],"neow_cost":"NONE","seed_source_timestamp":661700299182695,"circlet_count":0,"master_deck":["Strike_R","Strike_R","Defend_R","Defend_R","Defend_R","Defend_R","Bash+1","Cleave","Shrug It Off","True Grit+1","Searing Blow+3","Double Tap+1","Combust","Exhume+1","Sword Boomerang"],"relics":["Burning Blood","Toxic Egg 2","The Courier","Blue Candle","Eternal Feather"],"potions_floor_usage":[7,16,21],"damage_taken":[{"damage":0,"enemies":"2 Louse","floor":1,"turns":2},{"damage":0,"enemies":"Small Slimes","floor":2,"turns":3},{"damage":6,"enemies":"Jaw Worm","floor":3,"turns":3},{"damage":20,"enemies":"Exordium Thugs","floor":4,"turns":4},{"damage":10,"enemies":"3 Sentries","floor":7,"turns":6},{"damage":20,"enemies":"Gremlin Nob","floor":10,"turns":4},{"damage":8,"enemies":"Large Slime","floor":11,"turns":5},{"damage":6,"enemies":"3 Louse","floor":12,"turns":5},{"damage":8,"enemies":"Blue Slaver","floor":14,"turns":3},{"damage":12,"enemies":"Slime Boss","floor":16,"turns":11},{"damage":51,"enemies":"3 Byrds","floor":18,"turns":10},{"damage":12,"enemies":"Shell Parasite","floor":21,"turns":7},{"damage":50,"enemies":"Sentry and Sphere","floor":24,"turns":7}],"seed_played":"-610518208972148104","potions_obtained":[{"floor":1,"key":"Fire Potion"},{"floor":10,"key":"Weak Potion"},{"floor":11,"key":"PowerPotion"},{"floor":12,"key":"Poison Potion"}],"is_trial":false,"path_per_floor":["M","M","M","M","?","R","E","$","T","E","M","M","R","M","R","B",null,"M","?","$","M","?","R"],"character_chosen":"IRONCLAD","items_purchased":["Searing Blow"],"campfire_rested":0,"item_purchase_floors":[8],"current_hp_per_floor":[80,80,80,66,71,71,67,67,67,53,51,51,51,49,49,43,85,40,40,40,34,34,43,0],"gold":194,"neow_bonus":"UPGRADE_CARD","is_prod":false,"is_daily":false,"chose_seed":false,"campfire_upgraded":4,"win_rate":0,"timestamp":1536607153,"path_taken":["M","M","M","M","?","R","E","?","T","E","M","M","R","M","R","BOSS","M","?","$","M","?","R","M"],"build_version":"2018-09-06","purchased_purges":2,"victory":false,"max_hp_per_floor":[80,80,80,80,85,85,85,85,85,85,85,85,85,85,85,85,85,85,85,85,85,85,85,85],"card_choices":[{"not_picked":["Seeing Red","Headbutt"],"picked":"Cleave","floor":1},{"not_picked":["Warcry","Body Slam"],"picked":"Clothesline","floor":2},{"not_picked":["Heavy Blade","Corruption"],"picked":"Shrug It Off","floor":3},{"not_picked":["Pommel Strike","True Grit","Brutality"],"picked":"SKIP","floor":4},{"not_picked":["Clash","Heavy Blade"],"picked":"True Grit","floor":7},{"not_picked":["Infernal Blade+1","Bludgeon","Havoc+1"],"picked":"SKIP","floor":10},{"not_picked":["Rampage","Intimidate+1"],"picked":"True Grit+1","floor":11},{"not_picked":["Clothesline","Iron Wave","Flex+1"],"picked":"SKIP","floor":12},{"not_picked":["Reckless Charge","Havoc+1","Twin Strike"],"picked":"SKIP","floor":14},{"not_picked":["Immolate","Brutality"],"picked":"Double Tap+1","floor":16},{"not_picked":["Flex+1","True Grit+1","Havoc+1"],"picked":"SKIP","floor":18},{"not_picked":["Dropkick","Sever Soul","Infernal Blade+1"],"picked":"SKIP","floor":21}],"player_experience":200772,"relics_obtained":[{"floor":7,"key":"Toxic Egg 2"},{"floor":9,"key":"The Courier"},{"floor":10,"key":"Blue Candle"}],"event_choices":[{"event_name":"Big Fish","player_choice":"Donut","floor":5,"damage_taken":0},{"event_name":"Ghosts","player_choice":"Ignored","floor":19,"damage_taken":0},{"event_name":"Drug Dealer","player_choice":"Became Test Subject","floor":22,"damage_taken":0}],"is_beta":false,"boss_relics":[{"not_picked":["Calling Bell","Lizard Tail"],"picked":"Eternal Feather"}],"items_purged_floors":[8,20],"is_endless":false,"potions_floor_spawned":[1,10,11,12],"killed_by":"Sentry and Sphere","ascension_level":0}