{"gold_per_floor":[110,42,57,74,74,106,106,126,126,66,96,114,133,149,149,247,247,264,278,167,180,80,80,80,80,133,133,147,162,208,226,226,226],"floor_reached":33,"playtime":1576,"items_purged":["Strike_R","Strike_R","Defend_R"],"score":261,"play_id":"57bd484b-b809-4e8d-8c6b-f3734feea36b","local_time":"20181129212016","is_ascension_mode":false,"campfire_choices":[{"floor":7,"key":"REST"},{"floor":15,"key":"REST"},{"floor":23,"key":"REST"},{"floor":25,"key":"REST"},{"floor":27,"key":"REST"},{"floor":32,"key":"REST"}],"neow_cost":"NONE","seed_source_timestamp":9523139126041,"circlet_count":0,"master_deck":["Strike_R","Strike_R","Strike_R","Defend_R","Defend_R","Defend_R","Bash+1","Pommel Strike","Inflame","Shrug It Off","Heavy Blade","Spot Weakness","Inflame","Pummel","Twin Strike","Inflame","Flex","Whirlwind","Shrug It Off","Flame Barrier","Pommel Strike+1"],"relics":["Black Blood","Gremlin Horn","Ornamental Fan","The Courier","Paper Frog","Bag of Preparation"],"potions_floor_usage":[8,8,11,13,16,18,21,29,33],"damage_taken":[{"damage":7,"enemies":"2 Louse","floor":1,"turns":3},{"damage":6,"enemies":"Jaw Worm","floor":3,"turns":3},{"damage":1,"enemies":"Cultist","floor":4,"turns":3},{"damage":31,"enemies":"Lagavulin","floor":6,"turns":7},{"damage":0,"enemies":"2 Fungi Beasts","floor":8,"turns":3},{"damage":40,"enemies":"3 Sentries","floor":11,"turns":6},{"damage":7,"enemies":"Blue Slaver","floor":12,"turns":4},{"damage":5,"enemies":"3 Louse","floor":13,"turns":3},{"damage":0,"enemies":"2 Fungi Beasts","floor":14,"turns":2},{"damage":58,"enemies":"Hexaghost","floor":16,"turns":7},{"damage":39,"enemies":"2 Thieves","floor":18,"turns":4},{"damage":19,"enemies":"Shell Parasite","floor":19,"turns":5},{"damage":45,"enemies":"Shelled Parasite and Fungi","floor":21,"turns":6},{"damage":23,"enemies":"Sentry and Sphere","floor":28,"turns":5},{"damage":13,"enemies":"Chosen and Byrds","floor":29,"turns":6},{"damage":39,"enemies":"Snake Plant","floor":31,"turns":5},{"damage":83,"enemies":"Automaton","floor":33,"turns":6}],"seed_played":"-394120782775934118","potions_obtained":[{"floor":3,"key":"Fire Potion"},{"floor":6,"key":"BloodPotion"},{"floor":8,"key":"SkillPotion"},{"floor":11,"key":"LiquidBronze"},{"floor":13,"key":"EssenceOfSteel"},{"floor":16,"key":"Dexterity Potion"},{"floor":19,"key":"Regen Potion"},{"floor":28,"key":"SkillPotion"},{"floor":31,"key":"GamblersBrew"}],"is_trial":false,"path_per_floor":["M","$","M","M","?","E","R","M","T","$","E","M","M","M","R","B",null,"M","M","$","M","$","R","?","R","T","R","M","M","T","M","R","B"],"character_chosen":"IRONCLAD","items_purchased":["Inflame","Whirlwind"],"campfire_rested":6,"item_purchase_floors":[2,20],"current_hp_per_floor":[79,79,79,80,68,43,67,80,80,80,46,45,46,52,76,24,80,51,42,42,22,22,46,31,56,56,81,68,65,65,36,61,0],"gold":226,"neow_bonus":"UPGRADE_CARD","is_prod":false,"is_daily":false,"chose_seed":false,"campfire_upgraded":0,"win_rate":0,"timestamp":1543522816,"path_taken":["M","$","M","M","?","E","R","M","T","$","E","M","M","M","R","BOSS","M","M","$","M","$","R","?","R","T","R","M","M","?","M","R","BOSS"],"build_version":"2018-11-15","purchased_purges":3,"victory":false,"max_hp_per_floor":[80,80,80,80,80,80,80,80,80,80,80,80,80,80,80,80,80,80,80,80,80,80,80,85,85,85,85,85,85,85,85,85,85],"card_choices":[{"not_picked":["Headbutt","Rampage"],"picked":"Pommel Strike","floor":1},{"not_picked":["Sentinel","Cleave"],"picked":"Shrug It Off","floor":3},{"not_picked":["Clothesline","Armaments"],"picked":"Heavy Blade","floor":4},{"not_picked":["Seeing Red","Havoc","True Grit"],"picked":"SKIP","floor":6},{"not_picked":["True Grit","Sword Boomerang"],"picked":"Spot Weakness","floor":8},{"not_picked":["Rupture","Dual Wield"],"picked":"Inflame","floor":11},{"not_picked":["Burning Pact","Thunderclap"],"picked":"Pummel","floor":12},{"not_picked":["Second Wind","Sever Soul"],"picked":"Twin Strike","floor":13},{"not_picked":["Thunderclap","Rupture"],"picked":"Inflame","floor":14},{"not_picked":["Cleave+1","Havoc","Sever Soul"],"picked":"SKIP","floor":18},{"not_picked":["Headbutt","Rage"],"picked":"Flex","floor":19},{"not_picked":["Rupture","Carnage"],"picked":"Shrug It Off","floor":21},{"not_picked":["Seeing Red","Metallicize"],"picked":"Flame Barrier","floor":28},{"not_picked":["Entrench","Perfected Strike"],"picked":"Pommel Strike+1","floor":29},{"not_picked":["Warcry","Flame Barrier","Corruption"],"picked":"SKIP","floor":31}],"player_experience":289115,"relics_obtained":[{"floor":6,"key":"Ornamental Fan"},{"floor":9,"key":"The Courier"},{"floor":11,"key":"Paper Frog"},{"floor":30,"key":"Bag of Preparation"}],"event_choices":[{"damage_healed":0,"gold_gain":0,"player_choice":"Success","damage_taken":12,"relics_obtained":["Gremlin Horn"],"max_hp_gain":0,"max_hp_loss":0,"event_name":"Scrap Ooze","floor":5,"gold_loss":0},{"damage_healed":0,"gold_gain":0,"player_choice":"Shed Blood","damage_taken":20,"max_hp_gain":5,"max_hp_loss":0,"event_name":"Forgotten Altar","floor":24,"gold_loss":0}],"is_beta":false,"boss_relics":[{"not_picked":["Empty Cage","Pandora\u0027s Box"],"picked":"Black Blood"}],"items_purged_floors":[10,20,22],"is_endless":false,"potions_floor_spawned":[3,6,8,11,13,16,19,28,31],"killed_by":"Automaton","ascension_level":0}