{"gold_per_floor":[117,134,134,151,171,205,217,217,272,272,300,310,321,349,349,423,423,442,146,159,84,95,157,157,182,182,207,225,23,38,57,57,130,130,144,162,38,57,68,102,102,52,75,107,120,120,145,165,165,165],"floor_reached":50,"playtime":3124,"items_purged":["Strike_R","Strike_R","Defend_R","Defend_R"],"score":1133,"play_id":"cad44d78-2efc-4c43-8bb7-6dc1fae66d4b","local_time":"20190413142641","is_ascension_mode":true,"campfire_choices":[{"data":"Heavy Blade","floor":8,"key":"SMITH"},{"data":"Bash","floor":10,"key":"SMITH"},{"data":"Limit Break","floor":15,"key":"SMITH"},{"floor":24,"key":"REST"},{"data":"Metallicize","floor":32,"key":"SMITH"},{"data":"Limit Break","floor":41,"key":"SMITH"},{"floor":46,"key":"RECALL"},{"data":"Parasite","floor":49,"key":"PURGE"}],"neow_cost":"NONE","seed_source_timestamp":95053776702746,"circlet_count":0,"master_deck":["AscendersBane","Defend_R","Bash+1","Battle Trance","Cleave","Shrug It Off","Metallicize","Power Through","Heavy Blade+1","Limit Break+1","Disarm","Shrug It Off","Metallicize+1","Juggernaut","Twin Strike","Battle Trance","Headbutt+1","Flame Barrier+1","Metallicize+1","Flame Barrier","Reaper","Limit Break+1","Battle Trance+1","Blood for Blood+1","Fire Breathing+1","Havoc+1","Metallicize","Demon Form","Havoc+1","Havoc+1"],"relics":["Burning Blood","Red Skull","Lantern","Meat on the Bone","Smiling Mask","Bag of Preparation","Odd Mushroom","Velvet Choker","Bottled Tornado","Tiny Chest","Oddly Smooth Stone","Mercury Hourglass","Orichalcum","Vajra","Astrolabe","PreservedInsect","Omamori","Peace Pipe"],"potions_floor_usage":[7,11,14,16,27,33,39,50,50],"damage_taken":[{"damage":3,"enemies":"2 Louse","floor":1,"turns":3},{"damage":7,"enemies":"Jaw Worm","floor":2,"turns":3},{"damage":2,"enemies":"Small Slimes","floor":4,"turns":2},{"damage":0,"enemies":"Exordium Wildlife","floor":5,"turns":3},{"damage":11,"enemies":"3 Sentries","floor":6,"turns":8},{"damage":0,"enemies":"2 Fungi Beasts","floor":7,"turns":4},{"damage":34,"enemies":"Gremlin Nob","floor":11,"turns":5},{"damage":0,"enemies":"Red Slaver","floor":12,"turns":2},{"damage":0,"enemies":"3 Louse","floor":13,"turns":4},{"damage":6,"enemies":"The Mushroom Lair","floor":14,"turns":4},{"damage":9,"enemies":"The Guardian","floor":16,"turns":8},{"damage":31,"enemies":"2 Thieves","floor":18,"turns":5},{"damage":16,"enemies":"Chosen","floor":20,"turns":6},{"damage":2,"enemies":"Centurion and Healer","floor":22,"turns":9},{"damage":41,"enemies":"Gremlin Leader","floor":23,"turns":6},{"damage":3,"enemies":"Book of Stabbing","floor":25,"turns":7},{"damage":21,"enemies":"Slavers","floor":27,"turns":6},{"damage":0,"enemies":"Cultist and Chosen","floor":28,"turns":6},{"damage":0,"enemies":"3 Cultists","floor":30,"turns":5},{"damage":9,"enemies":"Centurion and Healer","floor":31,"turns":6},{"damage":8,"enemies":"Collector","floor":33,"turns":14},{"damage":10,"enemies":"3 Darklings","floor":35,"turns":6},{"damage":14,"enemies":"3 Shapes","floor":36,"turns":6},{"damage":11,"enemies":"Writhing Mass","floor":38,"turns":7},{"damage":43,"enemies":"Transient","floor":39,"turns":5},{"damage":31,"enemies":"Giant Head","floor":40,"turns":7},{"damage":47,"enemies":"Reptomancer","floor":44,"turns":6},{"damage":21,"enemies":"Sphere and 2 Shapes","floor":45,"turns":6},{"damage":53,"enemies":"Nemesis","floor":47,"turns":5},{"damage":40,"enemies":"Jaw Worm Horde","floor":48,"turns":5},{"damage":54,"enemies":"Donu and Deca","floor":50,"turns":7}],"seed_played":"-8828106783639839844","potions_obtained":[{"floor":1,"key":"Ancient Potion"},{"floor":4,"key":"Explosive Potion"},{"floor":7,"key":"SteroidPotion"},{"floor":11,"key":"Fire Potion"},{"floor":14,"key":"Strength Potion"},{"floor":18,"key":"Swift Potion"},{"floor":23,"key":"Poison Potion"},{"floor":28,"key":"PowerPotion"},{"floor":36,"key":"PowerPotion"},{"floor":39,"key":"GamblersBrew"},{"floor":47,"key":"AttackPotion"}],"is_trial":false,"path_per_floor":["M","M","?","M","M","E","M","R","T","R","E","M","M","?","R","B",null,"M","$","M","?","M","E","R","E","T","E","M","$","M","M","R","B",null,"M","M","$","M","M","E","R","$","T","E","M","R","E","M","R","B"],"character_chosen":"IRONCLAD","items_purchased":["Bottled Tornado","Vajra","Metallicize"],"campfire_rested":1,"item_purchase_floors":[19,29,37],"current_hp_per_floor":[71,70,35,39,45,40,46,46,46,46,30,48,54,54,54,51,69,44,44,46,46,50,27,49,52,52,49,55,55,61,58,58,56,70,75,67,67,72,47,75,75,75,75,46,43,43,28,36,36,0],"gold":165,"neow_bonus":"RANDOM_COMMON_RELIC","is_prod":false,"is_daily":false,"chose_seed":false,"campfire_upgraded":5,"win_rate":0,"timestamp":1555190801,"path_taken":["M","M","?","M","M","E","M","R","T","R","E","M","M","?","R","BOSS","M","$","M","?","M","E","R","E","T","E","M","$","M","M","R","BOSS","M","M","$","M","M","E","R","$","T","E","M","R","E","M","R","BOSS"],"build_version":"2019-01-23","purchased_purges":4,"victory":false,"max_hp_per_floor":[75,75,75,75,75,75,75,75,75,75,75,75,75,75,75,75,75,75,75,75,75,75,75,75,75,75,75,75,75,75,75,75,75,75,75,75,75,75,75,75,75,75,75,75,75,75,75,75,72,72],"card_choices":[{"not_picked":["Ghostly Armor","Clash"],"picked":"Battle Trance","floor":1},{"not_picked":["Perfected Strike","Rupture"],"picked":"Cleave","floor":2},{"not_picked":["Havoc","Dropkick"],"picked":"Shrug It Off","floor":4},{"not_picked":["Infernal Blade","Anger"],"picked":"Metallicize","floor":5},{"not_picked":["True Grit","Cleave"],"picked":"Power Through","floor":6},{"not_picked":["Battle Trance","Reckless Charge"],"picked":"Heavy Blade","floor":7},{"not_picked":["Thunderclap","Warcry"],"picked":"Limit Break","floor":11},{"not_picked":["Twin Strike","Wild Strike"],"picked":"Disarm","floor":12},{"not_picked":["Sword Boomerang","Headbutt"],"picked":"Shrug It Off","floor":13},{"not_picked":["Anger","Battle Trance"],"picked":"Metallicize","floor":14},{"not_picked":["Barricade","Bludgeon"],"picked":"Juggernaut","floor":16},{"not_picked":["Body Slam+1","Power Through"],"picked":"Twin Strike","floor":18},{"not_picked":["Iron Wave","Thunderclap","Anger"],"picked":"SKIP","floor":20},{"not_picked":["Pommel Strike+1","Sword Boomerang"],"picked":"Battle Trance","floor":22},{"not_picked":["Reckless Charge+1","Cleave"],"picked":"Headbutt+1","floor":23},{"not_picked":["Evolve","Rupture"],"picked":"Flame Barrier+1","floor":25},{"not_picked":["Shrug It Off","Infernal Blade+1","Cleave"],"picked":"SKIP","floor":27},{"not_picked":["Havoc+1","Clothesline"],"picked":"Metallicize+1","floor":28},{"not_picked":["Flex","Armaments"],"picked":"Flame Barrier","floor":30},{"not_picked":["Metallicize","Wild Strike"],"picked":"Reaper","floor":31},{"not_picked":["Berserk","Exhume"],"picked":"Limit Break","floor":33},{"not_picked":["Wild Strike+1","Clash+1"],"picked":"Havoc+1","floor":35},{"not_picked":["Flame Barrier+1","Cleave","Combust"],"picked":"SKIP","floor":36},{"not_picked":["Iron Wave+1","Dual Wield+1","Fire Breathing"],"picked":"SKIP","floor":38},{"not_picked":["Warcry","Pommel Strike"],"picked":"Demon Form","floor":39},{"not_picked":["Sever Soul","Second Wind","Clash+1"],"picked":"SKIP","floor":40},{"not_picked":["Flex","Pommel Strike"],"picked":"Havoc+1","floor":44},{"not_picked":["Dropkick","Body Slam","Rampage"],"picked":"SKIP","floor":45},{"not_picked":["Armaments+1","Dark Embrace","Clothesline"],"picked":"SKIP","floor":47},{"not_picked":["Corruption","Rampage"],"picked":"Havoc+1","floor":48}],"player_experience":425569,"relics_obtained":[{"floor":6,"key":"Meat on the Bone"},{"floor":9,"key":"Smiling Mask"},{"floor":11,"key":"Bag of Preparation"},{"floor":14,"key":"Odd Mushroom"},{"floor":23,"key":"Tiny Chest"},{"floor":25,"key":"Oddly Smooth Stone"},{"floor":26,"key":"Mercury Hourglass"},{"floor":27,"key":"Orichalcum"},{"floor":40,"key":"PreservedInsect"},{"floor":44,"key":"Omamori"},{"floor":47,"key":"Peace Pipe"}],"event_choices":[{"damage_healed":0,"gold_gain":0,"player_choice":"Success","damage_taken":35,"relics_obtained":["Lantern"],"max_hp_gain":0,"max_hp_loss":0,"event_name":"Scrap Ooze","floor":3,"gold_loss":0},{"damage_healed":0,"gold_gain":0,"player_choice":"Fought Mushrooms","damage_taken":0,"max_hp_gain":0,"max_hp_loss":0,"event_name":"Mushrooms","floor":14,"gold_loss":0},{"cards_removed":["Strike_R"],"damage_healed":0,"gold_gain":0,"player_choice":"Gave Gold","damage_taken":0,"max_hp_gain":0,"max_hp_loss":0,"event_name":"Beggar","floor":21,"gold_loss":75}],"is_beta":false,"boss_relics":[{"not_picked":["Fusion Hammer","Sozu"],"picked":"Velvet Choker"},{"not_picked":["Orrery","Black Blood"],"picked":"Astrolabe"}],"items_purged_floors":[19,29,37,42],"is_endless":false,"potions_floor_spawned":[1,4,6,7,11,14,18,23,28,30,36,39,47,48],"killed_by":"Donu and Deca","ascension_level":15}