{"gold_per_floor":[112,287,161,173,52,80,0,0,0,100,134,84,100,115,115,217,217,232,332,342,342],"floor_reached":21,"playtime":1142,"items_purged":["Doubt"],"score":212,"play_id":"80c617a7-67bd-4024-82e3-f51c3151f1a6","local_time":"20181109123831","is_ascension_mode":false,"campfire_choices":[{"floor":15,"key":"REST"}],"neow_cost":"PERCENT_DAMAGE","seed_source_timestamp":1460163498756938,"circlet_count":0,"master_deck":["Bash","Demon Form","Disarm+1","Shrug It Off+1","Flame Barrier+1","Dropkick","Rage+1","Impervious+1","Spot Weakness+1","Thunderclap","Feel No Pain","Twin Strike","Clothesline","Fire Breathing","Clash","Burning Pact+1","Armaments+1"],"relics":["Burning Blood","Toxic Egg 2","Boot","Anchor","Juzu Bracelet","Pandora\u0027s Box","Ice Cream","Singing Bowl"],"potions_floor_usage":[11,16,16,20,21,21],"damage_taken":[{"damage":0,"enemies":"Cultist","floor":1,"turns":4},{"damage":14,"enemies":"Small Slimes","floor":4,"turns":6},{"damage":38,"enemies":"Gremlin Nob","floor":6,"turns":6},{"damage":0,"enemies":"Lagavulin","floor":11,"turns":7},{"damage":0,"enemies":"2 Louse","floor":13,"turns":3},{"damage":10,"enemies":"Looter","floor":14,"turns":5},{"damage":18,"enemies":"The Guardian","floor":16,"turns":12},{"damage":0,"enemies":"Shell Parasite","floor":18,"turns":6},{"damage":14,"enemies":"Colosseum Slavers","floor":19,"turns":5},{"damage":61,"enemies":"Colosseum Nobs","floor":19,"turns":6},{"damage":12,"enemies":"Spheric Guardian","floor":20,"turns":6},{"damage":21,"enemies":"Masked Bandits","floor":21,"turns":2}],"seed_played":"-4720677481939060113","potions_obtained":[{"floor":4,"key":"SkillPotion"},{"floor":11,"key":"Swift Potion"},{"floor":13,"key":"Weak Potion"},{"floor":16,"key":"SpeedPotion"},{"floor":19,"key":"Poison Potion"},{"floor":20,"key":"PowerPotion"}],"is_trial":false,"path_per_floor":["M","?","?","M","$","E","$","?","T","?","E","?","M","M","R","B",null,"M","?","M","?"],"character_chosen":"IRONCLAD","items_purchased":["Shrug It Off+1","Dropkick"],"campfire_rested":1,"item_purchase_floors":[5,7],"current_hp_per_floor":[62,62,62,54,54,22,22,27,27,27,33,33,39,35,60,48,85,85,22,18,0],"gold":342,"neow_bonus":"THREE_RARE_CARDS","is_prod":false,"is_daily":false,"chose_seed":false,"campfire_upgraded":0,"win_rate":0,"timestamp":1541795911,"path_taken":["M","?","?","?","$","E","?","?","T","?","E","?","M","M","R","BOSS","M","?","M","?"],"build_version":"2018-11-08","purchased_purges":1,"victory":false,"max_hp_per_floor":[80,80,80,80,80,80,80,85,85,85,85,85,85,85,85,85,85,85,85,87,87],"card_choices":[{"not_picked":["Brutality","Feed"],"picked":"Demon Form","floor":0},{"not_picked":["Warcry","Power Through","Heavy Blade"],"picked":"SKIP","floor":1},{"not_picked":["Havoc+1","Pummel"],"picked":"Disarm+1","floor":4},{"not_picked":["Dropkick","Double Tap+1"],"picked":"Flame Barrier+1","floor":6},{"not_picked":["Whirlwind","Feel No Pain","Pummel"],"picked":"SKIP","floor":11},{"not_picked":["Hemokinesis","Warcry+1","Perfected Strike"],"picked":"SKIP","floor":13},{"not_picked":["Flex+1","Twin Strike"],"picked":"Rage+1","floor":14},{"not_picked":["Juggernaut","Bludgeon"],"picked":"Impervious+1","floor":16},{"not_picked":["Flex+1","Iron Wave","Cleave"],"picked":"SKIP","floor":18},{"not_picked":["Twin Strike+1","Ghostly Armor+1"],"picked":"Armaments+1","floor":19},{"not_picked":["Body Slam+1","Iron Wave","Flex+1"],"picked":"Singing Bowl","floor":20}],"player_experience":327636,"relics_obtained":[{"floor":6,"key":"Boot"},{"floor":9,"key":"Anchor"},{"floor":11,"key":"Juzu Bracelet"},{"floor":19,"key":"Ice Cream"},{"floor":19,"key":"Singing Bowl"}],"event_choices":[{"damage_healed":0,"gold_gain":175,"player_choice":"AGREE","damage_taken":0,"max_hp_gain":0,"max_hp_loss":0,"event_name":"Liars Game","floor":2,"gold_loss":0,"cards_obtained":["Doubt"]},{"damage_healed":0,"gold_gain":0,"player_choice":"Paid Gold","damage_taken":0,"relics_obtained":["Toxic Egg 2"],"max_hp_gain":0,"max_hp_loss":0,"event_name":"WeMeetAgain","floor":3,"gold_loss":126},{"damage_healed":0,"gold_gain":0,"player_choice":"Donut","damage_taken":0,"max_hp_gain":5,"max_hp_loss":0,"event_name":"Big Fish","floor":8,"gold_loss":0},{"damage_healed":0,"gold_gain":100,"player_choice":"Pray","damage_taken":0,"max_hp_gain":0,"max_hp_loss":0,"event_name":"Golden Shrine","floor":10,"gold_loss":0},{"cards_removed":["Strike_R"],"damage_healed":0,"gold_gain":0,"player_choice":"Card Removal","damage_taken":0,"max_hp_gain":0,"max_hp_loss":0,"event_name":"The Cleric","floor":12,"gold_loss":50},{"damage_healed":0,"gold_gain":0,"player_choice":"Fight","damage_taken":0,"max_hp_gain":0,"max_hp_loss":0,"event_name":"Colosseum","floor":19,"gold_loss":0},{"damage_healed":0,"gold_gain":0,"player_choice":"Fought Nobs","damage_taken":0,"max_hp_gain":0,"max_hp_loss":0,"event_name":"Colosseum","floor":19,"gold_loss":0},{"damage_healed":0,"gold_gain":0,"player_choice":"Fought Bandits","damage_taken":0,"max_hp_gain":0,"max_hp_loss":0,"event_name":"Masked Bandits","floor":21,"gold_loss":0}],"is_beta":false,"boss_relics":[{"not_picked":["Lizard Tail","Black Star"],"picked":"Pandora\u0027s Box"}],"items_purged_floors":[5],"is_endless":false,"potions_floor_spawned":[4,11,13,16,19,20],"killed_by":"Masked Bandits","ascension_level":0}