{"gold_per_floor":[116,133,145,156,166,198,226,269,281,293,318,330,357,62,62,166,166,186,86,185,204,129,129,162,112,112,128,153,183,133,147,147,247,297,317,317,317,267,280,309,309,361,410,426,461,473,423,423,423,423],"floor_reached":51,"playtime":2297,"items_purged":["Strike_R","Strike_R","Strike_R","Strike_R","Defend_R","Defend_R"],"score":907,"play_id":"e14abe8c-190f-4248-84fd-bf3c4fac6906","local_time":"20180906131505","is_ascension_mode":false,"campfire_choices":[{"floor":15,"key":"REST"},{"data":"Rage","floor":23,"key":"SMITH"},{"data":"Clash","floor":32,"key":"SMITH"},{"data":"Clash","floor":41,"key":"SMITH"},{"data":"Clash","floor":49,"key":"SMITH"}],"neow_cost":"NONE","seed_source_timestamp":317984941160993,"circlet_count":0,"master_deck":["Bash+1","Clash+1","Whirlwind","Shrug It Off","Clash+1","Clash+1","Rage+1","Metallicize","Clash+1","Feel No Pain+1"],"relics":["Burning Blood","MawBank","Gambling Chip","Ginger","NlothsMask","Medical Kit","Sozu","Smiling Mask","Mercury Hourglass","Red Mask","Tiny House","Torii","Bird Faced Urn","Dead Branch","Centennial Puzzle","Art of War","Paper Frog"],"potions_floor_usage":[8,16,28],"damage_taken":[{"damage":0,"enemies":"Small Slimes","floor":1,"turns":3},{"damage":6,"enemies":"Cultist","floor":2,"turns":3},{"damage":2,"enemies":"2 Louse","floor":3,"turns":2},{"damage":23,"enemies":"Gremlin Gang","floor":4,"turns":7},{"damage":0,"enemies":"3 Louse","floor":5,"turns":4},{"damage":34,"enemies":"3 Sentries","floor":6,"turns":10},{"damage":14,"enemies":"Blue Slaver","floor":7,"turns":5},{"damage":18,"enemies":"Lagavulin","floor":8,"turns":6},{"damage":0,"enemies":"Large Slime","floor":11,"turns":4},{"damage":0,"enemies":"Exordium Thugs","floor":13,"turns":3},{"damage":11,"enemies":"The Guardian","floor":16,"turns":11},{"damage":4,"enemies":"Shell Parasite","floor":18,"turns":3},{"damage":7,"enemies":"Spheric Guardian","floor":21,"turns":3},{"damage":30,"enemies":"Book of Stabbing","floor":24,"turns":5},{"damage":12,"enemies":"Cultist and Chosen","floor":27,"turns":6},{"damage":0,"enemies":"Slavers","floor":28,"turns":4},{"damage":0,"enemies":"Masked Bandits","floor":29,"turns":2},{"damage":2,"enemies":"Snecko","floor":31,"turns":5},{"damage":17,"enemies":"Collector","floor":33,"turns":8},{"damage":8,"enemies":"3 Shapes","floor":35,"turns":4},{"damage":27,"enemies":"Mind Bloom Boss Battle","floor":36,"turns":5},{"damage":0,"enemies":"3 Darklings","floor":39,"turns":5},{"damage":0,"enemies":"Giant Head","floor":40,"turns":6},{"damage":10,"enemies":"Mysterious Sphere","floor":42,"turns":3},{"damage":19,"enemies":"Maw","floor":44,"turns":4},{"damage":19,"enemies":"Nemesis","floor":45,"turns":4},{"damage":0,"enemies":"Transient","floor":46,"turns":5},{"damage":68,"enemies":"Time Eater","floor":50,"turns":10}],"seed_played":"-2170653072401926602","potions_obtained":[{"floor":3,"key":"Dexterity Potion"},{"floor":4,"key":"LiquidBronze"},{"floor":7,"key":"Explosive Potion"},{"floor":11,"key":"Explosive Potion"}],"is_trial":false,"path_per_floor":["M","M","M","M","M","E","M","E","T","?","M","?","M","$","R","B",null,"M","$","?","M","?","R","E","$","T","M","E","?","$","M","R","B",null,"M","?","?","$","M","E","R","?","T","M","E","M","$","T","R","B"],"character_chosen":"IRONCLAD","items_purchased":["Medical Kit","Metallicize"],"campfire_rested":1,"item_purchase_floors":[14,14],"current_hp_per_floor":[80,80,80,63,69,41,33,21,21,21,27,27,33,33,57,52,80,80,80,80,79,79,79,55,55,55,49,55,61,61,65,65,54,85,83,62,62,62,68,74,74,72,72,63,58,68,68,68,68,10],"gold":423,"neow_bonus":"UPGRADE_CARD","is_prod":false,"is_daily":false,"chose_seed":false,"campfire_upgraded":4,"win_rate":0,"timestamp":1536264905,"path_taken":["M","M","M","M","M","E","M","E","T","?","M","?","M","$","R","BOSS","M","$","?","?","?","R","E","$","T","M","E","?","?","?","R","BOSS","M","?","?","$","M","E","R","?","T","M","E","M","?","?","R","BOSS"],"build_version":"2018-08-30","purchased_purges":6,"victory":true,"max_hp_per_floor":[80,80,80,80,80,80,80,80,80,80,80,80,80,80,80,80,80,80,80,80,80,80,80,80,80,80,80,80,80,80,80,80,80,85,85,85,85,85,85,85,85,85,85,85,85,85,85,85,85,85],"card_choices":[{"not_picked":["Anger","Infernal Blade"],"picked":"Clash","floor":1},{"not_picked":["Flex","Searing Blow","Wild Strike"],"picked":"SKIP","floor":2},{"not_picked":["Evolve","Body Slam","Anger"],"picked":"SKIP","floor":3},{"not_picked":["Clothesline","Anger"],"picked":"Whirlwind","floor":4},{"not_picked":["Flex","Double Tap","Sever Soul"],"picked":"SKIP","floor":5},{"not_picked":["Whirlwind","Second Wind"],"picked":"Shrug It Off","floor":6},{"not_picked":["Headbutt","Burning Pact"],"picked":"Clash","floor":7},{"not_picked":["Sword Boomerang","Flame Barrier"],"picked":"Clash","floor":8},{"not_picked":["Intimidate","Infernal Blade"],"picked":"Rage","floor":11},{"not_picked":["Fire Breathing","Twin Strike","Armaments"],"picked":"SKIP","floor":13},{"not_picked":["Iron Wave","Reckless Charge+1","Intimidate"],"picked":"SKIP","floor":18},{"not_picked":["Clothesline","Flex","Infernal Blade"],"picked":"SKIP","floor":21},{"not_picked":["Shrug It Off","Body Slam","Whirlwind"],"picked":"SKIP","floor":24},{"not_picked":["Fiend Fire","Shrug It Off+1"],"picked":"Clash","floor":27},{"not_picked":["Dropkick","Heavy Blade+1","True Grit"],"picked":"SKIP","floor":28},{"not_picked":["Twin Strike","Clash","Clothesline"],"picked":"SKIP","floor":31},{"not_picked":["Shrug It Off","Reckless Charge+1"],"picked":"Feel No Pain+1","floor":34},{"not_picked":["Warcry","Carnage","Heavy Blade+1"],"picked":"SKIP","floor":35},{"not_picked":["Warcry+1","Havoc","Armaments"],"picked":"SKIP","floor":39},{"not_picked":["Barricade","Ghostly Armor+1","Shrug It Off"],"picked":"SKIP","floor":40},{"not_picked":["Armaments","Pommel Strike+1","Anger"],"picked":"SKIP","floor":44},{"not_picked":["Brutality","Perfected Strike","Wild Strike+1"],"picked":"SKIP","floor":45},{"not_picked":["Armaments","Dropkick","Shrug It Off+1"],"picked":"SKIP","floor":46}],"player_experience":180751,"relics_obtained":[{"floor":6,"key":"MawBank"},{"floor":8,"key":"Gambling Chip"},{"floor":9,"key":"Ginger"},{"floor":24,"key":"Smiling Mask"},{"floor":28,"key":"Mercury Hourglass"},{"floor":29,"key":"Red Mask"},{"floor":36,"key":"Torii"},{"floor":40,"key":"Bird Faced Urn"},{"floor":42,"key":"Dead Branch"},{"floor":43,"key":"Centennial Puzzle"},{"floor":45,"key":"Art of War"},{"floor":48,"key":"Paper Frog"}],"event_choices":[{"event_name":"Purifier","player_choice":"One Purge","floor":10,"damage_taken":0},{"event_name":"FaceTrader","player_choice":"Trade","floor":12,"damage_taken":0},{"event_name":"Nest","player_choice":"Stole From Cult","floor":20,"damage_taken":0},{"event_name":"Beggar","player_choice":"Gave Gold","floor":22,"damage_taken":0},{"event_name":"Masked Bandits","player_choice":"Fought Bandits","floor":29,"damage_taken":0},{"event_name":"MindBloom","player_choice":"Fight","floor":36,"damage_taken":0},{"event_name":"Falling","player_choice":"Removed Skill","floor":37,"damage_taken":0},{"event_name":"Mysterious Sphere","player_choice":"Fight","floor":42,"damage_taken":0}],"is_beta":false,"boss_relics":[{"not_picked":["Coffee Dripper","Empty Cage"],"picked":"Sozu"},{"not_picked":["Snecko Eye","Astrolabe"],"picked":"Tiny House"}],"items_purged_floors":[14,19,25,30,38,47],"is_endless":false,"potions_floor_spawned":[3,4,7,11,24,28,29,33,35,39,45],"ascension_level":0}