{"gold_per_floor":[119,132,152,165,177,177,211,211,211,242,167,200,211,221,221,322,322,333,6,23,40,57,57,75,92,92,122,138,138,154,154,154,257,257,267,280,280,1,19,19,19,19,42,76,76,76],"floor_reached":46,"playtime":2538,"items_purged":["Defend_B","Defend_B","Strike_B"],"score":764,"play_id":"ecf19f2e-4be0-4a5b-9f62-e3abf35fde98","local_time":"20190422223003","is_ascension_mode":true,"campfire_choices":[{"floor":6.0,"key":"REST"},{"data":"Zap","floor":8.0,"key":"SMITH"},{"floor":15.0,"key":"REST"},{"data":"Blizzard","floor":23.0,"key":"SMITH"},{"data":"Sunder","floor":29.0,"key":"SMITH"},{"floor":32.0,"key":"REST"},{"floor":40.0,"key":"REST"},{"data":"Blizzard","floor":42.0,"key":"SMITH"}],"neow_cost":"NONE","seed_source_timestamp":822037782741669,"circlet_count":0,"master_deck":["Strike_B","Strike_B","Defend_B","Defend_B","Zap+1","Dualcast","Sweeping Beam","Compile Driver","Ball Lightning","Glacier","Sunder+1","Blizzard+1","Loop","Core Surge","Cold Snap","Ball Lightning","Reboot","Bandage Up","Hologram","Redo","Blizzard+1","Reinforced Body","Glacier","Self Repair","Turbo","Sunder+1","Reboot","Conserve Battery+1","Fission","Reprogram","Writhe","Go for the Eyes+1","Fusion+1"],"special_seed":0,"relics":["Cracked Core","Sundial","Gambling Chip","Letter Opener","Ice Cream","Lizard Tail","Ginger","Eternal Feather","Blood Vial","Oddly Smooth Stone","Pear"],"potions_floor_usage":[],"damage_taken":[{"damage":1.0,"enemies":"Cultist","floor":1.0,"turns":3.0},{"damage":3.0,"enemies":"Small Slimes","floor":2.0,"turns":3.0},{"damage":4.0,"enemies":"Jaw Worm","floor":3.0,"turns":3.0},{"damage":1.0,"enemies":"2 Fungi Beasts","floor":4.0,"turns":2.0},{"damage":10.0,"enemies":"3 Louse","floor":5.0,"turns":3.0},{"damage":11.0,"enemies":"3 Sentries","floor":7.0,"turns":6.0},{"damage":17.0,"enemies":"Lagavulin","floor":10.0,"turns":7.0},{"damage":43.0,"enemies":"Gremlin Nob","floor":12.0,"turns":5.0},{"damage":1.0,"enemies":"Looter","floor":13.0,"turns":2.0},{"damage":0.0,"enemies":"Exordium Wildlife","floor":14.0,"turns":2.0},{"damage":0.0,"enemies":"Slime Boss","floor":16.0,"turns":4.0},{"damage":0.0,"enemies":"Spheric Guardian","floor":18.0,"turns":3.0},{"damage":12.0,"enemies":"Shell Parasite","floor":20.0,"turns":6.0},{"damage":12.0,"enemies":"Shelled Parasite and Fungi","floor":21.0,"turns":7.0},{"damage":5.0,"enemies":"Chosen and Byrds","floor":22.0,"turns":7.0},{"damage":8.0,"enemies":"Snake Plant","floor":24.0,"turns":6.0},{"damage":18.0,"enemies":"Sentry and Sphere","floor":25.0,"turns":4.0},{"damage":13.0,"enemies":"Gremlin Leader","floor":27.0,"turns":7.0},{"damage":21.0,"enemies":"Cultist and Chosen","floor":28.0,"turns":8.0},{"damage":20.0,"enemies":"Centurion and Healer","floor":30.0,"turns":6.0},{"damage":26.0,"enemies":"Colosseum Slavers","floor":31.0,"turns":3.0},{"damage":95.0,"enemies":"Collector","floor":33.0,"turns":13.0},{"damage":42.0,"enemies":"3 Darklings","floor":35.0,"turns":5.0},{"damage":14.0,"enemies":"Orb Walker","floor":36.0,"turns":6.0},{"damage":25.0,"enemies":"Transient","floor":39.0,"turns":5.0},{"damage":75,"enemies":"Nemesis","floor":44,"turns":13},{"damage":29,"enemies":"Giant Head","floor":46,"turns":6}],"seed_played":"1045356724369018785","potions_obtained":[{"floor":3.0,"key":"Regen Potion"},{"floor":12.0,"key":"AttackPotion"},{"floor":13.0,"key":"GamblersBrew"},{"floor":14.0,"key":"FearPotion"},{"floor":16.0,"key":"Swift Potion"},{"floor":20.0,"key":"Block Potion"},{"floor":21.0,"key":"Block Potion"},{"floor":22.0,"key":"Regen Potion"},{"floor":25.0,"key":"Regen Potion"},{"floor":28.0,"key":"LiquidBronze"},{"floor":35.0,"key":"EntropicBrew"}],"is_trial":false,"path_per_floor":["M","M","M","M","M","R","E","R","T","E","$","E","M","M","R","B",null,"M","$","M","M","M","R","M","M","T","E","M","R","M","?","R","B",null,"M","M","?","$","M","R","$","R","T","E","?","E"],"character_chosen":"DEFECT","items_purchased":["Bandage Up","Hologram","Redo","Blizzard","Blood Vial"],"campfire_rested":4,"item_purchase_floors":[19,19,19,19,38],"current_hp_per_floor":[67,64,60,59,49,71,74,74,74,57,57,14,13,13,35,35,65,65,65,57,49,48,48,65,54,54,60,43,43,34,12,34,10,59,24,21,40,40,21,61,61,75,75,21,21,0],"gold":76,"neow_bonus":"REMOVE_CARD","is_prod":false,"is_daily":false,"chose_seed":false,"campfire_upgraded":4,"win_rate":0,"timestamp":1555939803,"path_taken":["M","M","M","M","?","R","E","R","T","E","$","E","M","M","R","BOSS","M","$","?","M","M","R","M","M","T","E","M","R","M","?","R","BOSS","M","M","?","$","M","R","$","R","T","E","?","E"],"build_version":"2019-01-23","purchased_purges":3,"victory":false,"max_hp_per_floor":[75,75,75,75,75,75,75,75,75,75,75,75,75,75,75,75,75,75,75,75,75,75,75,75,75,75,75,75,75,75,75,75,75,75,75,75,75,75,75,75,75,75,75,85,85,85],"card_choices":[{"not_picked":["Scrape","Hologram"],"picked":"Sweeping Beam","floor":1.0},{"not_picked":["Blizzard","Coolheaded"],"picked":"Compile Driver","floor":2.0},{"not_picked":["Redo","Steam"],"picked":"Ball Lightning","floor":3.0},{"not_picked":["Static Discharge","Leap"],"picked":"Glacier","floor":4.0},{"not_picked":["Sweeping Beam","Static Discharge"],"picked":"Sunder","floor":5.0},{"not_picked":["Genetic Algorithm","Turbo"],"picked":"Blizzard","floor":7.0},{"not_picked":["White Noise","Rip and Tear"],"picked":"Loop","floor":10.0},{"not_picked":["Compile Driver","Sweeping Beam"],"picked":"Core Surge","floor":12.0},{"not_picked":["Reinforced Body","Turbo"],"picked":"Cold Snap","floor":13.0},{"not_picked":["Redo","FTL"],"picked":"Ball Lightning","floor":14.0},{"not_picked":["All For One","Machine Learning"],"picked":"Reboot","floor":16.0},{"not_picked":["Double Energy","Doom and Gloom","Sweeping Beam"],"picked":"SKIP","floor":18.0},{"not_picked":["Go for the Eyes","Blizzard"],"picked":"Reinforced Body","floor":20.0},{"not_picked":["Streamline","Recycle"],"picked":"Glacier","floor":21.0},{"not_picked":["Turbo","Compile Driver"],"picked":"Self Repair","floor":22.0},{"not_picked":["Hologram","Turbo","Leap+1"],"picked":"SKIP","floor":24.0},{"not_picked":["Hologram","Leap+1"],"picked":"Turbo","floor":24.0},{"not_picked":["Double Energy","Rip and Tear"],"picked":"Sunder+1","floor":25.0},{"not_picked":["Tempest","Genetic Algorithm"],"picked":"Reboot","floor":27.0},{"not_picked":["Gash","Cold Snap","Leap"],"picked":"SKIP","floor":28.0},{"not_picked":["Reboot","Streamline"],"picked":"Conserve Battery+1","floor":30.0},{"not_picked":["Hyperbeam","Rainbow"],"picked":"Fission","floor":33.0},{"not_picked":["Gash+1","Ball Lightning+1"],"picked":"Reprogram","floor":35.0},{"not_picked":["Force Field","Conserve Battery","Recycle"],"picked":"SKIP","floor":36.0},{"not_picked":["Glacier","Steam"],"picked":"Go for the Eyes+1","floor":39.0},{"not_picked":["White Noise","Ball Lightning+1"],"picked":"Fusion+1","floor":44}],"player_experience":415079,"relics_obtained":[{"floor":7.0,"key":"Sundial"},{"floor":9.0,"key":"Gambling Chip"},{"floor":10.0,"key":"Letter Opener"},{"floor":12.0,"key":"Ice Cream"},{"floor":27.0,"key":"Ginger"},{"floor":43.0,"key":"Oddly Smooth Stone"},{"floor":44,"key":"Pear"}],"event_choices":[{"damage_healed":0.0,"max_hp_gain":0.0,"max_hp_loss":0.0,"gold_gain":0.0,"event_name":"Colosseum","player_choice":"Fight","floor":31.0,"gold_loss":0.0,"damage_taken":0.0},{"damage_healed":0.0,"max_hp_gain":0.0,"max_hp_loss":0.0,"gold_gain":0.0,"event_name":"Colosseum","player_choice":"Fled From Nobs","floor":31.0,"gold_loss":0.0,"damage_taken":0.0},{"damage_healed":19.0,"max_hp_gain":0.0,"max_hp_loss":0.0,"gold_gain":0.0,"event_name":"Winding Halls","player_choice":"Writhe","floor":37.0,"gold_loss":0.0,"damage_taken":0.0,"cards_obtained":["Writhe"]},{"damage_healed":0,"gold_gain":0,"player_choice":"Ignored","damage_taken":0,"max_hp_gain":0,"max_hp_loss":0,"event_name":"Mysterious Sphere","floor":45,"gold_loss":0}],"is_beta":false,"boss_relics":[{"not_picked":["Coffee Dripper","Philosopher\u0027s Stone"],"picked":"Lizard Tail"},{"not_picked":["White Beast Statue","Calling Bell"],"picked":"Eternal Feather"}],"items_purged_floors":[11,19,38],"is_endless":false,"potions_floor_spawned":[3,12,13,14,16,20,21,22,25,28,31,35],"killed_by":"Giant Head","ascension_level":8}