{"gold_per_floor":[109,109,159,179,194,227,241,301,328,339,339,141,175,175,175,254,254,266,366,291,309,69,69,87,117,144,144,154,167,54,64,64,141,141,155,173,188,33,52,52,78,97,97,97,97,115,115,141,141,141,141,141,3,35,35],"floor_reached":55,"playtime":3315,"items_purged":["Injury","Strike_R"],"score":1528,"play_id":"8c34dcfc-ce04-44a3-a69b-9999e7131ed0","local_time":"20190502134753","is_ascension_mode":true,"campfire_choices":[{"data":"Bludgeon","floor":11,"key":"SMITH"},{"data":"Entrench","floor":15,"key":"SMITH"},{"data":"Barricade","floor":23,"key":"SMITH"},{"floor":32,"key":"REST"},{"data":"Armaments","floor":40,"key":"SMITH"},{"floor":44,"key":"RECALL"},{"data":"True Grit","floor":47,"key":"SMITH"},{"floor":49,"key":"REST"},{"data":"Metallicize","floor":52,"key":"SMITH"}],"neow_cost":"NONE","seed_source_timestamp":1648001804779534,"circlet_count":0,"master_deck":["AscendersBane","Strike_R","Strike_R","Defend_R","Defend_R","Defend_R","Defend_R","Bash","Bludgeon+1","Armaments+1","Headbutt","Uppercut","Double Tap","True Grit+1","Barricade+1","Entrench+1","Shrug It Off","Shrug It Off","Body Slam","Shrug It Off","True Grit+1","Juggernaut","Disarm+1","Battle Trance+1","Feel No Pain","Exhume+1","Metallicize+1","Feel No Pain","Entrench+1"],"relics":["Burning Blood","PreservedInsect","Bronze Scales","Singing Bowl","Cursed Key","Pocketwatch","Blue Candle","Toxic Egg 2","Mercury Hourglass","Vajra","Runic Pyramid","Ice Cream","Gremlin Horn","Pantograph"],"potions_floor_usage":[16,19,19,21,25,29,41,54,55,55],"damage_taken":[{"damage":7,"enemies":"Jaw Worm","floor":1,"turns":3},{"damage":0,"enemies":"Small Slimes","floor":4,"turns":3},{"damage":0,"enemies":"Cultist","floor":5,"turns":3},{"damage":26,"enemies":"3 Sentries","floor":6,"turns":6},{"damage":0,"enemies":"2 Fungi Beasts","floor":7,"turns":3},{"damage":10,"enemies":"Exordium Wildlife","floor":10,"turns":4},{"damage":0,"enemies":"Lagavulin","floor":13,"turns":7},{"damage":0,"enemies":"The Guardian","floor":16,"turns":17},{"damage":18,"enemies":"Shell Parasite","floor":18,"turns":10},{"damage":8,"enemies":"Colosseum Slavers","floor":19,"turns":3},{"damage":14,"enemies":"Colosseum Nobs","floor":19,"turns":3},{"damage":0,"enemies":"Spheric Guardian","floor":21,"turns":3},{"damage":17,"enemies":"Snake Plant","floor":24,"turns":6},{"damage":28,"enemies":"Gremlin Leader","floor":25,"turns":2},{"damage":13,"enemies":"Centurion and Healer","floor":28,"turns":7},{"damage":0,"enemies":"3 Cultists","floor":29,"turns":4},{"damage":0,"enemies":"Shelled Parasite and Fungi","floor":31,"turns":8},{"damage":0,"enemies":"Automaton","floor":33,"turns":12},{"damage":6,"enemies":"Orb Walker","floor":35,"turns":5},{"damage":13,"enemies":"3 Shapes","floor":36,"turns":5},{"damage":10,"enemies":"Jaw Worm Horde","floor":37,"turns":6},{"damage":23,"enemies":"Writhing Mass","floor":39,"turns":10},{"damage":8,"enemies":"Nemesis","floor":41,"turns":7},{"damage":13,"enemies":"Spire Growth","floor":42,"turns":6},{"damage":10,"enemies":"3 Darklings","floor":46,"turns":8},{"damage":38,"enemies":"Reptomancer","floor":48,"turns":7},{"damage":14,"enemies":"Time Eater","floor":50,"turns":8},{"damage":31,"enemies":"Shield and Spear","floor":54,"turns":7},{"damage":104,"enemies":"The Heart","floor":55,"turns":14}],"seed_played":"-1510837647153099361","potions_obtained":[{"floor":4,"key":"GamblersBrew"},{"floor":6,"key":"SpeedPotion"},{"floor":10,"key":"Energy Potion"},{"floor":13,"key":"Explosive Potion"},{"floor":18,"key":"AttackPotion"},{"floor":19,"key":"Energy Potion"},{"floor":24,"key":"Explosive Potion"},{"floor":25,"key":"Explosive Potion"},{"floor":39,"key":"Regen Potion"},{"floor":42,"key":"Weak Potion"},{"floor":48,"key":"SkillPotion"},{"floor":54,"key":"LiquidBronze"}],"is_trial":false,"path_per_floor":["M","?","?","M","M","E","M","?","T","M","R","$","E","T","R","B",null,"M","?","?","M","$","R","M","E","T","?","M","M","$","M","R","B",null,"M","M","M","$","M","R","E","M","T","R","?","M","R","E","R","B",null,"R","$","E","B"],"character_chosen":"IRONCLAD","items_purchased":["Barricade","Entrench","Shrug It Off","Toxic Egg 2","Battle Trance+1","Feel No Pain","Metallicize","Entrench+1"],"campfire_rested":2,"item_purchase_floors":[12,12,12,22,30,30,38,53],"current_hp_per_floor":[67,72,72,78,80,60,66,66,66,62,62,62,68,68,68,76,81,69,61,61,67,67,67,56,34,34,34,29,35,35,43,69,75,85,87,82,80,80,63,63,78,73,73,73,73,71,71,41,71,63,92,92,92,69,0],"gold":35,"neow_bonus":"ONE_RANDOM_RARE_CARD","is_prod":false,"is_daily":false,"chose_seed":false,"campfire_upgraded":6,"win_rate":0,"timestamp":1556830073,"path_taken":["M","?","?","?","M","E","M","?","T","M","R","$","E","?","R","BOSS","M","?","?","M","$","R","M","E","T","?","M","?","$","M","R","BOSS","M","M","M","$","M","R","E","M","T","R","?","M","R","E","R","BOSS","R","$","E","BOSS"],"build_version":"2019-01-23","purchased_purges":2,"victory":false,"max_hp_per_floor":[75,80,80,80,80,80,80,80,80,80,80,80,80,80,80,82,82,82,84,84,84,84,84,84,84,84,84,86,86,86,88,88,88,88,90,92,94,94,94,94,96,98,98,98,98,100,100,102,102,102,102,102,102,104,104],"card_choices":[{"not_picked":["Warcry","Thunderclap"],"picked":"Armaments","floor":1},{"not_picked":["Iron Wave","Twin Strike"],"picked":"Headbutt","floor":4},{"not_picked":["Body Slam","Flex"],"picked":"Uppercut","floor":5},{"not_picked":["Sword Boomerang","Entrench"],"picked":"Double Tap","floor":6},{"not_picked":["Hemokinesis","Anger"],"picked":"True Grit","floor":7},{"not_picked":["Flex","Sword Boomerang","Twin Strike"],"picked":"SKIP","floor":10},{"not_picked":["Bloodletting","Demon Form"],"picked":"Shrug It Off","floor":13},{"not_picked":["Double Tap","Limit Break","Barricade"],"picked":"Singing Bowl","floor":16},{"not_picked":["Warcry","Feel No Pain"],"picked":"Body Slam","floor":18},{"not_picked":["Blood for Blood","Clash","True Grit"],"picked":"Singing Bowl","floor":19},{"not_picked":["Cleave","Heavy Blade+1"],"picked":"Shrug It Off","floor":21},{"not_picked":["Carnage","Dual Wield+1"],"picked":"True Grit+1","floor":24},{"not_picked":["Reaper","Second Wind+1"],"picked":"Juggernaut","floor":25},{"not_picked":["Combust","Twin Strike+1","Perfected Strike"],"picked":"Singing Bowl","floor":28},{"not_picked":["Iron Wave","Anger"],"picked":"Disarm+1","floor":29},{"not_picked":["Warcry+1","Dropkick","Pommel Strike"],"picked":"Singing Bowl","floor":31},{"not_picked":["Reaper","Double Tap+1"],"picked":"Exhume+1","floor":33},{"not_picked":["Twin Strike","Second Wind+1","Inflame+1"],"picked":"Singing Bowl","floor":35},{"not_picked":["Headbutt","Iron Wave","Thunderclap"],"picked":"Singing Bowl","floor":36},{"not_picked":["Twin Strike","Body Slam","Second Wind+1"],"picked":"Singing Bowl","floor":37},{"not_picked":["Searing Blow","Spot Weakness+1"],"picked":"Feel No Pain","floor":39},{"not_picked":["Clothesline","Wild Strike","Carnage"],"picked":"Singing Bowl","floor":41},{"not_picked":["Reckless Charge","Pommel Strike+1","Sword Boomerang"],"picked":"Singing Bowl","floor":42},{"not_picked":["Headbutt","Uppercut","Anger+1"],"picked":"Singing Bowl","floor":46},{"not_picked":["Whirlwind","Anger","Pommel Strike"],"picked":"Singing Bowl","floor":48},{"not_picked":["Uppercut","Clothesline","Reckless Charge"],"picked":"Singing Bowl","floor":54}],"player_experience":376724,"relics_obtained":[{"floor":6,"key":"PreservedInsect"},{"floor":13,"key":"Bronze Scales"},{"floor":14,"key":"Singing Bowl"},{"floor":19,"key":"Pocketwatch"},{"floor":19,"key":"Blue Candle"},{"floor":25,"key":"Mercury Hourglass"},{"floor":26,"key":"Vajra"},{"floor":41,"key":"Ice Cream"},{"floor":48,"key":"Gremlin Horn"},{"floor":54,"key":"Pantograph"}],"event_choices":[{"damage_healed":0,"gold_gain":0,"player_choice":"Donut","damage_taken":0,"max_hp_gain":5,"max_hp_loss":0,"event_name":"Big Fish","floor":2,"gold_loss":0},{"damage_healed":0,"gold_gain":50,"player_choice":"Pray","damage_taken":0,"max_hp_gain":0,"max_hp_loss":0,"event_name":"Golden Shrine","floor":3,"gold_loss":0},{"damage_healed":0,"gold_gain":60,"player_choice":"Gained Gold","damage_taken":0,"max_hp_gain":0,"max_hp_loss":0,"event_name":"Golden Wing","floor":8,"gold_loss":0},{"damage_healed":0,"gold_gain":0,"player_choice":"Fight","damage_taken":0,"max_hp_gain":0,"max_hp_loss":0,"event_name":"Colosseum","floor":19,"gold_loss":0},{"damage_healed":0,"gold_gain":0,"player_choice":"Fought Nobs","damage_taken":0,"max_hp_gain":0,"max_hp_loss":0,"event_name":"Colosseum","floor":19,"gold_loss":0},{"cards_removed":["Strike_R"],"damage_healed":0,"gold_gain":0,"player_choice":"Gave Gold","damage_taken":0,"max_hp_gain":0,"max_hp_loss":0,"event_name":"Beggar","floor":20,"gold_loss":75},{"damage_healed":0,"gold_gain":0,"player_choice":"Ignored","damage_taken":0,"max_hp_gain":0,"max_hp_loss":0,"event_name":"The Mausoleum","floor":27,"gold_loss":0},{"cards_removed":["Strike_R"],"damage_healed":0,"gold_gain":0,"player_choice":"Purged","damage_taken":0,"max_hp_gain":0,"max_hp_loss":0,"event_name":"Purifier","floor":45,"gold_loss":0}],"is_beta":false,"boss_relics":[{"not_picked":["Snecko Eye","Runic Cube"],"picked":"Cursed Key"},{"not_picked":["Black Star","Black Blood"],"picked":"Runic Pyramid"}],"items_purged_floors":[38,53],"is_endless":false,"potions_floor_spawned":[4,6,10,13,18,19,24,25,39,42,48,54],"killed_by":"The Heart","ascension_level":15}