{"gold_per_floor":[116,116,116,130,155,155,185,246,269,279,279,289,289,324,324,425,425,439,293,303,320,420,420,445,445],"floor_reached":25,"playtime":1528,"items_purged":["Defend_B"],"score":274,"play_id":"6b306814-9783-4ce5-8e9a-eb8fdade21a5","local_time":"20190405230842","is_ascension_mode":true,"campfire_choices":[{"data":"Zap","floor":6,"key":"SMITH"},{"data":"Static Discharge","floor":11,"key":"SMITH"},{"data":"Chaos","floor":13,"key":"SMITH"},{"data":"Reprogram","floor":15,"key":"SMITH"},{"floor":23,"key":"REST"}],"neow_cost":"NONE","seed_source_timestamp":1910173979563818,"circlet_count":0,"master_deck":["Strike_B","Strike_B","Strike_B","Defend_B","Defend_B","Defend_B","Zap+1","Dualcast","Reprogram+1","Self Repair","Static Discharge+1","Cold Snap","Go for the Eyes","Chaos+1","Turbo","Hyperbeam","Tempest","Consume","Leap","Compile Driver+1","Multi-Cast"],"relics":["Cracked Core","NeowsBlessing","Ancient Tea Set","Oddly Smooth Stone","Odd Mushroom","Centennial Puzzle","Happy Flower","Strawberry","Sozu","Bag of Preparation"],"potions_floor_usage":[8,14,21,24],"damage_taken":[{"damage":0,"enemies":"Jaw Worm","floor":1,"turns":1},{"damage":0,"enemies":"2 Louse","floor":4,"turns":1},{"damage":0,"enemies":"The Mushroom Lair","floor":7,"turns":2},{"damage":29,"enemies":"Lagavulin Event","floor":8,"turns":6},{"damage":0,"enemies":"Cultist","floor":10,"turns":3},{"damage":7,"enemies":"Blue Slaver","floor":12,"turns":2},{"damage":2,"enemies":"Gremlin Nob","floor":14,"turns":3},{"damage":48,"enemies":"The Guardian","floor":16,"turns":10},{"damage":16,"enemies":"Chosen","floor":18,"turns":6},{"damage":9,"enemies":"Spheric Guardian","floor":20,"turns":3},{"damage":20,"enemies":"Snake Plant","floor":21,"turns":5},{"damage":43,"enemies":"Gremlin Leader","floor":24,"turns":5},{"damage":34,"enemies":"Centurion and Healer","floor":25,"turns":6}],"seed_played":"798564287653304509","potions_obtained":[{"floor":1,"key":"SkillPotion"},{"floor":7,"key":"Explosive Potion"},{"floor":10,"key":"Weak Potion"},{"floor":12,"key":"Energy Potion"}],"is_trial":false,"path_per_floor":["M","?","?","M","T","R","?","?","T","M","R","M","R","E","R","B",null,"M","$","M","M","?","R","E","M"],"character_chosen":"DEFECT","items_purchased":["Consume"],"campfire_rested":1,"item_purchase_floors":[19],"current_hp_per_floor":[75,68,61,61,61,61,68,46,46,53,53,53,53,65,65,24,68,59,59,57,44,44,68,32,0],"gold":445,"neow_bonus":"THREE_ENEMY_KILL","is_prod":false,"is_daily":false,"chose_seed":false,"campfire_upgraded":4,"win_rate":0,"timestamp":1554473322,"path_taken":["M","?","?","?","?","R","?","?","T","M","R","M","R","E","R","BOSS","M","$","M","M","?","R","E","M"],"build_version":"2019-01-23","purchased_purges":1,"victory":false,"max_hp_per_floor":[75,75,75,75,75,75,75,75,75,75,75,75,75,82,82,82,82,82,82,82,82,82,82,82,82],"card_choices":[{"not_picked":["Gash","Reprogram","Streamline"],"picked":"SKIP","floor":1},{"not_picked":["Gash","Streamline"],"picked":"Reprogram","floor":1},{"not_picked":["Double Energy","Stack"],"picked":"Self Repair","floor":4},{"not_picked":["Rebound","Turbo"],"picked":"Static Discharge","floor":7},{"not_picked":["Turbo","Aggregate"],"picked":"Cold Snap","floor":8},{"not_picked":["Gash","Stack"],"picked":"Go for the Eyes","floor":10},{"not_picked":["Amplify","Hologram"],"picked":"Chaos","floor":12},{"not_picked":["Go for the Eyes","Recycle"],"picked":"Turbo","floor":14},{"not_picked":["Rainbow","All For One"],"picked":"Hyperbeam","floor":16},{"not_picked":["Streamline","Barrage"],"picked":"Tempest","floor":18},{"not_picked":["Streamline","Steam"],"picked":"Leap","floor":20},{"not_picked":["Beam Cell+1","Loop"],"picked":"Compile Driver+1","floor":21},{"not_picked":["Reprogram","Stack+1"],"picked":"Multi-Cast","floor":24}],"player_experience":250551,"relics_obtained":[{"floor":5,"key":"Oddly Smooth Stone"},{"floor":7,"key":"Odd Mushroom"},{"floor":8,"key":"Centennial Puzzle"},{"floor":9,"key":"Happy Flower"},{"floor":14,"key":"Strawberry"},{"floor":24,"key":"Bag of Preparation"}],"event_choices":[{"damage_healed":0,"gold_gain":0,"player_choice":"Success","damage_taken":7,"relics_obtained":["Ancient Tea Set"],"max_hp_gain":0,"max_hp_loss":0,"event_name":"Scrap Ooze","floor":2,"gold_loss":0},{"cards_removed":["Strike_B"],"damage_healed":0,"gold_gain":0,"player_choice":"Card Removal","damage_taken":7,"max_hp_gain":0,"max_hp_loss":0,"event_name":"Golden Wing","floor":3,"gold_loss":0},{"damage_healed":0,"gold_gain":0,"player_choice":"Fought Mushrooms","damage_taken":0,"max_hp_gain":0,"max_hp_loss":0,"event_name":"Mushrooms","floor":7,"gold_loss":0},{"damage_healed":0,"gold_gain":30,"player_choice":"Searched \u00272\u0027 times","damage_taken":0,"max_hp_gain":0,"max_hp_loss":0,"event_name":"Dead Adventurer","floor":8,"gold_loss":0},{"damage_healed":0,"gold_gain":100,"player_choice":"Pray","damage_taken":0,"max_hp_gain":0,"max_hp_loss":0,"event_name":"Golden Shrine","floor":22,"gold_loss":0}],"is_beta":false,"boss_relics":[{"not_picked":["Runic Dome","Black Star"],"picked":"Sozu"}],"items_purged_floors":[19],"is_endless":false,"potions_floor_spawned":[1,7,10,12,18,20,24],"killed_by":"Centurion and Healer","ascension_level":5}