{"gold_per_floor":[113,113,15,15,15,15,50,50,99,99,142,142,182,205,205,205],"floor_reached":16,"playtime":692,"items_purged":["Regret"],"score":200,"play_id":"a099ec53-9de1-4579-855f-9db66d2d5bb1","local_time":"20190330211411","is_ascension_mode":true,"campfire_choices":[{"data":"Feed","floor":6,"key":"SMITH"},{"data":"Bash","floor":8,"key":"SMITH"},{"data":"Clothesline","floor":10,"key":"SMITH"},{"floor":12,"key":"REST"},{"data":"Inflame","floor":15,"key":"SMITH"}],"neow_cost":"CURSE","seed_source_timestamp":1651957634562488,"circlet_count":0,"master_deck":["AscendersBane","Strike_R","Strike_R","Strike_R","Strike_R","Strike_R","Defend_R","Defend_R","Defend_R","Defend_R","Bash+1","Feed+1","Injury","Twin Strike","Clothesline+1","Inflame+1","Whirlwind"],"relics":["Burning Blood","Golden Idol","Bag of Marbles","Ancient Tea Set","Anchor","Bronze Scales","WingedGreaves"],"potions_floor_usage":[11,13],"damage_taken":[{"damage":11,"enemies":"2 Louse","floor":1,"turns":3},{"damage":20,"enemies":"Gremlin Nob","floor":7,"turns":4},{"damage":35,"enemies":"Lagavulin","floor":11,"turns":7},{"damage":14,"enemies":"Gremlin Nob","floor":13,"turns":4},{"damage":3,"enemies":"Jaw Worm","floor":14,"turns":4},{"damage":55,"enemies":"The Guardian","floor":16,"turns":10}],"seed_played":"7852364815298919009","potions_obtained":[{"floor":7,"key":"Regen Potion"},{"floor":11,"key":"Swift Potion"}],"is_trial":false,"path_per_floor":["M","?","$","?","?","R","E","R","T","R","E","R","E","M","R","B"],"character_chosen":"IRONCLAD","items_purchased":["Twin Strike"],"campfire_rested":1,"item_purchase_floors":[3],"current_hp_per_floor":[66,66,66,66,55,55,41,41,41,41,31,55,51,54,54,0],"gold":205,"neow_bonus":"THREE_RARE_CARDS","is_prod":false,"is_daily":false,"chose_seed":false,"campfire_upgraded":4,"win_rate":0,"timestamp":1553980451,"path_taken":["M","?","$","?","?","R","E","R","T","R","E","R","E","M","R","BOSS"],"build_version":"2019-01-23","purchased_purges":1,"victory":false,"max_hp_per_floor":[78,78,78,78,78,78,78,78,78,78,82,82,86,86,86,86],"card_choices":[{"not_picked":["Exhume","Offering"],"picked":"Feed","floor":0},{"not_picked":["Havoc","Burning Pact","Hemokinesis"],"picked":"SKIP","floor":1},{"not_picked":["Carnage","Perfected Strike"],"picked":"Clothesline","floor":7},{"not_picked":["Disarm","Anger"],"picked":"Inflame","floor":11},{"not_picked":["Thunderclap","Heavy Blade"],"picked":"Whirlwind","floor":13},{"not_picked":["Sentinel","Iron Wave","Pommel Strike"],"picked":"SKIP","floor":14}],"player_experience":1678067,"relics_obtained":[{"floor":7,"key":"Ancient Tea Set"},{"floor":9,"key":"Anchor"},{"floor":11,"key":"Bronze Scales"},{"floor":13,"key":"WingedGreaves"}],"event_choices":[{"damage_healed":0,"gold_gain":0,"player_choice":"Take Wound","damage_taken":0,"relics_obtained":["Golden Idol"],"max_hp_gain":0,"max_hp_loss":0,"event_name":"Golden Idol","floor":2,"gold_loss":0,"cards_obtained":["Injury"]},{"damage_healed":0,"gold_gain":0,"player_choice":"Ignored","damage_taken":0,"max_hp_gain":0,"max_hp_loss":0,"event_name":"Shining Light","floor":4,"gold_loss":0},{"damage_healed":0,"gold_gain":0,"player_choice":"Success","damage_taken":11,"relics_obtained":["Bag of Marbles"],"max_hp_gain":0,"max_hp_loss":0,"event_name":"Scrap Ooze","floor":5,"gold_loss":0}],"is_beta":false,"boss_relics":[],"items_purged_floors":[3],"is_endless":false,"potions_floor_spawned":[7,11],"killed_by":"The Guardian","ascension_level":15}