{"gold_per_floor":[109,109,119,119,136,169,187,187,237,269,269,285,296,296,296,395,395,414,414,427,526,259,275,275,287,287,287,299,326,326,326,326,326],"floor_reached":33,"playtime":2226,"items_purged":["Regret"],"score":277,"play_id":"f52cba07-fd0e-46da-80f0-3f0e2ed5dffd","local_time":"20180710133224","is_ascension_mode":false,"campfire_choices":[{"floor":8,"key":"REST"},{"data":"Neutralize","floor":11,"key":"SMITH"},{"data":"Cloak And Dagger","floor":15,"key":"SMITH"},{"floor":24,"key":"REST"},{"floor":27,"key":"REST"},{"data":"Caltrops","floor":30,"key":"SMITH"},{"data":"Caltrops","floor":32,"key":"SMITH"}],"neow_cost":"NONE","seed_source_timestamp":0,"circlet_count":0,"master_deck":["Defend_G+1","Defend_G+1","Defend_G","Defend_G","Strike_G","Strike_G","Strike_G","Strike_G","Survivor","Neutralize+1","Outmaneuver","Cloak And Dagger+1","Accuracy","Caltrops+1","Backflip","Caltrops+1","Well Laid Plans","Cloak And Dagger+1","After Image","Doubt","Decay","Dagger Spray+1","Accuracy","Panache","Finisher+1","Backflip+1","Endless Agony+1","Caltrops"],"special_seed":17722,"relics":["Ring of the Snake","Question Card","Lantern","Happy Flower","Mercury Hourglass","Calling Bell","War Paint","Molten Egg 2","Ice Cream","Regal Pillow","Ornamental Fan","FaceOfCleric"],"potions_floor_usage":[10,10,16,25,28,33],"damage_taken":[{"damage":0,"enemies":"Cultist","floor":1,"turns":4},{"damage":0,"enemies":"Small Slimes","floor":3,"turns":6},{"damage":1,"enemies":"Jaw Worm","floor":5,"turns":6},{"damage":35,"enemies":"3 Sentries","floor":6,"turns":17},{"damage":9,"enemies":"Looter","floor":7,"turns":4},{"damage":7,"enemies":"Lagavulin","floor":10,"turns":8},{"damage":0,"enemies":"3 Louse","floor":12,"turns":3},{"damage":0,"enemies":"2 Fungi Beasts","floor":13,"turns":3},{"damage":24,"enemies":"The Guardian","floor":16,"turns":9},{"damage":26,"enemies":"Chosen","floor":18,"turns":7},{"damage":17,"enemies":"2 Thieves","floor":20,"turns":5},{"damage":12,"enemies":"Snake Plant","floor":23,"turns":4},{"damage":7,"enemies":"Centurion and Healer","floor":25,"turns":5},{"damage":5,"enemies":"3 Cultists","floor":28,"turns":4},{"damage":16,"enemies":"Gremlin Leader","floor":29,"turns":7},{"damage":56,"enemies":"Champ","floor":33,"turns":9}],"seed_played":"-163716102511872118","potions_obtained":[{"floor":3,"key":"Energy Potion"},{"floor":6,"key":"Strength Potion"},{"floor":12,"key":"Poison Potion"},{"floor":13,"key":"Ancient Potion"},{"floor":23,"key":"EssenceOfSteel"},{"floor":25,"key":"Poison Potion"},{"floor":29,"key":"Dexterity Potion"}],"is_trial":false,"path_per_floor":["M","?","M","?","M","E","M","R","T","E","R","M","M","?","R","B",null,"M","?","M","?","$","M","R","M","T","R","M","E","R","?","R"],"character_chosen":"THE_SILENT","items_purchased":["Panache"],"campfire_rested":3,"item_purchase_floors":[22],"current_hp_per_floor":[70,63,63,56,55,20,11,32,32,25,25,25,25,25,25,1,70,44,44,27,27,27,15,36,29,29,65,60,44,44,44,44,0],"gold":326,"neow_bonus":"REMOVE_CARD","is_prod":false,"is_daily":false,"chose_seed":false,"campfire_upgraded":4,"win_rate":0,"timestamp":1531222344,"path_taken":["M","?","M","?","M","E","M","R","T","E","R","M","M","?","R","BOSS","M","?","M","?","$","M","R","M","T","R","?","E","R","?","R","BOSS"],"build_version":"2018-07-05","purchased_purges":1,"victory":false,"max_hp_per_floor":[70,70,70,70,70,70,70,70,70,70,70,70,70,70,70,70,70,70,70,70,70,70,70,70,70,70,70,70,70,70,70,70,70],"card_choices":[{"not_picked":["Dagger Spray","Malaise"],"picked":"Outmaneuver","floor":1},{"not_picked":["Acrobatics","Catalyst"],"picked":"Cloak And Dagger","floor":3},{"not_picked":["Poisoned Stab","Prepared","Calculated Gamble"],"picked":"Accuracy","floor":5},{"not_picked":["Deadly Poison","Underhanded Strike","Expertise"],"picked":"Caltrops","floor":6},{"not_picked":["Catalyst","Sucker Punch","Acrobatics"],"picked":"Backflip","floor":7},{"not_picked":["Calculated Gamble","Poisoned Stab","Sucker Punch"],"picked":"Caltrops","floor":10},{"not_picked":["Bane","Crippling Poison","Caltrops"],"picked":"Well Laid Plans","floor":12},{"not_picked":["Sucker Punch","Dodge and Roll","Distraction"],"picked":"Cloak And Dagger","floor":13},{"not_picked":["Adrenaline","Doppelganger","Bullet Time"],"picked":"After Image","floor":16},{"not_picked":["Underhanded Strike+1","Noxious Fumes","Skewer+1"],"picked":"Dagger Spray+1","floor":18},{"not_picked":["Slice+1","Sucker Punch+1","Acrobatics"],"picked":"Accuracy","floor":20},{"not_picked":["Acrobatics","Bane+1","Predator+1"],"picked":"Finisher+1","floor":23},{"not_picked":["Crippling Poison+1","Noxious Fumes+1","Accuracy+1"],"picked":"Backflip+1","floor":25},{"not_picked":["Well Laid Plans+1","Accuracy","Bane+1"],"picked":"Endless Agony+1","floor":28},{"not_picked":["Dagger Spray+1","Bullet Time","Heel Hook+1"],"picked":"Caltrops","floor":29}],"player_experience":77312,"relics_obtained":[{"floor":6,"key":"Lantern"},{"floor":9,"key":"Happy Flower"},{"floor":10,"key":"Mercury Hourglass"},{"floor":17,"key":"War Paint"},{"floor":17,"key":"Molten Egg 2"},{"floor":17,"key":"Ice Cream"},{"floor":26,"key":"Regal Pillow"},{"floor":29,"key":"Ornamental Fan"}],"event_choices":[{"event_name":"Golden Wing","player_choice":"Card Removal","floor":2,"damage_taken":0},{"event_name":"Scrap Ooze","player_choice":"success","floor":4,"damage_taken":7},{"event_name":"Accursed Blacksmith","player_choice":"Forge","floor":14,"damage_taken":0},{"event_name":"Ghosts","player_choice":"Ignored","floor":19,"damage_taken":0},{"event_name":"Nest","player_choice":"Stole From Cult","floor":21,"damage_taken":0},{"event_name":"FaceTrader","player_choice":"Trade","floor":31,"damage_taken":0}],"boss_relics":[{"not_picked":["Philosopher\u0027s Stone","Fusion Hammer"],"picked":"Calling Bell"}],"items_purged_floors":[22],"is_endless":false,"potions_floor_spawned":[3,6,12,13,23,25,29],"killed_by":"Champ","ascension_level":0}