{"gold_per_floor":[16,26,42,59,59,84,102,127,181,181,55,84,99,99,99,99],"floor_reached":16,"playtime":531,"items_purged":["Strike_B"],"score":159,"play_id":"00e6eb2a-079a-4ceb-bbc8-c8501c3819cf","local_time":"20190401161511","is_ascension_mode":true,"campfire_choices":[{"floor":10,"key":"REST"},{"data":"Biased Cognition","floor":15,"key":"SMITH"}],"neow_cost":"NO_GOLD","seed_source_timestamp":160263549716108,"circlet_count":0,"master_deck":["Strike_B","Strike_B","Strike_B","Defend_B","Defend_B","Defend_B","Defend_B","Zap","Dualcast","Ball Lightning","Biased Cognition+1","Static Discharge","Conserve Battery","Compile Driver","Auto Shields","Genetic Algorithm","Parasite"],"relics":["Cracked Core","Nunchaku","Darkstone Periapt","Boot","Ancient Tea Set","Blue Candle"],"potions_floor_usage":[6,6,8,8,13],"damage_taken":[{"damage":12,"enemies":"Jaw Worm","floor":1,"turns":3},{"damage":0,"enemies":"Cultist","floor":2,"turns":3},{"damage":0,"enemies":"Small Slimes","floor":3,"turns":2},{"damage":20,"enemies":"Exordium Wildlife","floor":4,"turns":4},{"damage":30,"enemies":"3 Sentries","floor":6,"turns":5},{"damage":6,"enemies":"2 Fungi Beasts","floor":7,"turns":2},{"damage":4,"enemies":"Gremlin Nob","floor":8,"turns":4},{"damage":24,"enemies":"Lagavulin","floor":12,"turns":6},{"damage":0,"enemies":"3 Louse","floor":13,"turns":3},{"damage":31,"enemies":"Slime Boss","floor":16,"turns":6}],"seed_played":"-2742101828133745740","potions_obtained":[{"floor":2,"key":"Explosive Potion"},{"floor":4,"key":"GamblersBrew"},{"floor":5,"key":"Fruit Juice"},{"floor":5,"key":"LiquidBronze"},{"floor":6,"key":"SpeedPotion"},{"floor":7,"key":"Weak Potion"},{"floor":8,"key":"FearPotion"}],"is_trial":false,"path_per_floor":["M","M","M","M","?","E","M","E","T","R","$","E","M","?","R","B"],"character_chosen":"DEFECT","items_purchased":["Block Potion"],"campfire_rested":1,"item_purchase_floors":[11],"current_hp_per_floor":[56,56,56,36,36,11,5,1,1,25,25,1,1,27,27,0],"gold":99,"neow_bonus":"ONE_RARE_RELIC","is_prod":false,"is_daily":false,"chose_seed":false,"campfire_upgraded":1,"win_rate":0,"timestamp":1554160511,"path_taken":["M","M","M","M","?","E","M","E","T","R","?","E","?","?","R","BOSS"],"build_version":"2019-01-23","purchased_purges":1,"victory":false,"max_hp_per_floor":[75,75,75,75,75,80,80,80,80,80,80,80,80,86,86,86],"card_choices":[{"not_picked":["Cold Snap","Turbo"],"picked":"Ball Lightning","floor":1},{"not_picked":["Steam","Consume"],"picked":"Biased Cognition","floor":2},{"not_picked":["Reprogram","Melter"],"picked":"Static Discharge","floor":3},{"not_picked":["Gash","Leap"],"picked":"Conserve Battery","floor":4},{"not_picked":["Skim","Recycle"],"picked":"Compile Driver","floor":6},{"not_picked":["Beam Cell","Turbo"],"picked":"Auto Shields","floor":7},{"not_picked":["Streamline","FTL","Sweeping Beam"],"picked":"SKIP","floor":8},{"not_picked":["Scrape","Streamline"],"picked":"Genetic Algorithm","floor":12},{"not_picked":["Streamline","Compile Driver","Barrage"],"picked":"SKIP","floor":13}],"player_experience":120425,"relics_obtained":[{"floor":6,"key":"Darkstone Periapt"},{"floor":8,"key":"Boot"},{"floor":9,"key":"Ancient Tea Set"},{"floor":12,"key":"Blue Candle"}],"event_choices":[{"damage_healed":0,"gold_gain":0,"player_choice":"Got Potions","damage_taken":0,"max_hp_gain":0,"max_hp_loss":0,"event_name":"Lab","floor":5,"gold_loss":0},{"damage_healed":20,"gold_gain":0,"player_choice":"Healed and dodged fight","damage_taken":0,"max_hp_gain":0,"max_hp_loss":0,"event_name":"Mushrooms","floor":14,"gold_loss":0,"cards_obtained":["Parasite"]}],"is_beta":false,"boss_relics":[],"items_purged_floors":[11],"is_endless":false,"potions_floor_spawned":[2,4,6,7,8],"killed_by":"Slime Boss","ascension_level":6}