{"gold_per_floor":[118,133,55,5,15,50,50,68,68,68,94,94,158,175,175,270,270,286,286,305,10,26,26,44,57,57,57,57,57,57,57,57,161,161,178,178,197,214,224,224,277,277,354,373,673,690,690,700,700,700],"floor_reached":51,"playtime":4939,"items_purged":[],"score":948,"play_id":"d044c9eb-b440-4c7a-85ba-8523b4de1d03","local_time":"20190408133512","is_ascension_mode":true,"campfire_choices":[{"floor":7,"key":"REST"},{"floor":10,"key":"REST"},{"data":"Capacitor","floor":12,"key":"SMITH"},{"floor":15,"key":"REST"},{"floor":23,"key":"REST"},{"floor":27,"key":"REST"},{"floor":28,"key":"REST"},{"data":"Buffer","floor":30,"key":"SMITH"},{"data":"Leap","floor":32,"key":"SMITH"},{"floor":40,"key":"REST"},{"floor":42,"key":"REST"},{"floor":47,"key":"REST"},{"data":"Consume","floor":49,"key":"SMITH"}],"neow_cost":"TEN_PERCENT_HP_LOSS","seed_source_timestamp":298569912988915,"circlet_count":0,"master_deck":["Strike_B","Strike_B","Strike_B","Defend_B","Defend_B","Defend_B","Defend_B","Zap","Dualcast","Go for the Eyes","Fusion","Self Repair","Ball Lightning","Capacitor+1","Glacier","Buffer+1","Redo","Sunder","Core Surge","White Noise","Capacitor+1","Loop","Leap+1","Redo","Glacier","Shame","Creative AI","Static Discharge+1","White Noise+1","Consume+1","Lockon+1","Doom and Gloom","Reinforced Body+1","Multi-Cast"],"relics":["Cracked Core","WingedGreaves","Lantern","Symbiotic Virus","Unceasing Top","Mercury Hourglass","Velvet Choker","Nilry\u0027s Codex","Runic Capacitor","Shuriken","Regal Pillow","Snecko Eye","FaceOfCleric","Incense Burner","Gremlin Horn"],"potions_floor_usage":[16,18,22,25,25,25,38,50,50],"damage_taken":[{"damage":1,"enemies":"Cultist","floor":1,"turns":3},{"damage":9,"enemies":"Small Slimes","floor":2,"turns":4},{"damage":2,"enemies":"2 Louse","floor":5,"turns":3},{"damage":60,"enemies":"3 Sentries","floor":6,"turns":9},{"damage":11,"enemies":"Large Slime","floor":8,"turns":6},{"damage":5,"enemies":"Lagavulin","floor":11,"turns":8},{"damage":16,"enemies":"Gremlin Nob","floor":13,"turns":4},{"damage":5,"enemies":"2 Fungi Beasts","floor":14,"turns":2},{"damage":0,"enemies":"Slime Boss","floor":16,"turns":6},{"damage":28,"enemies":"2 Thieves","floor":18,"turns":3},{"damage":7,"enemies":"Shell Parasite","floor":20,"turns":6},{"damage":6,"enemies":"3 Cultists","floor":22,"turns":5},{"damage":10,"enemies":"Chosen and Byrds","floor":24,"turns":5},{"damage":21,"enemies":"Snake Plant","floor":25,"turns":3},{"damage":15,"enemies":"Champ","floor":33,"turns":15},{"damage":26,"enemies":"3 Darklings","floor":35,"turns":3},{"damage":11,"enemies":"Orb Walker","floor":37,"turns":5},{"damage":10,"enemies":"Sphere and 2 Shapes","floor":38,"turns":5},{"damage":5,"enemies":"3 Darklings","floor":39,"turns":5},{"damage":55,"enemies":"2 Orb Walkers","floor":41,"turns":6},{"damage":27,"enemies":"4 Shapes","floor":44,"turns":6},{"damage":19,"enemies":"Writhing Mass","floor":46,"turns":5},{"damage":1,"enemies":"Sphere and 2 Shapes","floor":48,"turns":4},{"damage":25,"enemies":"Donu and Deca","floor":50,"turns":7}],"seed_played":"7972285409851535741","potions_obtained":[{"floor":1,"key":"Energy Potion"},{"floor":5,"key":"Energy Potion"},{"floor":8,"key":"SkillPotion"},{"floor":14,"key":"Weak Potion"},{"floor":20,"key":"Poison Potion"},{"floor":24,"key":"Fire Potion"},{"floor":25,"key":"GamblersBrew"},{"floor":37,"key":"FocusPotion"},{"floor":39,"key":"FocusPotion"},{"floor":44,"key":"SpeedPotion"}],"is_trial":false,"path_per_floor":["?","?","?","?","?","?","M","?","?","M"],"character_chosen":"DEFECT","items_purchased":["Self Repair","Runic Capacitor","Loop","Block Potion"],"campfire_rested":9,"item_purchase_floors":[3,21,21,21],"current_hp_per_floor":[67,58,58,58,63,10,30,26,26,46,48,48,39,34,54,61,66,38,22,22,22,16,36,33,19,19,39,59,59,59,59,59,51,64,38,38,35,33,43,71,31,67,67,41,41,23,60,67,67,43],"gold":700,"neow_bonus":"ONE_RARE_RELIC","is_prod":false,"is_daily":false,"chose_seed":false,"campfire_upgraded":4,"win_rate":0,"timestamp":1554752112,"path_taken":["M","M","$","?","M","E","R","M","T","R","E","R","?","M","R","BOSS","M","?","M","$","M","R","M","M","T","R","R","?","R","?","R","BOSS","M","?","M","?","M","R","?","R","T","M","?","?","R","M","R","BOSS"],"build_version":"2019-01-23","purchased_purges":0,"victory":true,"max_hp_per_floor":[68,68,68,68,68,68,68,68,68,68,68,68,68,68,68,68,68,68,68,68,68,68,68,68,68,68,68,68,68,68,68,68,68,68,68,68,69,70,71,71,72,72,72,73,73,74,74,75,75,76],"card_choices":[{"not_picked":["Darkness","Hologram"],"picked":"Go for the Eyes","floor":1},{"not_picked":["Rebound","Compile Driver"],"picked":"Fusion","floor":2},{"not_picked":["Streamline","Gash"],"picked":"Ball Lightning","floor":5},{"not_picked":["Gash","Fission"],"picked":"Capacitor","floor":6},{"not_picked":["Leap","Reinforced Body"],"picked":"Glacier","floor":8},{"not_picked":["Tempest","Reinforced Body"],"picked":"Buffer","floor":11},{"not_picked":["Turbo","Compile Driver"],"picked":"Redo","floor":13},{"not_picked":["Lockon","Steam"],"picked":"Sunder","floor":14},{"not_picked":["Machine Learning","Thunder Strike"],"picked":"Core Surge","floor":16},{"not_picked":["Static Discharge","Capacitor"],"picked":"White Noise","floor":18},{"not_picked":["Static Discharge","Compile Driver"],"picked":"Capacitor+1","floor":20},{"not_picked":["Darkness+1","Steam"],"picked":"Leap","floor":22},{"not_picked":["Beam Cell","Turbo"],"picked":"Redo","floor":24},{"not_picked":["Beam Cell","Stack+1"],"picked":"Glacier","floor":25},{"not_picked":["All For One","Meteor Strike"],"picked":"Creative AI","floor":33},{"not_picked":["Streamline+1","Leap+1"],"picked":"Static Discharge+1","floor":35},{"not_picked":["Skim","Chill+1"],"picked":"White Noise+1","floor":37},{"not_picked":["Storm+1","Aggregate"],"picked":"Consume","floor":38},{"not_picked":["Steam+1","Redo"],"picked":"Lockon+1","floor":39},{"not_picked":["Ball Lightning+1","Conserve Battery"],"picked":"Doom and Gloom","floor":44},{"not_picked":["Leap","Fusion"],"picked":"Reinforced Body+1","floor":46},{"not_picked":["Sweeping Beam+1","Gash"],"picked":"Multi-Cast","floor":48}],"player_experience":539064,"relics_obtained":[{"floor":6,"key":"Lantern"},{"floor":9,"key":"Symbiotic Virus"},{"floor":11,"key":"Unceasing Top"},{"floor":13,"key":"Mercury Hourglass"},{"floor":19,"key":"Nilry\u0027s Codex"},{"floor":26,"key":"Shuriken"},{"floor":41,"key":"Incense Burner"},{"floor":43,"key":"Gremlin Horn"}],"event_choices":[{"cards_removed":["Strike_B"],"damage_healed":0,"gold_gain":0,"player_choice":"Card Removal","damage_taken":0,"max_hp_gain":0,"max_hp_loss":0,"event_name":"The Cleric","floor":4,"gold_loss":50},{"damage_healed":0,"gold_gain":0,"player_choice":"Searched \u00272\u0027 times","damage_taken":0,"max_hp_gain":0,"max_hp_loss":0,"event_name":"Dead Adventurer","floor":13,"gold_loss":0},{"damage_healed":0,"gold_gain":0,"player_choice":"Obtained Book","damage_taken":16,"max_hp_gain":0,"max_hp_loss":0,"event_name":"Cursed Tome","floor":19,"gold_loss":0},{"damage_healed":0,"gold_gain":0,"player_choice":"Stole Relic","damage_taken":0,"relics_obtained":["Regal Pillow"],"max_hp_gain":0,"max_hp_loss":0,"event_name":"Addict","floor":29,"gold_loss":0,"cards_obtained":["Shame"]},{"damage_healed":0,"gold_gain":0,"player_choice":"Ignored","damage_taken":0,"max_hp_gain":0,"max_hp_loss":0,"event_name":"Beggar","floor":31,"gold_loss":0},{"damage_healed":0,"gold_gain":0,"player_choice":"Trade","damage_taken":0,"relics_obtained":["FaceOfCleric"],"max_hp_gain":0,"max_hp_loss":0,"event_name":"FaceTrader","floor":36,"gold_loss":0},{"damage_healed":0,"gold_gain":0,"player_choice":"Fight","damage_taken":0,"max_hp_gain":0,"max_hp_loss":0,"event_name":"Mysterious Sphere","floor":41,"gold_loss":0},{"damage_healed":0,"gold_gain":300,"player_choice":"Gold","damage_taken":0,"max_hp_gain":0,"max_hp_loss":0,"event_name":"Wheel of Change","floor":45,"gold_loss":0}],"is_beta":false,"boss_relics":[{"not_picked":["Calling Bell","Philosopher\u0027s Stone"],"picked":"Velvet Choker"},{"not_picked":["FrozenCore","Runic Pyramid"],"picked":"Snecko Eye"}],"items_purged_floors":[],"is_endless":false,"potions_floor_spawned":[1,5,8,14,20,24,25,37,39,44,46],"ascension_level":8}