{"gold_per_floor":[114,124,199,199,199,224,224,241,241,260,285,285,295,323,323,421,421,440,502,512,531,196,196,246,296,296,315,765,765,815,841,841,939,939,954,572,586,598,313,313,380,380,380,397,25,45,71,121,121,121],"floor_reached":51,"playtime":1951,"items_purged":["Defend_R","Shame"],"score":792,"play_id":"75613e8b-f4aa-4e4f-b53b-c9d3d2fc67d1","local_time":"20190127135632","is_ascension_mode":false,"campfire_choices":[{"data":"Perfected Strike","floor":7,"key":"SMITH"},{"data":"Bash","floor":15,"key":"SMITH"},{"data":"Dual Wield","floor":23,"key":"SMITH"},{"floor":29,"key":"REST"},{"data":"Perfected Strike","floor":32,"key":"SMITH"},{"data":"Spot Weakness","floor":40,"key":"SMITH"},{"data":"RitualDagger","floor":42,"key":"SMITH"},{"data":"Panache","floor":49,"key":"SMITH"}],"neow_cost":"NONE","seed_source_timestamp":1530603251853133,"circlet_count":0,"master_deck":["Strike_R","Strike_R","Strike_R","Strike_R","Strike_R","Defend_R+1","Defend_R+1","Bash+1","Perfected Strike+1","Twin Strike","Twin Strike","Dual Wield+1","Armaments+1","Fire Breathing+1","RitualDagger+1","Perfected Strike+1","Clash+1","Mayhem","Shockwave+1","Spot Weakness+1","Bandage Up","Shrug It Off+1","Parasite","Fire Breathing","Inflame","Panache+1","Pommel Strike","Madness+1","Madness+1"],"relics":["Black Blood","NeowsBlessing","Singing Bowl","Red Skull","War Paint","Potion Belt","SsserpentHead","Bag of Marbles","Cursed Key","Bottled Flame","Nilry\u0027s Codex","Torii","Old Coin","Self Forming Clay","Mummified Hand","Medical Kit","Sling","Toxic Egg 2","Membership Card","Vajra"],"potions_floor_usage":[21,31,33,44,47,50,50,50,50,50],"damage_taken":[{"damage":0,"enemies":"Small Slimes","floor":1,"turns":1},{"damage":0,"enemies":"2 Louse","floor":2,"turns":1},{"damage":0,"enemies":"3 Sentries","floor":6,"turns":1},{"damage":0,"enemies":"Cultist","floor":8,"turns":2},{"damage":20,"enemies":"Large Slime","floor":10,"turns":3},{"damage":28,"enemies":"Lagavulin","floor":11,"turns":5},{"damage":2,"enemies":"Looter","floor":13,"turns":2},{"damage":5,"enemies":"3 Sentries","floor":14,"turns":6},{"damage":32,"enemies":"Hexaghost","floor":16,"turns":7},{"damage":22,"enemies":"2 Thieves","floor":18,"turns":4},{"damage":10,"enemies":"Chosen","floor":19,"turns":2},{"damage":29,"enemies":"Snake Plant","floor":20,"turns":3},{"damage":3,"enemies":"Snecko","floor":21,"turns":3},{"damage":2,"enemies":"3 Cultists","floor":27,"turns":4},{"damage":13,"enemies":"Colosseum Slavers","floor":28,"turns":2},{"damage":22,"enemies":"Colosseum Nobs","floor":28,"turns":4},{"damage":19,"enemies":"Book of Stabbing","floor":31,"turns":3},{"damage":9,"enemies":"Collector","floor":33,"turns":5},{"damage":1,"enemies":"Orb Walker","floor":35,"turns":2},{"damage":2,"enemies":"3 Shapes","floor":37,"turns":3},{"damage":14,"enemies":"Sphere and 2 Shapes","floor":38,"turns":4},{"damage":1,"enemies":"Transient","floor":41,"turns":5},{"damage":10,"enemies":"Writhing Mass","floor":44,"turns":3},{"damage":28,"enemies":"Maw","floor":46,"turns":6},{"damage":14,"enemies":"Nemesis","floor":47,"turns":5},{"damage":65,"enemies":"Awakened One","floor":50,"turns":8}],"seed_played":"-3651349053018425101","potions_obtained":[{"floor":2,"key":"Dexterity Potion"},{"floor":8,"key":"Dexterity Potion"},{"floor":11,"key":"SteroidPotion"},{"floor":16,"key":"SkillPotion"},{"floor":28,"key":"Explosive Potion"},{"floor":31,"key":"AttackPotion"},{"floor":33,"key":"EssenceOfSteel"},{"floor":35,"key":"Regen Potion"},{"floor":44,"key":"Fire Potion"},{"floor":47,"key":"Swift Potion"}],"is_trial":false,"path_per_floor":["M","M","?","?","?","E","R","M","T","M","E","?","M","E","R","B",null,"M","M","M","M","$","R","?","?","T","M","?","R","?","E","R","B",null,"M","$","M","M","$","R","M","R","T","M","$","M","E","?","R","B",null],"character_chosen":"IRONCLAD","items_purchased":["Bottled Flame","Medical Kit","Mayhem","Sling","Bandage Up","Membership Card","Inflame","Panache"],"campfire_rested":1,"item_purchase_floors":[22,36,36,39,39,45,45,45],"current_hp_per_floor":[80,80,69,62,55,63,63,69,69,57,37,37,43,44,44,20,90,76,72,49,54,54,54,48,32,32,36,15,43,43,32,32,31,100,100,100,100,96,96,96,100,100,100,100,100,86,102,89,89,38],"gold":121,"neow_bonus":"THREE_ENEMY_KILL","is_prod":false,"is_daily":false,"chose_seed":false,"campfire_upgraded":7,"win_rate":0,"timestamp":1548626192,"path_taken":["M","M","?","?","?","E","R","M","T","M","E","?","M","E","R","BOSS","M","?","M","M","$","R","?","?","T","M","?","R","?","E","R","BOSS","M","$","M","M","$","R","?","R","T","M","$","M","E","?","R","BOSS"],"build_version":"2019-01-10","purchased_purges":2,"victory":true,"max_hp_per_floor":[80,80,80,80,80,82,82,82,82,84,86,86,88,88,88,90,90,92,92,92,94,94,94,94,94,94,94,96,96,96,98,98,100,100,100,100,100,100,100,100,100,100,100,100,100,100,102,102,102,102],"card_choices":[{"not_picked":["Flex","Ghostly Armor"],"picked":"Perfected Strike","floor":1},{"not_picked":["Iron Wave","Evolve"],"picked":"Twin Strike","floor":2},{"not_picked":["Cleave","Searing Blow","Pummel"],"picked":"Singing Bowl","floor":6},{"not_picked":["Shrug It Off","Burning Pact"],"picked":"Twin Strike","floor":8},{"not_picked":["Flex","Dark Embrace","Thunderclap"],"picked":"Singing Bowl","floor":10},{"not_picked":["Bloodletting","Rupture","Armaments"],"picked":"Singing Bowl","floor":11},{"not_picked":["Clash","Clothesline","Entrench"],"picked":"Singing Bowl","floor":13},{"not_picked":["Thunderclap","Iron Wave"],"picked":"Dual Wield","floor":14},{"not_picked":["Fiend Fire","Exhume","Immolate"],"picked":"Singing Bowl","floor":16},{"not_picked":["Anger","Blood for Blood+1","Second Wind"],"picked":"Singing Bowl","floor":18},{"not_picked":["Sword Boomerang","Intimidate"],"picked":"Armaments+1","floor":19},{"not_picked":["Cleave","Clothesline+1"],"picked":"Fire Breathing+1","floor":20},{"not_picked":["Heavy Blade","Ghostly Armor","Headbutt"],"picked":"Singing Bowl","floor":21},{"not_picked":["Clothesline","Flex"],"picked":"Perfected Strike","floor":27},{"not_picked":["Wild Strike","Warcry","Armaments"],"picked":"Singing Bowl","floor":28},{"not_picked":["Entrench","Wild Strike+1","Corruption"],"picked":"Singing Bowl","floor":31},{"not_picked":["Fiend Fire","Brutality","Exhume"],"picked":"Singing Bowl","floor":33},{"not_picked":["Uppercut","True Grit+1"],"picked":"Clash+1","floor":35},{"not_picked":["Carnage","Reckless Charge"],"picked":"Shockwave+1","floor":37},{"not_picked":["Rampage","Clash+1"],"picked":"Spot Weakness","floor":38},{"not_picked":["Body Slam","Wild Strike+1"],"picked":"Shrug It Off+1","floor":41},{"not_picked":["Clothesline","Body Slam"],"picked":"Fire Breathing","floor":44},{"not_picked":["Twin Strike+1","Second Wind+1"],"picked":"Pommel Strike","floor":46},{"not_picked":["Bloodletting+1","Juggernaut","Wild Strike+1"],"picked":"Singing Bowl","floor":47}],"player_experience":371321,"relics_obtained":[{"floor":6,"key":"Red Skull"},{"floor":9,"key":"War Paint"},{"floor":11,"key":"Potion Belt"},{"floor":14,"key":"Bag of Marbles"},{"floor":25,"key":"Nilry\u0027s Codex"},{"floor":26,"key":"Torii"},{"floor":28,"key":"Old Coin"},{"floor":28,"key":"Self Forming Clay"},{"floor":31,"key":"Mummified Hand"},{"floor":43,"key":"Toxic Egg 2"},{"floor":47,"key":"Vajra"}],"event_choices":[{"damage_healed":0,"gold_gain":75,"player_choice":"Gather Gold","damage_taken":11,"max_hp_gain":0,"max_hp_loss":0,"event_name":"World of Goop","floor":3,"gold_loss":0},{"damage_healed":0,"gold_gain":0,"player_choice":"Success","damage_taken":7,"relics_obtained":["Singing Bowl"],"max_hp_gain":0,"max_hp_loss":0,"event_name":"Scrap Ooze","floor":4,"gold_loss":0},{"cards_removed":["Defend_R"],"damage_healed":0,"gold_gain":0,"player_choice":"Card Removal","damage_taken":7,"max_hp_gain":0,"max_hp_loss":0,"event_name":"Golden Wing","floor":5,"gold_loss":0},{"damage_healed":0,"gold_gain":0,"player_choice":"Trade","damage_taken":0,"relics_obtained":["SsserpentHead"],"max_hp_gain":0,"max_hp_loss":0,"event_name":"FaceTrader","floor":12,"gold_loss":0},{"damage_healed":0,"gold_gain":0,"player_choice":"Joined the Cult","damage_taken":6,"max_hp_gain":0,"max_hp_loss":0,"event_name":"Nest","floor":24,"gold_loss":0,"cards_obtained":["RitualDagger"]},{"damage_healed":0,"gold_gain":0,"player_choice":"Obtained Book","damage_taken":16,"max_hp_gain":0,"max_hp_loss":0,"event_name":"Cursed Tome","floor":25,"gold_loss":0},{"damage_healed":0,"gold_gain":0,"player_choice":"Fight","damage_taken":0,"max_hp_gain":0,"max_hp_loss":0,"event_name":"Colosseum","floor":28,"gold_loss":0},{"damage_healed":0,"gold_gain":0,"player_choice":"Fought Nobs","damage_taken":0,"max_hp_gain":0,"max_hp_loss":0,"event_name":"Colosseum","floor":28,"gold_loss":0},{"cards_removed":["Regret"],"damage_healed":0,"gold_gain":0,"player_choice":"Removed Curses","damage_taken":0,"max_hp_gain":0,"max_hp_loss":0,"event_name":"Fountain of Cleansing","floor":30,"gold_loss":0},{"damage_healed":0,"gold_gain":0,"player_choice":"Embrace Madness","damage_taken":13,"max_hp_gain":0,"max_hp_loss":0,"event_name":"Winding Halls","floor":48,"gold_loss":0,"cards_obtained":["Madness","Madness"]}],"is_beta":false,"boss_relics":[{"not_picked":["Lizard Tail","Runic Cube"],"picked":"Cursed Key"},{"not_picked":["Fusion Hammer","Philosopher\u0027s Stone"],"picked":"Black Blood"}],"items_purged_floors":[22,45],"is_endless":false,"potions_floor_spawned":[2,8,11,16,28,28,31,33,35,38,44,46,47],"ascension_level":0}