{"gold_per_floor":[117,137,149,51,51,51,51,51,51,24,40,40,80,94,94,94],"floor_reached":16,"playtime":457,"items_purged":["Strike_R"],"score":100,"play_id":"6ff9a746-8a42-4d2a-be74-382e68a8320e","local_time":"20180825134237","is_ascension_mode":false,"campfire_choices":[{"data":"Bash","floor":6,"key":"SMITH"},{"data":"Clothesline","floor":8,"key":"SMITH"},{"data":"Flex","floor":12,"key":"SMITH"},{"data":"Inflame","floor":15,"key":"SMITH"}],"neow_cost":"NONE","seed_source_timestamp":608165206756822,"circlet_count":0,"master_deck":["Strike_R","Strike_R","Strike_R","Strike_R","Defend_R","Defend_R","Defend_R","Bash+1","Flex+1","Clothesline+1","Pommel Strike","Thunderclap","Cleave","Pummel","Pommel Strike","Inflame+1","Feed","Flame Barrier"],"relics":["Burning Blood","Golden Idol","Bottled Lightning","Omamori"],"potions_floor_usage":[11],"damage_taken":[{"damage":6,"enemies":"Cultist","floor":1,"turns":3},{"damage":2,"enemies":"2 Louse","floor":2,"turns":2},{"damage":0,"enemies":"Small Slimes","floor":3,"turns":3},{"damage":10,"enemies":"Exordium Wildlife","floor":11,"turns":2},{"damage":26,"enemies":"Lagavulin","floor":13,"turns":4},{"damage":12,"enemies":"Exordium Thugs","floor":14,"turns":2},{"damage":33,"enemies":"The Guardian","floor":16,"turns":13}],"seed_played":"-8989849109847863297","potions_obtained":[{"floor":1,"key":"Fire Potion"},{"floor":3,"key":"Ancient Potion"}],"is_trial":false,"path_per_floor":["M","M","M","$","?","R","?","R","T","$","M","R","E","M","R"],"character_chosen":"IRONCLAD","items_purchased":["Thunderclap","Pommel Strike"],"campfire_rested":0,"item_purchase_floors":[4,10],"current_hp_per_floor":[80,80,80,80,80,80,60,60,60,60,56,56,36,33,33,0],"gold":94,"neow_bonus":"REMOVE_CARD","is_prod":false,"is_daily":false,"chose_seed":false,"campfire_upgraded":4,"win_rate":0,"timestamp":1535229757,"path_taken":["M","M","M","$","?","R","?","R","T","$","M","R","E","M","R","BOSS"],"build_version":"2018-08-23v2","purchased_purges":1,"victory":false,"max_hp_per_floor":[80,80,80,80,80,80,80,80,80,80,80,80,80,83,83,83],"card_choices":[{"not_picked":["Entrench","Thunderclap"],"picked":"Flex","floor":1},{"not_picked":["Wild Strike","Hemokinesis"],"picked":"Clothesline","floor":2},{"not_picked":["True Grit","Twin Strike"],"picked":"Pommel Strike","floor":3},{"not_picked":["Shrug It Off","Havoc"],"picked":"Inflame","floor":11},{"not_picked":["Sword Boomerang","Flex"],"picked":"Feed","floor":13},{"not_picked":["Perfected Strike","Battle Trance"],"picked":"Flame Barrier","floor":14}],"player_experience":145346,"relics_obtained":[{"floor":9,"key":"Bottled Lightning"},{"floor":13,"key":"Omamori"}],"event_choices":[{"event_name":"Match and Keep!","player_choice":"2 cards matched","floor":5,"damage_taken":0},{"event_name":"Golden Idol","player_choice":"Take Damage","floor":7,"damage_taken":0}],"is_beta":false,"boss_relics":[],"items_purged_floors":[4],"is_endless":false,"potions_floor_spawned":[1,3],"killed_by":"The Guardian","ascension_level":0}