{"gold_per_floor":[109,109,109,74,93,118,118,152,152,187,57,57,57,57,57,57],"floor_reached":16,"playtime":905,"items_purged":[],"score":160,"play_id":"387936ad-acff-4c71-8471-bb148818faf8","local_time":"20190409162742","is_ascension_mode":true,"campfire_choices":[{"floor":7,"key":"REST"},{"floor":13,"key":"REST"},{"data":"Bouncing Flask","floor":15,"key":"SMITH"}],"neow_cost":"CURSE","seed_source_timestamp":399999810229069,"circlet_count":0,"master_deck":["Defend_G","Defend_G","Defend_G","Defend_G","Defend_G","Strike_G","Strike_G+1","Strike_G","Strike_G","Survivor+1","Neutralize+1","Injury","Corpse Explosion","Crippling Poison","Flying Knee","Poisoned Stab","Bouncing Flask+1","Well Laid Plans","Cloak And Dagger"],"relics":["Ring of the Snake","Ancient Tea Set","Shovel","Shuriken","Sundial","Du-Vu Doll"],"potions_floor_usage":[6,8],"damage_taken":[{"damage":0,"enemies":"2 Louse","floor":1,"turns":2},{"damage":7,"enemies":"Small Slimes","floor":5,"turns":3},{"damage":29,"enemies":"Gremlin Nob","floor":6,"turns":5},{"damage":15,"enemies":"3 Sentries","floor":8,"turns":3},{"damage":29,"enemies":"Gremlin Nob","floor":10,"turns":5},{"damage":38,"enemies":"Slime Boss","floor":16,"turns":6}],"seed_played":"-9148761840770208763","potions_obtained":[{"floor":5,"key":"EssenceOfSteel"},{"floor":6,"key":"Regen Potion"}],"is_trial":false,"path_per_floor":["?","?","?","$","?","T"],"character_chosen":"THE_SILENT","items_purchased":["Well Laid Plans","Cloak And Dagger"],"campfire_rested":2,"item_purchase_floors":[11,11],"current_hp_per_floor":[63,56,42,59,52,23,44,41,41,12,12,12,33,33,33,0],"gold":57,"neow_bonus":"THREE_RARE_CARDS","is_prod":false,"is_daily":false,"chose_seed":false,"campfire_upgraded":1,"win_rate":0,"timestamp":1554848862,"path_taken":["M","?","?","?","M","E","R","E","T","E","?","?","R","?","R","BOSS"],"build_version":"2019-01-23","purchased_purges":0,"victory":false,"max_hp_per_floor":[70,70,70,70,70,70,70,70,70,70,70,70,70,70,70,70],"card_choices":[{"not_picked":["Malaise","Glass Knife"],"picked":"Corpse Explosion","floor":0},{"not_picked":["Distraction","Sucker Punch"],"picked":"Crippling Poison","floor":1},{"not_picked":["Cloak And Dagger","Prepared"],"picked":"Flying Knee","floor":5},{"not_picked":["Dagger Throw","Bane"],"picked":"Poisoned Stab","floor":6},{"not_picked":["Underhanded Strike","Dash"],"picked":"Bouncing Flask","floor":8},{"not_picked":["Flechettes","Prepared","Finisher"],"picked":"SKIP","floor":10}],"player_experience":558171,"relics_obtained":[{"floor":6,"key":"Ancient Tea Set"},{"floor":8,"key":"Shovel"},{"floor":9,"key":"Shuriken"},{"floor":10,"key":"Sundial"},{"floor":14,"key":"Du-Vu Doll"}],"event_choices":[{"cards_removed":["Strike_G"],"damage_healed":0,"gold_gain":0,"player_choice":"Card Removal","damage_taken":7,"max_hp_gain":0,"max_hp_loss":0,"event_name":"Golden Wing","floor":2,"gold_loss":0},{"damage_healed":0,"gold_gain":0,"player_choice":"Entered Light","damage_taken":14,"max_hp_gain":0,"max_hp_loss":0,"event_name":"Shining Light","floor":3,"gold_loss":0,"cards_upgraded":["Survivor","Strike_G"]},{"damage_healed":17,"gold_gain":0,"player_choice":"Healed","damage_taken":0,"max_hp_gain":0,"max_hp_loss":0,"event_name":"The Cleric","floor":4,"gold_loss":35},{"damage_healed":0,"gold_gain":0,"player_choice":"Grow","damage_taken":0,"max_hp_gain":0,"max_hp_loss":0,"event_name":"Living Wall","floor":12,"gold_loss":0,"cards_upgraded":["Neutralize"]}],"is_beta":false,"boss_relics":[],"items_purged_floors":[],"is_endless":false,"potions_floor_spawned":[5,6],"killed_by":"Slime Boss","ascension_level":8}