{"gold_per_floor":[147,147,147,97,116,116,133,143,143,176,201,213,225,249,261,368,380,410,512,623,625,552,564,576],"floor_reached":24,"playtime":738,"items_purged":[],"score":196,"play_id":"3d5a4473-d38e-4f09-8957-9d17fcc93225","local_time":"20181017112947","is_ascension_mode":false,"campfire_choices":[{"data":"Bash","floor":6,"key":"SMITH"},{"data":"Disarm","floor":15,"key":"SMITH"},{"data":"Discovery","floor":23,"key":"SMITH"}],"neow_cost":"NONE","seed_source_timestamp":164580358789895,"circlet_count":0,"master_deck":["Strike_R","Strike_R","Strike_R+1","Defend_R+1","Defend_R","Defend_R","Defend_R","Bash+1","Disarm+1","Uppercut","True Grit","Shrug It Off","Barricade","Discovery+1"],"relics":["Burning Blood","Tiny Chest","Sundial","Pantograph","MawBank","Runic Dome","Blue Candle"],"potions_floor_usage":[10,10,11,16],"damage_taken":[{"damage":2,"enemies":"2 Louse","floor":1,"turns":4},{"damage":0,"enemies":"Small Slimes","floor":5,"turns":3},{"damage":1,"enemies":"Jaw Worm","floor":7,"turns":4},{"damage":10,"enemies":"Exordium Wildlife","floor":8,"turns":4},{"damage":20,"enemies":"Lagavulin","floor":10,"turns":4},{"damage":7,"enemies":"Large Slime","floor":11,"turns":5},{"damage":2,"enemies":"Looter","floor":14,"turns":4},{"damage":54,"enemies":"Hexaghost","floor":16,"turns":15},{"damage":15,"enemies":"Spheric Guardian","floor":18,"turns":7},{"damage":14,"enemies":"2 Thieves","floor":21,"turns":4},{"damage":43,"enemies":"Slavers","floor":24,"turns":4}],"seed_played":"-239369559049673978","potions_obtained":[{"floor":7,"key":"AttackPotion"},{"floor":8,"key":"SteroidPotion"},{"floor":10,"key":"Fire Potion"},{"floor":11,"key":"Weak Potion"},{"floor":18,"key":"SpeedPotion"}],"is_trial":false,"path_per_floor":["M","?","T","?","M","R","M","M","T","E","M","?","$","M","R","B",null,"M","?","?","M","?","R"],"character_chosen":"IRONCLAD","items_purchased":[],"campfire_rested":0,"item_purchase_floors":[],"current_hp_per_floor":[80,64,64,64,70,70,75,71,71,57,56,49,49,53,53,30,80,71,47,47,39,39,39,0],"gold":576,"neow_bonus":"RANDOM_COMMON_RELIC","is_prod":false,"is_daily":false,"chose_seed":false,"campfire_upgraded":3,"win_rate":0,"timestamp":1539800987,"path_taken":["M","?","?","?","M","R","?","M","T","E","M","?","$","?","R","BOSS","M","?","?","M","?","R","E"],"build_version":"2018-10-11","purchased_purges":0,"victory":false,"max_hp_per_floor":[80,80,80,80,80,80,80,80,80,80,80,80,80,80,80,80,80,80,80,80,80,80,80,80],"card_choices":[{"not_picked":["Twin Strike","Havoc","Rampage"],"picked":"SKIP","floor":1},{"not_picked":["Dual Wield","Blood for Blood"],"picked":"Disarm","floor":5},{"not_picked":["Sever Soul","Cleave"],"picked":"Uppercut","floor":7},{"not_picked":["Anger","Metallicize"],"picked":"True Grit","floor":8},{"not_picked":["Pommel Strike","Burning Pact"],"picked":"Shrug It Off","floor":10},{"not_picked":["Anger","Ghostly Armor","Clothesline"],"picked":"SKIP","floor":11},{"not_picked":["Shrug It Off","Perfected Strike","Twin Strike"],"picked":"SKIP","floor":14},{"not_picked":["Impervious","Fiend Fire"],"picked":"Barricade","floor":16},{"not_picked":["Flex","Perfected Strike","True Grit"],"picked":"SKIP","floor":18},{"not_picked":["Clothesline+1","Combust","Havoc"],"picked":"SKIP","floor":21}],"player_experience":296906,"relics_obtained":[{"floor":3,"key":"Sundial"},{"floor":9,"key":"Pantograph"},{"floor":10,"key":"MawBank"}],"event_choices":[{"event_name":"Shining Light","player_choice":"Entered Light","floor":2,"damage_taken":0},{"event_name":"The Cleric","player_choice":"Card Removal","floor":4,"damage_taken":0},{"event_name":"Golden Wing","player_choice":"Card Removal","floor":12,"damage_taken":0},{"event_name":"Knowing Skull","player_choice":"CARD GOLD ","floor":19,"damage_taken":0},{"event_name":"Nest","player_choice":"Stole From Cult","floor":20,"damage_taken":0},{"event_name":"Addict","player_choice":"Obtained Relic","floor":22,"damage_taken":0}],"is_beta":false,"boss_relics":[{"not_picked":["Cursed Key","White Beast Statue"],"picked":"Runic Dome"}],"items_purged_floors":[],"is_endless":false,"potions_floor_spawned":[7,8,10,11,18],"killed_by":"Slavers","ascension_level":0}