{"gold_per_floor":[113,133,148,158,158,158,184,198,198,225,225],"floor_reached":11,"playtime":350,"items_purged":[],"score":149,"play_id":"5a5c50e5-ef86-42eb-940e-826674a488b8","local_time":"20190503180022","is_ascension_mode":true,"campfire_choices":[{"data":"Neutralize","floor":6,"key":"SMITH"}],"neow_cost":"NONE","seed_source_timestamp":1752518683932964,"circlet_count":0,"master_deck":["AscendersBane","Defend_G","Defend_G","Defend_G","Defend_G","Defend_G","Strike_G","Strike_G","Strike_G","Strike_G","Strike_G","Survivor","Neutralize+1","Dagger Throw","Dagger Spray","Flechettes","Dagger Spray","Dagger Spray"],"relics":["Ring of the Snake","Orichalcum","Smiling Mask","Lantern","Mummified Hand","Prayer Wheel"],"potions_floor_usage":[],"damage_taken":[{"damage":4,"enemies":"Cultist","floor":1,"turns":5},{"damage":0,"enemies":"Small Slimes","floor":2,"turns":3},{"damage":1,"enemies":"Jaw Worm","floor":3,"turns":3},{"damage":8,"enemies":"Red Slaver","floor":4,"turns":2},{"damage":16,"enemies":"Gremlin Nob","floor":7,"turns":5},{"damage":0,"enemies":"Gremlin Gang","floor":8,"turns":4},{"damage":24,"enemies":"Lagavulin","floor":10,"turns":6},{"damage":14,"enemies":"Large Slime","floor":11,"turns":3}],"seed_played":"1256790016330017818","potions_obtained":[{"floor":2,"key":"LiquidBronze"},{"floor":3,"key":"Ancient Potion"},{"floor":8,"key":"Energy Potion"}],"is_trial":false,"path_per_floor":["M","M","M","M","?","R","E","M","T","E","M"],"character_chosen":"THE_SILENT","items_purchased":[],"campfire_rested":0,"item_purchase_floors":[],"current_hp_per_floor":[55,55,54,46,46,46,30,30,30,6,0],"gold":225,"neow_bonus":"RANDOM_COMMON_RELIC","is_prod":false,"is_daily":false,"chose_seed":false,"campfire_upgraded":1,"win_rate":0,"timestamp":1556931622,"path_taken":["M","M","M","?","?","R","E","M","T","E","M"],"build_version":"2019-01-23","purchased_purges":0,"victory":false,"max_hp_per_floor":[66,66,66,66,66,66,66,66,66,66,66],"card_choices":[{"not_picked":["Cloak And Dagger","Deflect"],"picked":"Dagger Throw","floor":1},{"not_picked":["Outmaneuver","Dodge and Roll"],"picked":"Dagger Spray","floor":2},{"not_picked":["Caltrops","Terror"],"picked":"Flechettes","floor":3},{"not_picked":["Blade Dance","Expertise"],"picked":"Dagger Spray","floor":4},{"not_picked":["Slice","Skewer","Outmaneuver"],"picked":"SKIP","floor":7},{"not_picked":["Tools of the Trade","Blade Dance"],"picked":"Dagger Spray","floor":8},{"not_picked":["Skewer","Bane","Sucker Punch"],"picked":"SKIP","floor":10}],"player_experience":391388,"relics_obtained":[{"floor":7,"key":"Lantern"},{"floor":9,"key":"Mummified Hand"},{"floor":10,"key":"Prayer Wheel"}],"event_choices":[{"damage_healed":0,"gold_gain":0,"player_choice":"Gave Potion","damage_taken":0,"relics_obtained":["Smiling Mask"],"max_hp_gain":0,"max_hp_loss":0,"event_name":"WeMeetAgain","floor":5,"gold_loss":0}],"is_beta":false,"boss_relics":[],"items_purged_floors":[],"is_endless":false,"potions_floor_spawned":[2,3,8],"killed_by":"Large Slime","ascension_level":15}