{"gold_per_floor":[110,110,35,46,46,46,66,85,85,101,77,90,107,118,118,217,217,236,254,254,269,282,312,312,342,342,352,214,230,27,27,27,27],"floor_reached":33,"playtime":1839,"items_purged":["Hemokinesis","Decay"],"score":333,"play_id":"a96bb4ed-fcbc-4906-9adb-cea527ecaa6d","local_time":"20180908175409","is_ascension_mode":false,"campfire_choices":[{"data":"Armaments","floor":6,"key":"SMITH"},{"data":"Shrug It Off","floor":15,"key":"SMITH"},{"floor":24,"key":"REST"},{"floor":32,"key":"REST"}],"neow_cost":"NONE","seed_source_timestamp":508001617286111,"circlet_count":0,"master_deck":["Bash","Metallicize","Armaments+1","Headbutt","Havoc","Wild Strike","Entrench","Metallicize","Pommel Strike","Entrench","Shrug It Off+1","Feed","Demon Form","Seeing Red","Clash+1","Dropkick"],"relics":["Pandora\u0027s Box","FaceOfCleric","Bronze Scales","Cursed Key","Blue Candle","Strawberry","Oddly Smooth Stone","Medical Kit","Happy Flower"],"potions_floor_usage":[16,16,19,23,25,33,33],"damage_taken":[{"damage":3,"enemies":"Cultist","floor":1,"turns":2},{"damage":2,"enemies":"2 Louse","floor":4,"turns":3},{"damage":4,"enemies":"Small Slimes","floor":7,"turns":4},{"damage":1,"enemies":"2 Fungi Beasts","floor":8,"turns":4},{"damage":2,"enemies":"3 Louse","floor":10,"turns":3},{"damage":0,"enemies":"Exordium Thugs","floor":12,"turns":4},{"damage":4,"enemies":"Looter","floor":13,"turns":3},{"damage":3,"enemies":"2 Fungi Beasts","floor":14,"turns":3},{"damage":45,"enemies":"Hexaghost","floor":16,"turns":10},{"damage":6,"enemies":"Chosen","floor":18,"turns":6},{"damage":10,"enemies":"3 Byrds","floor":19,"turns":4},{"damage":3,"enemies":"Snake Plant","floor":21,"turns":4},{"damage":17,"enemies":"Snecko","floor":22,"turns":7},{"damage":40,"enemies":"Slavers","floor":23,"turns":7},{"damage":64,"enemies":"Book of Stabbing","floor":25,"turns":7},{"damage":10,"enemies":"Centurion and Healer","floor":27,"turns":8},{"damage":21,"enemies":"Shelled Parasite and Fungi","floor":29,"turns":6},{"damage":50,"enemies":"Collector","floor":33,"turns":6}],"seed_played":"5350194838357201896","potions_obtained":[{"floor":1,"key":"Regen Potion"},{"floor":8,"key":"SkillPotion"},{"floor":12,"key":"SkillPotion"},{"floor":16,"key":"Energy Potion"},{"floor":22,"key":"Fire Potion"},{"floor":25,"key":"LiquidBronze"},{"floor":29,"key":"EssenceOfSteel"}],"is_trial":false,"path_per_floor":["M","?","$","M","?","R","M","M","T","M","$","M","M","M","R","B",null,"M","M","?","M","M","E","R","E","T","M","$","M","$","?","R"],"character_chosen":"IRONCLAD","items_purchased":["Shrug It Off","Dropkick","Medical Kit"],"campfire_rested":2,"item_purchase_floors":[11,28,30],"current_hp_per_floor":[77,77,77,76,76,76,73,73,73,72,72,73,70,68,68,24,88,87,81,81,82,70,49,82,26,26,21,21,5,5,5,43,0],"gold":27,"neow_bonus":"BOSS_RELIC","is_prod":false,"is_daily":false,"chose_seed":false,"campfire_upgraded":2,"win_rate":0,"timestamp":1536454449,"path_taken":["M","?","$","M","?","R","M","M","T","M","$","M","M","M","R","BOSS","M","M","?","M","M","E","R","E","T","?","$","M","$","?","R","BOSS"],"build_version":"2018-09-06","purchased_purges":2,"victory":false,"max_hp_per_floor":[80,80,80,81,81,81,82,83,83,84,84,85,86,87,87,88,88,93,97,97,101,106,110,110,118,118,123,123,128,128,128,128,128],"card_choices":[{"not_picked":["Havoc","Clash"],"picked":"Metallicize","floor":1},{"not_picked":["Body Slam","Perfected Strike","Carnage"],"picked":"SKIP","floor":4},{"not_picked":["Blood for Blood","Anger"],"picked":"Pommel Strike","floor":7},{"not_picked":["Wild Strike","Thunderclap","Pommel Strike"],"picked":"SKIP","floor":8},{"not_picked":["Anger","Havoc"],"picked":"Entrench","floor":10},{"not_picked":["Infernal Blade","True Grit","Clash"],"picked":"SKIP","floor":12},{"not_picked":["Havoc","Pommel Strike","Hemokinesis"],"picked":"SKIP","floor":13},{"not_picked":["Blood for Blood","Perfected Strike"],"picked":"Feed","floor":14},{"not_picked":["Feed","Immolate"],"picked":"Demon Form","floor":16},{"not_picked":["Bloodletting","Flex","Inflame"],"picked":"SKIP","floor":18},{"not_picked":["Cleave","Thunderclap+1","Shrug It Off"],"picked":"SKIP","floor":19},{"not_picked":["Cleave+1","Power Through"],"picked":"Seeing Red","floor":21},{"not_picked":["Headbutt","Fire Breathing+1","Warcry"],"picked":"SKIP","floor":22},{"not_picked":["Seeing Red","Metallicize"],"picked":"Clash+1","floor":23},{"not_picked":["Twin Strike+1","Corruption","Berserk"],"picked":"SKIP","floor":25},{"not_picked":["Clash","Infernal Blade","True Grit"],"picked":"SKIP","floor":27},{"not_picked":["Perfected Strike","Battle Trance","Havoc+1"],"picked":"SKIP","floor":29}],"player_experience":191145,"relics_obtained":[{"floor":9,"key":"Bronze Scales"},{"floor":23,"key":"Blue Candle"},{"floor":25,"key":"Strawberry"},{"floor":26,"key":"Oddly Smooth Stone"}],"event_choices":[{"event_name":"FaceTrader","player_choice":"Trade","floor":2,"damage_taken":0},{"event_name":"Living Wall","player_choice":"Forget","floor":5,"damage_taken":0},{"event_name":"Back to Basics","player_choice":"Elegance","floor":20,"damage_taken":0},{"event_name":"The Mausoleum","player_choice":"Yes","floor":31,"damage_taken":0}],"is_beta":false,"boss_relics":[{"not_picked":["Runic Cube","Tiny House"],"picked":"Cursed Key"}],"items_purged_floors":[3,28],"is_endless":false,"potions_floor_spawned":[1,8,12,16,22,25,29],"killed_by":"Collector","ascension_level":0}