{"gold_per_floor":[212,212,212,212,228,263,282,316,339,339,304,316,347,426,426,531,531,545,560,578,5,15,42,71,83,95,107,148,160,184,30,30,128,128,144,162,178,189,189,189,203,220,302,302,333,682,694,721,721,721],"floor_reached":51,"playtime":3050,"items_purged":["Strike_B"],"score":831,"play_id":"9c159840-64ab-46f1-bbe4-b4b83cbb85a1","local_time":"20180811104350","is_ascension_mode":true,"campfire_choices":[{"floor":15,"key":"REST"},{"floor":27,"key":"REST"},{"floor":29,"key":"REST"},{"floor":32,"key":"REST"},{"floor":40,"key":"REST"},{"floor":49,"key":"REST"}],"neow_cost":"NONE","seed_source_timestamp":253426595198194,"circlet_count":0,"master_deck":["Defend_B+1","Defend_B+1","Defend_B","Defend_B","Zap+1","Dualcast","Melter","Ball Lightning","Gash","Genetic Algorithm","Compile Driver","Thunder Strike","Gash","Hyperbeam","Go for the Eyes+1","Bandage Up","Beam Cell","Fusion","Go for the Eyes+1","Defragment+1","Scrape","Reboot","BootSequence","Loop","Core Surge","Glacier+1","Sweeping Beam+1","Glacier+1","Redo+1","Sweeping Beam+1","Beam Cell","Storm+1","Conserve Battery","Fission"],"relics":["FrozenCore","Regal Pillow","Bag of Preparation","Happy Flower","Anchor","Darkstone Periapt","Fusion Hammer","Ginger","MawBank","Mummified Hand","Boot","Mercury Hourglass","Gambling Chip","Old Coin","War Paint"],"potions_floor_usage":[6,24,28,30,33,33,33,33,37,38,45,48,50,50],"damage_taken":[{"damage":2,"enemies":"Small Slimes","floor":1,"turns":4},{"damage":1,"enemies":"Cultist","floor":5,"turns":3},{"damage":6,"enemies":"Gremlin Nob","floor":6,"turns":3},{"damage":2,"enemies":"2 Louse","floor":7,"turns":2},{"damage":21,"enemies":"Lagavulin","floor":8,"turns":5},{"damage":2,"enemies":"Blue Slaver","floor":12,"turns":3},{"damage":12,"enemies":"3 Sentries","floor":13,"turns":6},{"damage":25,"enemies":"Slime Boss","floor":16,"turns":7},{"damage":3,"enemies":"Shell Parasite","floor":18,"turns":4},{"damage":0,"enemies":"Spheric Guardian","floor":19,"turns":3},{"damage":10,"enemies":"3 Cultists","floor":20,"turns":4},{"damage":9,"enemies":"Snake Plant","floor":22,"turns":4},{"damage":23,"enemies":"Book of Stabbing","floor":23,"turns":5},{"damage":10,"enemies":"Sentry and Sphere","floor":24,"turns":3},{"damage":46,"enemies":"Gremlin Leader","floor":28,"turns":8},{"damage":0,"enemies":"Centurion and Healer","floor":30,"turns":5},{"damage":62,"enemies":"Champ","floor":33,"turns":10},{"damage":2,"enemies":"3 Shapes","floor":35,"turns":7},{"damage":24,"enemies":"Flame Bruiser 1 Orb","floor":36,"turns":7},{"damage":14,"enemies":"4 Shapes","floor":37,"turns":6},{"damage":19,"enemies":"Spire Growth","floor":38,"turns":6},{"damage":0,"enemies":"3 Darklings","floor":41,"turns":6},{"damage":2,"enemies":"4 Shapes","floor":42,"turns":10},{"damage":0,"enemies":"Giant Head","floor":45,"turns":8},{"damage":0,"floor":46,"turns":4},{"damage":24,"enemies":"Maw","floor":47,"turns":7},{"damage":7,"enemies":"2 Orb Walkers","floor":48,"turns":4},{"damage":29,"enemies":"Awakened One","floor":50,"turns":17}],"seed_played":"-1422342311716350907","potions_obtained":[{"floor":1,"key":"SneckoOil"},{"floor":5,"key":"Energy Potion"},{"floor":8,"key":"Ancient Potion"},{"floor":16,"key":"Ancient Potion"},{"floor":20,"key":"Strength Potion"},{"floor":22,"key":"Dexterity Potion"},{"floor":24,"key":"EssenceOfSteel"},{"floor":33,"key":"EssenceOfSteel"},{"floor":35,"key":"Weak Potion"},{"floor":38,"key":"PowerPotion"},{"floor":41,"key":"GamblersBrew"},{"floor":46,"key":"Energy Potion"},{"floor":48,"key":"AttackPotion"}],"is_trial":false,"path_per_floor":["M","$","?","?","M","E","M","E","T","?","?","M","E","T","R","B",null,"M","M","M","$","M","E","M","?","T","R","E","R","M","$","R","B",null,"M","M","M","M","?","R","M","M","T","?","E","?","M","E","R","B"],"character_chosen":"DEFECT","items_purchased":["Ginger","Bandage Up","Beam Cell","Fusion","EntropicBrew","Loop"],"campfire_rested":6,"item_purchase_floors":[21,21,21,21,31,31],"current_hp_per_floor":[73,73,73,73,72,66,64,43,43,43,61,59,47,47,75,50,75,72,72,62,62,57,38,32,57,57,75,29,66,70,70,75,13,75,73,53,43,28,28,65,69,71,71,71,75,75,55,52,75,50],"gold":721,"neow_bonus":"HUNDRED_GOLD","is_prod":false,"is_daily":false,"chose_seed":false,"campfire_upgraded":0,"win_rate":0,"timestamp":1534009430,"path_taken":["M","$","?","?","M","E","M","E","T","?","?","M","E","?","R","BOSS","M","M","M","$","M","E","M","?","T","R","E","R","?","$","R","BOSS","M","M","M","?","?","R","M","M","T","?","E","?","M","E","R","BOSS"],"build_version":"2018-08-09","purchased_purges":1,"victory":true,"max_hp_per_floor":[75,75,75,75,75,75,75,75,75,75,75,75,75,75,75,75,75,75,75,75,75,75,75,75,75,75,75,75,75,75,75,75,75,75,75,75,75,75,75,75,75,75,75,75,75,75,75,75,75,75],"card_choices":[{"not_picked":["Beam Cell","Consume"],"picked":"Melter","floor":1},{"not_picked":["Hologram","White Noise"],"picked":"Ball Lightning","floor":5},{"not_picked":["Rip and Tear","Rebound"],"picked":"Gash","floor":6},{"not_picked":["Compile Driver","Gash"],"picked":"Genetic Algorithm","floor":7},{"not_picked":["Turbo","Beam Cell"],"picked":"Compile Driver","floor":8},{"not_picked":["Static Discharge","Redo","Sweeping Beam"],"picked":"SKIP","floor":12},{"not_picked":["FTL","Sunder"],"picked":"Gash","floor":13},{"not_picked":["Thunder Strike","Meteor Strike"],"picked":"Hyperbeam","floor":16},{"not_picked":["Barrage","Streamline+1","Reprogram"],"picked":"SKIP","floor":18},{"not_picked":["Redo","Undo"],"picked":"Go for the Eyes+1","floor":19},{"not_picked":["Doom and Gloom","Streamline+1","Recycle"],"picked":"SKIP","floor":20},{"not_picked":["Melter","Reprogram"],"picked":"Go for the Eyes+1","floor":22},{"not_picked":["Go for the Eyes","Sunder+1"],"picked":"Defragment+1","floor":23},{"not_picked":["Compile Driver","Rebound"],"picked":"Scrape","floor":24},{"not_picked":["Leap+1","Sweeping Beam"],"picked":"Reboot","floor":28},{"not_picked":["Leap","Turbo"],"picked":"BootSequence","floor":30},{"not_picked":["Multi-Cast","Rainbow"],"picked":"Core Surge","floor":33},{"not_picked":["Skim","Steam"],"picked":"Glacier+1","floor":35},{"not_picked":["Steam","Beam Cell"],"picked":"Sweeping Beam+1","floor":36},{"not_picked":["Sweeping Beam+1","Rebound+1"],"picked":"Glacier+1","floor":37},{"not_picked":["Lockon","Turbo+1","Thunder Strike"],"picked":"SKIP","floor":38},{"not_picked":["Ball Lightning","Sweeping Beam+1"],"picked":"Redo+1","floor":41},{"not_picked":["Rip and Tear","White Noise"],"picked":"Sweeping Beam+1","floor":42},{"not_picked":["Beam Cell","Melter+1","Rainbow"],"picked":"SKIP","floor":45},{"not_picked":["Redo","Beam Cell+1"],"picked":"Storm+1","floor":46},{"not_picked":["Sweeping Beam+1","BootSequence"],"picked":"Conserve Battery","floor":47},{"not_picked":["Redo+1","FTL+1"],"picked":"Fission","floor":48}],"player_experience":26701,"relics_obtained":[{"floor":6,"key":"Regal Pillow"},{"floor":8,"key":"Bag of Preparation"},{"floor":9,"key":"Happy Flower"},{"floor":13,"key":"Anchor"},{"floor":14,"key":"Darkstone Periapt"},{"floor":23,"key":"MawBank"},{"floor":26,"key":"Mummified Hand"},{"floor":28,"key":"Boot"},{"floor":43,"key":"Mercury Hourglass"},{"floor":45,"key":"Gambling Chip"},{"floor":46,"key":"Old Coin"},{"floor":48,"key":"War Paint"}],"event_choices":[{"event_name":"Bonfire Elementals","player_choice":"BASIC","floor":3,"damage_taken":0},{"event_name":"Living Wall","player_choice":"Grow","floor":4,"damage_taken":0},{"event_name":"Transmorgrifier","player_choice":"Transform","floor":10,"damage_taken":0},{"event_name":"The Cleric","player_choice":"Healed","floor":11,"damage_taken":0},{"event_name":"The Library","player_choice":"Heal","floor":25,"damage_taken":0},{"event_name":"SecretPortal","player_choice":"Rejected Portal.","floor":39,"damage_taken":0},{"event_name":"Transmorgrifier","player_choice":"Transform","floor":44,"damage_taken":0},{"event_name":"Mysterious Sphere","player_choice":"Fight","floor":46,"damage_taken":0}],"is_beta":false,"boss_relics":[{"not_picked":["Inserter","Busted Crown"],"picked":"Fusion Hammer"},{"not_picked":["Philosopher\u0027s Stone","Runic Pyramid"],"picked":"FrozenCore"}],"items_purged_floors":[21],"is_endless":false,"potions_floor_spawned":[1,5,8,16,20,22,23,24,33,35,38,41,46,48],"ascension_level":1}