{"gold_per_floor":[113,16,16,34,46,46,72,72,72,97,116,128,187,197,197,298,298,315,329,329,342,358,358,24,38,107,142,160,160],"floor_reached":29,"playtime":1135,"items_purged":["Strike_B"],"score":408,"play_id":"ac3927a9-7050-4af9-8a1d-6390198f9e02","local_time":"20190113220733","is_ascension_mode":true,"campfire_choices":[{"data":"Auto Shields","floor":6,"key":"SMITH"},{"data":"Melter","floor":8,"key":"SMITH"},{"data":"Dualcast","floor":15,"key":"SMITH"},{"data":"Hologram","floor":23,"key":"SMITH"}],"neow_cost":"NONE","seed_source_timestamp":698815469452082,"circlet_count":0,"master_deck":["Strike_B","Defend_B","Defend_B","Defend_B","Zap","Dualcast+1","Melter+1","Steam","Beam Cell","Reinforced Body","Auto Shields+1","Steam","Scrape","Scrape","All For One","Rainbow+1","Darkness+1","Heatsinks+1","Hologram+1","Melter+1","Mayhem","BootSequence","Scrape","Go for the Eyes+1","Skim+1"],"relics":["Runic Dome","Meat on the Bone","Kunai","Blood Vial","Symbiotic Virus","Astrolabe","Pear","Matryoshka"],"potions_floor_usage":[7,16,27,27],"damage_taken":[{"damage":0,"enemies":"2 Louse","floor":1,"turns":3},{"damage":0,"enemies":"Small Slimes","floor":4,"turns":3},{"damage":0,"enemies":"Cultist","floor":5,"turns":3},{"damage":21,"enemies":"Gremlin Nob","floor":7,"turns":4},{"damage":18,"enemies":"3 Sentries","floor":10,"turns":9},{"damage":0,"enemies":"Exordium Wildlife","floor":11,"turns":5},{"damage":0,"enemies":"3 Louse","floor":12,"turns":4},{"damage":6,"enemies":"3 Sentries","floor":13,"turns":10},{"damage":1,"enemies":"Blue Slaver","floor":14,"turns":3},{"damage":18,"enemies":"Slime Boss","floor":16,"turns":6},{"damage":7,"enemies":"Shell Parasite","floor":18,"turns":3},{"damage":18,"enemies":"Chosen","floor":19,"turns":5},{"damage":4,"enemies":"Snake Plant","floor":21,"turns":3},{"damage":7,"enemies":"Snecko","floor":22,"turns":6},{"damage":5,"enemies":"Centurion and Healer","floor":25,"turns":6},{"damage":0,"enemies":"Slavers","floor":27,"turns":4},{"damage":13,"enemies":"Cultist and Chosen","floor":28,"turns":6},{"damage":55,"enemies":"Gremlin Leader","floor":29,"turns":9}],"seed_played":"-80207117388768345","potions_obtained":[{"floor":1,"key":"Swift Potion"},{"floor":10,"key":"SneckoOil"},{"floor":13,"key":"Fruit Juice"},{"floor":14,"key":"Fire Potion"},{"floor":16,"key":"EssenceOfSteel"},{"floor":20,"key":"AttackPotion"},{"floor":28,"key":"Energy Potion"}],"is_trial":false,"path_per_floor":["M","$","?","M","M","R","E","R","T","E","M","M","?","M","R","B",null,"M","M","?","M","M","R","$","M","T","E","M","E"],"character_chosen":"DEFECT","items_purchased":["Steam","Beam Cell","Mayhem","BootSequence"],"campfire_rested":0,"item_purchase_floors":[2,2,24,24],"current_hp_per_floor":[68,68,68,68,68,68,47,47,47,41,43,45,41,42,42,43,71,66,50,50,48,43,43,43,52,62,64,53,0],"gold":160,"neow_bonus":"BOSS_RELIC","is_prod":false,"is_daily":false,"chose_seed":false,"campfire_upgraded":4,"win_rate":0,"timestamp":1547417253,"path_taken":["M","$","?","M","M","R","E","R","T","E","M","M","?","M","R","BOSS","M","M","?","M","?","R","$","M","T","E","M","E"],"build_version":"2019-01-10","purchased_purges":1,"victory":false,"max_hp_per_floor":[75,75,75,75,75,75,75,75,75,75,75,75,75,75,75,80,80,80,80,80,80,80,80,80,80,90,90,90,90],"card_choices":[{"not_picked":["Reprogram","Redo"],"picked":"Melter","floor":1},{"not_picked":["Sweeping Beam","Self Repair"],"picked":"Reinforced Body","floor":4},{"not_picked":["Conserve Battery","Hologram"],"picked":"Auto Shields","floor":5},{"not_picked":["Beam Cell","Multi-Cast","Leap"],"picked":"SKIP","floor":7},{"not_picked":["Barrage","Go for the Eyes"],"picked":"Steam","floor":10},{"not_picked":["Barrage","Coolheaded","Beam Cell"],"picked":"SKIP","floor":11},{"not_picked":["Beam Cell","Conserve Battery"],"picked":"Scrape","floor":12},{"not_picked":["Fusion","Genetic Algorithm"],"picked":"Scrape","floor":13},{"not_picked":["Conserve Battery","Aggregate","Barrage"],"picked":"SKIP","floor":14},{"not_picked":["Meteor Strike","Rainbow"],"picked":"All For One","floor":16},{"not_picked":["Rebound","Streamline+1","Coolheaded"],"picked":"SKIP","floor":18},{"not_picked":["Tempest","Static Discharge"],"picked":"Hologram","floor":19},{"not_picked":["Turbo","Steam"],"picked":"Melter+1","floor":21},{"not_picked":["Rebound","Fusion","Amplify"],"picked":"SKIP","floor":22},{"not_picked":["Barrage","Conserve Battery"],"picked":"Scrape","floor":25},{"not_picked":["Darkness","Steam"],"picked":"Go for the Eyes+1","floor":27},{"not_picked":["Loop","Turbo"],"picked":"Skim+1","floor":28}],"player_experience":75823,"relics_obtained":[{"floor":7,"key":"Meat on the Bone"},{"floor":9,"key":"Kunai"},{"floor":10,"key":"Blood Vial"},{"floor":13,"key":"Symbiotic Virus"},{"floor":26,"key":"Pear"},{"floor":27,"key":"Matryoshka"}],"event_choices":[{"damage_healed":0,"gold_gain":0,"player_choice":"Leave","damage_taken":0,"max_hp_gain":0,"max_hp_loss":0,"event_name":"The Cleric","floor":3,"gold_loss":0},{"damage_healed":0,"gold_gain":30,"player_choice":"Searched \u00272\u0027 times","damage_taken":0,"max_hp_gain":0,"max_hp_loss":0,"event_name":"Dead Adventurer","floor":13,"gold_loss":0},{"damage_healed":0,"gold_gain":0,"player_choice":"Got Potions","damage_taken":0,"max_hp_gain":0,"max_hp_loss":0,"event_name":"Lab","floor":20,"gold_loss":0}],"is_beta":false,"boss_relics":[{"not_picked":["White Beast Statue","Empty Cage"],"picked":"Astrolabe"}],"items_purged_floors":[24],"is_endless":false,"potions_floor_spawned":[1,10,13,14,16,21,25,28],"killed_by":"Gremlin Leader","ascension_level":7}