{"gold_per_floor":[117,117,292,312,387,387,71,92,164,164,208,208,222,255,255,255],"floor_reached":16,"playtime":421,"items_purged":["Doubt"],"score":213,"play_id":"ad3e34ff-f3db-4aa8-b7e1-e19e8197b714","local_time":"20190423220339","is_ascension_mode":true,"campfire_choices":[{"data":"Neutralize","floor":6.0,"key":"SMITH"},{"data":"Bouncing Flask","floor":10.0,"key":"SMITH"},{"data":"Crippling Poison","floor":12.0,"key":"SMITH"},{"data":"Leg Sweep","floor":15.0,"key":"SMITH"}],"neow_cost":"NONE","seed_source_timestamp":0,"circlet_count":0,"master_deck":["AscendersBane","Defend_G","Defend_G","Defend_G","Defend_G","Defend_G","Strike_G","Strike_G","Strike_G","Strike_G","Strike_G","Survivor","Neutralize+1","Slice","Bouncing Flask+1","Leg Sweep+1","Infinite Blades","Crippling Poison+1","Unload"],"special_seed":0,"relics":["Ring of the Snake","Golden Idol","Snake Skull","Anchor","Oddly Smooth Stone"],"potions_floor_usage":[],"damage_taken":[{"damage":1.0,"enemies":"2 Louse","floor":1.0,"turns":2.0},{"damage":2.0,"enemies":"Small Slimes","floor":4.0,"turns":3.0},{"damage":0.0,"enemies":"Jaw Worm","floor":8.0,"turns":3.0},{"damage":0.0,"enemies":"Lagavulin","floor":11.0,"turns":6.0},{"damage":0.0,"enemies":"Gremlin Gang","floor":13.0,"turns":3.0},{"damage":10.0,"enemies":"Gremlin Nob","floor":14.0,"turns":3.0},{"damage":27,"enemies":"The Guardian","floor":16,"turns":2}],"seed_played":"9074928464577380665","potions_obtained":[{"floor":4.0,"key":"Strength Potion"}],"is_trial":false,"path_per_floor":["M","?","?","M","?","R","$","M","T","R","E","R","M","E","R","B"],"character_chosen":"THE_SILENT","items_purchased":["Snake Skull","AttackPotion","Infinite Blades"],"campfire_rested":0,"item_purchase_floors":[7,7,7],"current_hp_per_floor":[62,45,45,43,32,32,32,32,32,32,32,32,32,22,22,0],"gold":255,"neow_bonus":"THREE_CARDS","is_prod":false,"is_daily":false,"chose_seed":false,"campfire_upgraded":4,"win_rate":0,"timestamp":1556082219,"path_taken":["M","?","?","M","?","R","?","M","T","R","E","R","?","E","R","BOSS"],"build_version":"2019-01-23","purchased_purges":1,"victory":false,"max_hp_per_floor":[70,70,70,70,70,70,70,70,70,70,70,70,70,70,70,70],"card_choices":[{"not_picked":["Predator","Calculated Gamble"],"picked":"Slice","floor":0.0},{"not_picked":["Deflect","PiercingWail"],"picked":"Bouncing Flask","floor":1.0},{"not_picked":["Bouncing Flask","Calculated Gamble"],"picked":"Leg Sweep","floor":4.0},{"not_picked":["Dagger Throw","Storm of Steel","Slice"],"picked":"SKIP","floor":8.0},{"not_picked":["Deadly Poison","Leg Sweep"],"picked":"Crippling Poison","floor":11.0},{"not_picked":["Flechettes","Underhanded Strike","Terror"],"picked":"SKIP","floor":13.0},{"not_picked":["Flying Knee","Quick Slash"],"picked":"Unload","floor":14.0}],"player_experience":294329,"relics_obtained":[{"floor":11.0,"key":"Anchor"},{"floor":14.0,"key":"Oddly Smooth Stone"}],"event_choices":[{"damage_healed":0.0,"max_hp_gain":0.0,"max_hp_loss":0.0,"gold_gain":0.0,"event_name":"Golden Idol","player_choice":"Take Damage","floor":2.0,"gold_loss":0.0,"damage_taken":17.0,"relics_obtained":["Golden Idol"]},{"damage_healed":0.0,"max_hp_gain":0.0,"max_hp_loss":0.0,"gold_gain":175.0,"event_name":"Liars Game","player_choice":"AGREE","floor":3.0,"gold_loss":0.0,"damage_taken":0.0,"cards_obtained":["Doubt"]},{"damage_healed":0.0,"max_hp_gain":0.0,"max_hp_loss":0.0,"gold_gain":75.0,"event_name":"World of Goop","player_choice":"Gather Gold","floor":5.0,"gold_loss":0.0,"damage_taken":11.0}],"is_beta":false,"boss_relics":[],"items_purged_floors":[7],"is_endless":false,"potions_floor_spawned":[4,11,13],"killed_by":"The Guardian","ascension_level":12}