{"gold_per_floor":[112,112,129,16,16,16,49,49,101,134,134,152,227,227,227,227],"floor_reached":16,"playtime":1335,"items_purged":["Strike_G"],"score":127,"play_id":"dca97b14-f87b-40fa-b804-a289457003e8","local_time":"20181208115833","is_ascension_mode":true,"campfire_choices":[{"data":"Backstab","floor":6,"key":"SMITH"},{"floor":8,"key":"REST"},{"floor":11,"key":"REST"},{"floor":15,"key":"REST"}],"neow_cost":"NONE","seed_source_timestamp":365577113281389,"circlet_count":0,"master_deck":["Defend_G","Defend_G","Defend_G","Defend_G","Defend_G","Strike_G","Strike_G+1","Strike_G+1","Survivor","Neutralize","Adrenaline","PiercingWail","Backstab+1","Infinite Blades","Footwork"],"relics":["Ring of the Snake","Sundial","Whetstone","Meat on the Bone","Golden Idol"],"potions_floor_usage":[7],"damage_taken":[{"damage":3,"enemies":"Jaw Worm","floor":1,"turns":3},{"damage":4,"enemies":"Cultist","floor":3,"turns":4},{"damage":52,"enemies":"Lagavulin","floor":7,"turns":9},{"damage":24,"enemies":"3 Sentries","floor":10,"turns":9},{"damage":0,"enemies":"Small Slimes","floor":12,"turns":4},{"damage":57,"enemies":"Hexaghost","floor":16,"turns":14}],"seed_played":"1508902155709010504","potions_obtained":[{"floor":3,"key":"LiquidBronze"},{"floor":10,"key":"Energy Potion"}],"is_trial":false,"path_per_floor":["M","?","M","$","?","R","E","R","T","E","R","M","?","?","R","B"],"character_chosen":"THE_SILENT","items_purchased":["Infinite Blades"],"campfire_rested":3,"item_purchase_floors":[4],"current_hp_per_floor":[67,67,63,63,68,68,16,38,38,14,36,48,37,37,57,0],"gold":227,"neow_bonus":"ONE_RANDOM_RARE_CARD","is_prod":false,"is_daily":false,"chose_seed":false,"campfire_upgraded":1,"win_rate":0,"timestamp":1544266713,"path_taken":["M","?","?","$","?","R","E","R","T","E","R","M","?","?","R","BOSS"],"build_version":"2018-12-06","purchased_purges":1,"victory":false,"max_hp_per_floor":[70,70,70,70,75,75,75,75,75,75,75,75,75,69,69,69],"card_choices":[{"not_picked":["Deflect","Choke"],"picked":"PiercingWail","floor":1},{"not_picked":["Setup","Expertise"],"picked":"Backstab","floor":3},{"not_picked":["Dagger Throw","Underhanded Strike","Deadly Poison"],"picked":"SKIP","floor":7},{"not_picked":["Bane","Flying Knee"],"picked":"Footwork","floor":10},{"not_picked":["Acrobatics","Dagger Throw","Deadly Poison"],"picked":"SKIP","floor":12}],"player_experience":385739,"relics_obtained":[{"floor":7,"key":"Sundial"},{"floor":9,"key":"Whetstone"},{"floor":10,"key":"Meat on the Bone"}],"event_choices":[{"cards_removed":["Strike_G"],"damage_healed":0,"gold_gain":0,"player_choice":"Offered Basic","damage_taken":0,"max_hp_gain":0,"max_hp_loss":0,"event_name":"Bonfire Elementals","floor":2,"gold_loss":0},{"damage_healed":0,"gold_gain":0,"player_choice":"Donut","damage_taken":0,"max_hp_gain":5,"max_hp_loss":0,"event_name":"Big Fish","floor":5,"gold_loss":0},{"damage_healed":0,"gold_gain":75,"player_choice":"Gather Gold","damage_taken":11,"max_hp_gain":0,"max_hp_loss":0,"event_name":"World of Goop","floor":13,"gold_loss":0},{"damage_healed":0,"gold_gain":0,"player_choice":"Lose Max HP","damage_taken":0,"relics_obtained":["Golden Idol"],"max_hp_gain":0,"max_hp_loss":6,"event_name":"Golden Idol","floor":14,"gold_loss":0}],"is_beta":false,"boss_relics":[],"items_purged_floors":[4],"is_endless":false,"potions_floor_spawned":[3,10],"killed_by":"Hexaghost","ascension_level":4}