{"gold_per_floor":[114,114,114,128,146,146,71,71,71,71,71,46,59,59,59,180,180,204,204,129,129,153,153,191,203,241,278,333,345,380,428,440,580,592,620,632,668,680,286,286,286],"floor_reached":41,"playtime":4160,"items_purged":["Strike_B","Defend_B"],"score":522,"play_id":"93bc8e53-bdab-4410-9973-001d5e8f9d95","local_time":"20190330100036","is_ascension_mode":true,"campfire_choices":[{"data":"Genetic Algorithm","floor":6,"key":"SMITH"},{"data":"Biased Cognition","floor":8,"key":"SMITH"},{"floor":11,"key":"REST"},{"floor":15,"key":"REST"},{"data":"Dualcast","floor":23,"key":"SMITH"},{"floor":25,"key":"REST"},{"floor":32,"key":"REST"},{"floor":40,"key":"REST"}],"neow_cost":"NONE","seed_source_timestamp":1341828556346000,"circlet_count":0,"master_deck":["Strike_B","Defend_B","Defend_B+1","Defend_B","Zap+1","Dualcast+1","Biased Cognition+1","Ball Lightning","Genetic Algorithm+1","Cold Snap+1","Conserve Battery","Glacier","Echo Form","Redo+1","Writhe","Hologram+1","Coolheaded+1","Redo+1","Glacier+1","Coolheaded+1","Compile Driver","Madness+1","Madness+1","Redo+1","Impatience+1"],"relics":["Cracked Core","Golden Idol","Orichalcum","Toxic Egg 2","Eternal Feather","Symbiotic Virus","MawBank","Anchor","Sundial","Bottled Tornado","Bottled Lightning","Velvet Choker","Frozen Eye"],"potions_floor_usage":[16,22,31,31,31,41],"damage_taken":[{"damage":8,"enemies":"Small Slimes","floor":1,"turns":3},{"damage":3,"enemies":"2 Louse","floor":4,"turns":2},{"damage":7,"enemies":"Jaw Worm","floor":5,"turns":2},{"damage":2,"enemies":"2 Fungi Beasts","floor":13,"turns":3},{"damage":14,"enemies":"The Guardian","floor":16,"turns":9},{"damage":4,"enemies":"2 Thieves","floor":18,"turns":5},{"damage":12,"enemies":"3 Byrds","floor":22,"turns":3},{"damage":34,"enemies":"Slavers","floor":24,"turns":6},{"damage":7,"enemies":"Centurion and Healer","floor":27,"turns":12},{"damage":14,"enemies":"Gremlin Leader","floor":28,"turns":7},{"damage":0,"enemies":"Snake Plant","floor":30,"turns":4},{"damage":34,"enemies":"Slavers","floor":31,"turns":16},{"damage":40,"enemies":"Automaton","floor":33,"turns":15},{"damage":20,"enemies":"3 Darklings","floor":35,"turns":9},{"damage":10,"enemies":"Orb Walker","floor":37,"turns":3},{"damage":86,"enemies":"Giant Head","floor":41,"turns":9}],"seed_played":"991440796173365703","potions_obtained":[{"floor":5,"key":"Swift Potion"},{"floor":16,"key":"SpeedPotion"},{"floor":18,"key":"Energy Potion"},{"floor":22,"key":"FearPotion"},{"floor":28,"key":"Energy Potion"},{"floor":30,"key":"Swift Potion"},{"floor":33,"key":"Dexterity Potion"}],"is_trial":false,"path_per_floor":["M","?","?","M","M","R","$","R","T","?","R","$","M","T","R","B",null,"M","?","?","?","M","R","E","R","T","M","E","T","M","E","R","B",null,"M","?","M","?","$","R","E"],"character_chosen":"DEFECT","items_purchased":["Conserve Battery","Impatience+1","Frozen Eye"],"campfire_rested":5,"item_purchase_floors":[12,39,39],"current_hp_per_floor":[67,49,49,46,39,39,39,39,39,24,46,46,44,44,66,52,75,71,71,71,71,59,68,34,65,65,58,44,44,44,10,44,4,75,55,46,36,36,36,73,0],"gold":286,"neow_bonus":"TRANSFORM_CARD","is_prod":false,"is_daily":false,"chose_seed":false,"campfire_upgraded":3,"win_rate":0,"timestamp":1553907636,"path_taken":["M","?","?","M","M","R","$","R","T","?","R","$","M","?","R","BOSS","M","?","?","?","M","R","E","R","T","M","E","?","M","E","R","BOSS","M","?","M","?","$","R","E"],"build_version":"2019-01-23","purchased_purges":2,"victory":false,"max_hp_per_floor":[75,75,75,75,75,75,75,75,75,75,75,75,75,75,75,75,75,75,75,75,75,75,75,75,75,75,75,75,75,75,75,75,75,75,75,75,75,75,75,75,75],"card_choices":[{"not_picked":["Sweeping Beam","Blizzard"],"picked":"Ball Lightning","floor":1},{"not_picked":["Capacitor","Undo"],"picked":"Genetic Algorithm","floor":4},{"not_picked":["Double Energy","Sweeping Beam"],"picked":"Cold Snap","floor":5},{"not_picked":["Turbo","Genetic Algorithm"],"picked":"Glacier","floor":13},{"not_picked":["Rainbow+1","All For One"],"picked":"Echo Form","floor":16},{"not_picked":["Compile Driver+1","Leap+1"],"picked":"Redo+1","floor":18},{"not_picked":["Cold Snap","Undo+1","Hello World"],"picked":"SKIP","floor":22},{"not_picked":["Leap+1","Compile Driver"],"picked":"Coolheaded+1","floor":24},{"not_picked":["Lockon","Rebound"],"picked":"Redo+1","floor":27},{"not_picked":["Hologram+1","Buffer"],"picked":"Glacier+1","floor":28},{"not_picked":["Rebound","Conserve Battery+1","Leap+1"],"picked":"SKIP","floor":30},{"not_picked":["Stack+1","Rebound"],"picked":"Coolheaded+1","floor":31},{"not_picked":["Self Repair+1","Steam+1"],"picked":"Compile Driver","floor":35},{"not_picked":["Leap+1","Rip and Tear"],"picked":"Redo+1","floor":37}],"player_experience":188897,"relics_obtained":[{"floor":9,"key":"Orichalcum"},{"floor":14,"key":"Toxic Egg 2"},{"floor":24,"key":"MawBank"},{"floor":26,"key":"Anchor"},{"floor":28,"key":"Sundial"},{"floor":29,"key":"Bottled Tornado"},{"floor":31,"key":"Bottled Lightning"}],"event_choices":[{"damage_healed":0,"gold_gain":0,"player_choice":"Take Damage","damage_taken":18,"relics_obtained":["Golden Idol"],"max_hp_gain":0,"max_hp_loss":0,"event_name":"Golden Idol","floor":2,"gold_loss":0},{"damage_healed":0,"gold_gain":0,"player_choice":"Grow","damage_taken":0,"max_hp_gain":0,"max_hp_loss":0,"event_name":"Living Wall","floor":3,"gold_loss":0,"cards_upgraded":["Zap"]},{"damage_healed":0,"gold_gain":0,"player_choice":"Entered Light","damage_taken":15,"max_hp_gain":0,"max_hp_loss":0,"event_name":"Shining Light","floor":10,"gold_loss":0,"cards_upgraded":["Cold Snap","Defend_B"]},{"damage_healed":0,"gold_gain":0,"player_choice":"Opened","damage_taken":0,"relics_obtained":["Symbiotic Virus"],"max_hp_gain":0,"max_hp_loss":0,"event_name":"The Mausoleum","floor":19,"gold_loss":0,"cards_obtained":["Writhe"]},{"cards_removed":["Strike_B"],"damage_healed":0,"gold_gain":0,"player_choice":"Gave Gold","damage_taken":0,"max_hp_gain":0,"max_hp_loss":0,"event_name":"Beggar","floor":20,"gold_loss":75},{"damage_healed":0,"gold_gain":0,"player_choice":"Read","damage_taken":0,"max_hp_gain":0,"max_hp_loss":0,"event_name":"The Library","floor":21,"gold_loss":0,"cards_obtained":["Hologram"]},{"damage_healed":0,"gold_gain":0,"player_choice":"Embrace Madness","damage_taken":9,"max_hp_gain":0,"max_hp_loss":0,"event_name":"Winding Halls","floor":36,"gold_loss":0,"cards_obtained":["Madness","Madness"]},{"damage_healed":0,"gold_gain":0,"player_choice":"Memory 1","damage_taken":0,"max_hp_gain":0,"max_hp_loss":0,"event_name":"SensoryStone","floor":38,"gold_loss":0}],"is_beta":false,"boss_relics":[{"not_picked":["Snecko Eye","Ectoplasm"],"picked":"Eternal Feather"},{"not_picked":["Lizard Tail","Coffee Dripper"],"picked":"Velvet Choker"}],"items_purged_floors":[7,39],"is_endless":false,"potions_floor_spawned":[5,16,18,22,28,30,33],"killed_by":"Giant Head","ascension_level":4}