{"gold_per_floor":[115,133,10,10,10,10,20,20,20,39,54,73,22,34,34,134,134,149,199,99,14,33,33,46,46],"floor_reached":25,"playtime":588,"items_purged":["Defend_B","Strike_B"],"score":220,"play_id":"26d5798f-5fcd-451a-93a3-0d718acf24ae","local_time":"20181202184020","is_ascension_mode":false,"campfire_choices":[{"floor":6,"key":"REST"},{"data":"Fusion","floor":8,"key":"SMITH"},{"floor":15,"key":"REST"},{"floor":23,"key":"REST"}],"neow_cost":"NONE","seed_source_timestamp":163932863883097,"circlet_count":0,"master_deck":["Strike_B","Strike_B","Strike_B","Defend_B","Defend_B","Defend_B","Zap","Dualcast","Fusion+1","Ball Lightning","Rebound","Darkness","Doom and Gloom","Regret","Regret","Parasite","Lockon"],"relics":["Cracked Core","Blood Vial","Darkstone Periapt","Calling Bell","Juzu Bracelet","Gremlin Horn","Emotion Chip","Orichalcum"],"potions_floor_usage":[10,11,12,14,16],"damage_taken":[{"damage":6,"enemies":"Cultist","floor":1,"turns":3},{"damage":11,"enemies":"Jaw Worm","floor":2,"turns":3},{"damage":8,"enemies":"Small Slimes","floor":7,"turns":3},{"damage":1,"enemies":"2 Fungi Beasts","floor":10,"turns":3},{"damage":18,"enemies":"Gremlin Gang","floor":11,"turns":4},{"damage":14,"enemies":"Blue Slaver","floor":12,"turns":3},{"damage":0,"enemies":"2 Fungi Beasts","floor":14,"turns":2},{"damage":46,"enemies":"Hexaghost","floor":16,"turns":9},{"damage":9,"enemies":"Chosen","floor":18,"turns":4},{"damage":19,"enemies":"Spheric Guardian","floor":22,"turns":4},{"damage":31,"enemies":"Shelled Parasite and Fungi","floor":24,"turns":4},{"damage":79,"enemies":"Slavers","floor":25,"turns":3}],"seed_played":"5917830142983451903","potions_obtained":[{"floor":2,"key":"PowerPotion"},{"floor":10,"key":"Swift Potion"},{"floor":11,"key":"FearPotion"},{"floor":14,"key":"GamblersBrew"},{"floor":22,"key":"GamblersBrew"}],"is_trial":false,"path_per_floor":["M","M","$","?","$","R","M","R","T","M","M","M","$","M","R","B",null,"M","?","$","?","M","R","M","E"],"character_chosen":"DEFECT","items_purchased":["AttackPotion","Explosive Potion"],"campfire_rested":3,"item_purchase_floors":[3,13],"current_hp_per_floor":[76,65,65,65,65,82,74,74,74,75,59,47,47,49,73,29,100,91,91,91,91,74,100,69,0],"gold":46,"neow_bonus":"TEN_PERCENT_HP_BONUS","is_prod":false,"is_daily":false,"chose_seed":false,"campfire_upgraded":1,"win_rate":0,"timestamp":1543804820,"path_taken":["M","M","$","?","?","R","M","R","T","M","M","?","?","M","R","BOSS","M","?","$","?","M","R","M","E"],"build_version":"2018-11-15","purchased_purges":2,"victory":false,"max_hp_per_floor":[82,82,82,82,82,82,82,82,82,82,82,82,82,82,82,82,100,100,100,100,100,100,100,100,100],"card_choices":[{"not_picked":["Ball Lightning","Hologram"],"picked":"Fusion","floor":1},{"not_picked":["Scrape","Force Field","Aggregate"],"picked":"SKIP","floor":2},{"not_picked":["Rebound","Compile Driver"],"picked":"Ball Lightning","floor":7},{"not_picked":["Double Energy","Sweeping Beam"],"picked":"Rebound","floor":10},{"not_picked":["Sweeping Beam","Redo"],"picked":"Darkness","floor":11},{"not_picked":["Hologram","Leap"],"picked":"Doom and Gloom","floor":12},{"not_picked":["Machine Learning","Go for the Eyes","Turbo"],"picked":"SKIP","floor":14},{"not_picked":["Scrape","Rebound"],"picked":"Lockon","floor":18},{"not_picked":["Chill","Turbo","Machine Learning"],"picked":"SKIP","floor":22},{"not_picked":["Stack","Defragment","Conserve Battery"],"picked":"SKIP","floor":24}],"player_experience":105446,"relics_obtained":[{"floor":9,"key":"Darkstone Periapt"},{"floor":17,"key":"Juzu Bracelet"},{"floor":17,"key":"Gremlin Horn"},{"floor":17,"key":"Emotion Chip"}],"event_choices":[{"damage_healed":0,"gold_gain":0,"player_choice":"Gave Potion","damage_taken":0,"relics_obtained":["Blood Vial"],"max_hp_gain":0,"max_hp_loss":0,"event_name":"WeMeetAgain","floor":4,"gold_loss":0},{"damage_healed":0,"gold_gain":100,"player_choice":"Bet on Murderer","damage_taken":0,"max_hp_gain":0,"max_hp_loss":0,"event_name":"The Joust","floor":19,"gold_loss":50},{"damage_healed":0,"gold_gain":0,"player_choice":"Obtained Relic","damage_taken":0,"relics_obtained":["Orichalcum"],"max_hp_gain":0,"max_hp_loss":0,"event_name":"Addict","floor":21,"gold_loss":85}],"is_beta":false,"boss_relics":[{"not_picked":["Snecko Eye","Coffee Dripper"],"picked":"Calling Bell"}],"items_purged_floors":[3,20],"is_endless":false,"potions_floor_spawned":[2,10,11,14,22],"killed_by":"Slavers","ascension_level":0}