{"gold_per_floor":[110,121,121,137,137,171,195,195,195,370,394,175,125,149,149,280,280,304,317,317,317,317,361,377,408,408,423,446,545,545,570,570,699,699,722,415,415,436,459,459,492,506,506,544,100,100,100,120,120,120],"floor_reached":50,"playtime":2541,"items_purged":["Strike_G","Quick Slash"],"score":893,"play_id":"7fd4bc2a-2ee4-4547-ac31-69628bbaa1ab","local_time":"20190417221424","is_ascension_mode":true,"campfire_choices":[{"floor":8.0,"key":"REST"},{"floor":15.0,"key":"REST"},{"floor":30,"key":"REST"},{"data":"Wraith Form v2","floor":32,"key":"SMITH"},{"floor":40,"key":"REST"},{"floor":46,"key":"RECALL"},{"floor":49,"key":"REST"}],"neow_cost":"NONE","seed_source_timestamp":0,"circlet_count":0,"master_deck":["AscendersBane","Defend_G","Defend_G","Defend_G","Defend_G","Defend_G","Survivor","Neutralize","Deadly Poison","Poisoned Stab","Noxious Fumes","PiercingWail","Dash","Deadly Poison","Bane+1","Bite","Bite","Bite","Bite","Bite","Leg Sweep","Poisoned Stab","Wraith Form v2+1","Tools of the Trade","Bouncing Flask+1","Tactician+1","Tactician+1"],"special_seed":0,"relics":["Ring of the Snake","Golden Idol","Omamori","Snake Skull","Velvet Choker","Paper Crane","Bag of Preparation","Orichalcum","Black Star","Medical Kit","Letter Opener","Strawberry","Mummified Hand","Dead Branch","Centennial Puzzle","TwistedFunnel","Bottled Tornado"],"potions_floor_usage":[25,27,33,35,42,44],"damage_taken":[{"damage":0.0,"enemies":"Jaw Worm","floor":1.0,"turns":7.0},{"damage":1.0,"enemies":"2 Louse","floor":2.0,"turns":3.0},{"damage":0.0,"enemies":"Small Slimes","floor":4.0,"turns":3.0},{"damage":26.0,"enemies":"Gremlin Nob","floor":6.0,"turns":4.0},{"damage":9.0,"enemies":"Looter","floor":7.0,"turns":4.0},{"damage":11.0,"enemies":"Large Slime","floor":11.0,"turns":7.0},{"damage":13.0,"enemies":"3 Louse","floor":14.0,"turns":4.0},{"damage":23.0,"enemies":"The Guardian","floor":16.0,"turns":11.0},{"damage":10.0,"enemies":"Chosen","floor":18.0,"turns":5.0},{"damage":0.0,"enemies":"3 Byrds","floor":19.0,"turns":4.0},{"damage":27,"enemies":"Gremlin Leader","floor":23,"turns":8},{"damage":3,"enemies":"Snake Plant","floor":24,"turns":4},{"damage":15,"enemies":"Book of Stabbing","floor":25,"turns":6},{"damage":14,"enemies":"Cultist and Chosen","floor":27,"turns":5},{"damage":20,"enemies":"3 Cultists","floor":28,"turns":6},{"damage":14,"enemies":"Snake Plant","floor":31,"turns":4},{"damage":33,"enemies":"Automaton","floor":33,"turns":11},{"damage":54,"enemies":"3 Darklings","floor":35,"turns":6},{"damage":3,"enemies":"3 Shapes","floor":38,"turns":7},{"damage":11,"enemies":"Maw","floor":39,"turns":7},{"damage":21,"enemies":"Giant Head","floor":41,"turns":9},{"damage":1,"enemies":"Writhing Mass","floor":42,"turns":7},{"damage":43,"enemies":"Reptomancer","floor":44,"turns":9},{"damage":0,"enemies":"Jaw Worm Horde","floor":48,"turns":3},{"damage":117,"enemies":"Awakened One","floor":50,"turns":9}],"seed_played":"-4615476158083380136","potions_obtained":[{"floor":1.0,"key":"Dexterity Potion"},{"floor":7.0,"key":"Weak Potion"},{"floor":14.0,"key":"Dexterity Potion"},{"floor":24,"key":"PowerPotion"},{"floor":25,"key":"Regen Potion"},{"floor":27,"key":"Explosive Potion"},{"floor":33,"key":"Weak Potion"},{"floor":42,"key":"Explosive Potion"},{"floor":48,"key":"Explosive Potion"}],"is_trial":false,"path_per_floor":["M","M","?","M","?","E","M","R","T","?","M","$","?","M","R","B",null,"M","M","?","?","?","E","M","E","T","M","M","?","R","M","R","B",null,"M","$","?","M","M","R","E","M","T","E","$","R","$","M","R","B"],"character_chosen":"THE_SILENT","items_purchased":["Blood Vial","Medical Kit","TwistedFunnel","Bottled Tornado"],"campfire_rested":5,"item_purchase_floors":[12,36,45,45],"current_hp_per_floor":[70,69,50,50,43,17,8,31,31,31,20,20,20,9,32,11,61,53,55,55,55,55,42,45,38,38,44,36,36,59,53,53,40,68,22,22,22,29,28,51,61,76,76,45,45,45,45,47,72,0],"gold":120,"neow_bonus":"TEN_PERCENT_HP_BONUS","is_prod":false,"is_daily":false,"chose_seed":false,"campfire_upgraded":1,"win_rate":0,"timestamp":1555564464,"path_taken":["M","M","?","M","?","E","M","R","T","?","M","$","?","M","R","BOSS","M","M","?","?","?","E","?","E","T","M","M","?","R","M","R","BOSS","M","$","?","M","M","R","E","M","T","E","$","R","?","M","R","BOSS"],"build_version":"2019-01-23","purchased_purges":2,"victory":false,"max_hp_per_floor":[77,77,77,77,77,77,77,77,77,77,77,77,77,77,77,77,77,77,77,77,77,77,77,77,77,77,77,77,77,77,77,77,77,77,77,77,77,77,77,77,84,84,84,84,84,84,84,84,84,84],"card_choices":[{"not_picked":["Calculated Gamble","Escape Plan"],"picked":"Quick Slash","floor":1.0},{"not_picked":["Underhanded Strike","Dodge and Roll"],"picked":"Deadly Poison","floor":2.0},{"not_picked":["Prepared","Distraction"],"picked":"Poisoned Stab","floor":4.0},{"not_picked":["Outmaneuver","Acrobatics","Sucker Punch"],"picked":"SKIP","floor":6.0},{"not_picked":["Deadly Poison","Doppelganger"],"picked":"Noxious Fumes","floor":7.0},{"not_picked":["Deflect","Sucker Punch"],"picked":"PiercingWail","floor":11.0},{"not_picked":["Slice","Unload"],"picked":"Dash","floor":14.0},{"not_picked":["Grand Finale","Storm of Steel"],"picked":"Glass Knife","floor":16.0},{"not_picked":["Dodge and Roll","Cloak And Dagger+1"],"picked":"Deadly Poison","floor":18.0},{"not_picked":["Deflect","Dodge and Roll"],"picked":"Bane+1","floor":19.0},{"not_picked":["PiercingWail","Dash"],"picked":"Poisoned Stab","floor":23},{"not_picked":["Dodge and Roll","Cloak And Dagger+1","Flechettes"],"picked":"SKIP","floor":24},{"not_picked":["Poisoned Stab","Backstab","Dagger Spray"],"picked":"SKIP","floor":25},{"not_picked":["Expertise","Terror","Setup"],"picked":"SKIP","floor":27},{"not_picked":["Underhanded Strike","Heel Hook","Quick Slash"],"picked":"SKIP","floor":28},{"not_picked":["Backflip","Finisher"],"picked":"Wraith Form v2","floor":31},{"not_picked":["Grand Finale","Unload"],"picked":"Tools of the Trade","floor":33},{"not_picked":["Backflip","Quick Slash+1"],"picked":"Bouncing Flask+1","floor":35},{"not_picked":["Bane+1","Reflex","Poisoned Stab"],"picked":"SKIP","floor":38},{"not_picked":["Deflect+1","Deadly Poison","Predator"],"picked":"SKIP","floor":39},{"not_picked":["Cloak And Dagger+1","Calculated Gamble","Bane"],"picked":"SKIP","floor":41},{"not_picked":["Dagger Throw","Choke+1"],"picked":"Tactician+1","floor":42},{"not_picked":["Deadly Poison+1","Dagger Throw+1","Quick Slash"],"picked":"SKIP","floor":44},{"not_picked":["Calculated Gamble+1","Outmaneuver+1"],"picked":"Tactician+1","floor":48}],"player_experience":254276,"relics_obtained":[{"floor":6.0,"key":"Omamori"},{"floor":9.0,"key":"Snake Skull"},{"floor":23,"key":"Bag of Preparation"},{"floor":25,"key":"Orichalcum"},{"floor":41,"key":"Letter Opener"},{"floor":41,"key":"Strawberry"},{"floor":43,"key":"Mummified Hand"},{"floor":44,"key":"Dead Branch"},{"floor":44,"key":"Centennial Puzzle"}],"event_choices":[{"damage_healed":0.0,"max_hp_gain":0.0,"max_hp_loss":0.0,"gold_gain":0.0,"event_name":"Golden Idol","player_choice":"Take Damage","floor":3.0,"gold_loss":0.0,"damage_taken":19.0,"relics_obtained":["Golden Idol"]},{"cards_removed":["Strike_G"],"damage_healed":0.0,"max_hp_gain":0.0,"max_hp_loss":0.0,"gold_gain":0.0,"event_name":"Golden Wing","player_choice":"Card Removal","floor":5.0,"gold_loss":0.0,"damage_taken":7.0},{"damage_healed":0.0,"max_hp_gain":0.0,"max_hp_loss":0.0,"gold_gain":175.0,"event_name":"Liars Game","player_choice":"AGREE","floor":10.0,"gold_loss":0.0,"damage_taken":0.0,"cards_obtained":["Doubt"]},{"cards_removed":["Strike_G"],"damage_healed":0.0,"max_hp_gain":0.0,"max_hp_loss":0.0,"gold_gain":0.0,"event_name":"The Cleric","player_choice":"Card Removal","floor":13.0,"gold_loss":50.0,"damage_taken":0.0},{"damage_healed":0.0,"max_hp_gain":0.0,"max_hp_loss":0.0,"gold_gain":0.0,"event_name":"Addict","player_choice":"Stole Relic","floor":20.0,"gold_loss":0.0,"damage_taken":0.0,"relics_obtained":["Paper Crane"],"cards_obtained":["Shame"]},{"damage_healed":0.0,"max_hp_gain":0.0,"max_hp_loss":0.0,"gold_gain":0.0,"event_name":"Vampires","player_choice":"Became a vampire (Vial)","floor":21.0,"relics_lost":["Blood Vial"],"gold_loss":0.0,"damage_taken":0.0,"cards_obtained":["Bite","Bite","Bite","Bite","Bite"]},{"damage_healed":0.0,"max_hp_gain":0.0,"max_hp_loss":0.0,"gold_gain":0.0,"event_name":"The Library","player_choice":"Read","floor":22.0,"gold_loss":0.0,"damage_taken":0.0,"cards_obtained":["Leg Sweep"]},{"damage_healed":0,"gold_gain":99,"player_choice":"Stole From Cult","damage_taken":0,"max_hp_gain":0,"max_hp_loss":0,"event_name":"Nest","floor":29,"gold_loss":0},{"cards_removed":["Glass Knife"],"damage_healed":0,"gold_gain":0,"player_choice":"Removed Attack","damage_taken":0,"max_hp_gain":0,"max_hp_loss":0,"event_name":"Falling","floor":37,"gold_loss":0}],"is_beta":false,"boss_relics":[{"not_picked":["Runic Dome","Lizard Tail"],"picked":"Velvet Choker"},{"not_picked":["Astrolabe","Philosopher\u0027s Stone"],"picked":"Black Star"}],"items_purged_floors":[12,36],"is_endless":false,"potions_floor_spawned":[1,7,11,14,24,25,27,31,33,42,48],"killed_by":"Awakened One","ascension_level":11}