{"gold_per_floor":[118,132,57,57,57,92,139,171,194,227,242,242,292,305,305,384,384,397,411,376,376],"floor_reached":21,"playtime":947,"items_purged":[],"score":394,"play_id":"afcf0b39-7a3e-4428-b2e4-0c793ca48e3a","local_time":"20190430175631","is_ascension_mode":true,"campfire_choices":[{"data":"Anger","floor":12,"key":"SMITH"},{"data":"Disarm","floor":15,"key":"SMITH"}],"neow_cost":"TEN_PERCENT_HP_LOSS","seed_source_timestamp":3268592337128399,"circlet_count":0,"master_deck":["AscendersBane","Strike_R","Strike_R","Defend_R","Defend_R","Defend_R+1","Defend_R+1","Bash","Whirlwind+1","Anger+1","Ghostly Armor","Impervious","Thunderclap","Disarm+1","Immolate","Cleave"],"relics":["Burning Blood","Magic Flower","Matryoshka","Strawberry","Blood Vial","PreservedInsect","Boot","Potion Belt","War Paint","Empty Cage","Tiny Chest"],"potions_floor_usage":[8,14,16,21],"damage_taken":[{"damage":2,"enemies":"2 Louse","floor":1,"turns":3},{"damage":14,"enemies":"Jaw Worm","floor":2,"turns":4},{"damage":15,"enemies":"3 Sentries","floor":6,"turns":4},{"damage":46,"enemies":"Lagavulin","floor":8,"turns":8},{"damage":8,"enemies":"Gremlin Nob","floor":10,"turns":3},{"damage":1,"enemies":"Cultist","floor":11,"turns":3},{"damage":4,"enemies":"Red Slaver","floor":14,"turns":4},{"damage":27,"enemies":"Hexaghost","floor":16,"turns":11},{"damage":51,"enemies":"Spheric Guardian","floor":18,"turns":8},{"damage":22,"enemies":"Shell Parasite","floor":19,"turns":8},{"damage":40,"enemies":"Chosen and Byrds","floor":21,"turns":5}],"seed_played":"3795083420892527753","potions_obtained":[{"floor":6,"key":"Block Potion"},{"floor":10,"key":"Strength Potion"},{"floor":11,"key":"Block Potion"},{"floor":19,"key":"SteroidPotion"}],"is_trial":false,"path_per_floor":["M","M","?","?","?","E","T","E","T","E","M","R","?","M","R","B",null,"M","M","?","M"],"character_chosen":"IRONCLAD","items_purchased":[],"campfire_rested":0,"item_purchase_floors":[],"current_hp_per_floor":[68,63,63,63,63,57,64,30,30,34,45,45,38,46,46,31,64,25,15,15,0],"gold":376,"neow_bonus":"ONE_RARE_RELIC","is_prod":false,"is_daily":false,"chose_seed":false,"campfire_upgraded":2,"win_rate":0,"timestamp":1556643391,"path_taken":["M","M","?","?","?","E","?","E","T","E","M","R","?","M","R","BOSS","M","M","?","M"],"build_version":"2019-01-23","purchased_purges":0,"victory":false,"max_hp_per_floor":[68,68,68,68,68,68,75,75,75,75,75,75,75,75,75,75,75,75,75,75,75],"card_choices":[{"not_picked":["Anger","Inflame"],"picked":"Whirlwind","floor":1},{"not_picked":["Ghostly Armor","Headbutt"],"picked":"Anger","floor":2},{"not_picked":["Anger","Wild Strike","Reckless Charge"],"picked":"SKIP","floor":6},{"not_picked":["Blood for Blood","Clothesline"],"picked":"Ghostly Armor","floor":8},{"not_picked":["Fire Breathing","Rage"],"picked":"Impervious","floor":10},{"not_picked":["Uppercut","Combust"],"picked":"Thunderclap","floor":11},{"not_picked":["Clash","Shrug It Off"],"picked":"Disarm","floor":14},{"not_picked":["Feed","Brutality"],"picked":"Immolate","floor":16},{"not_picked":["Uppercut+1","Pommel Strike","Body Slam"],"picked":"SKIP","floor":18},{"not_picked":["Blood for Blood","Uppercut"],"picked":"Cleave","floor":19}],"player_experience":264013,"relics_obtained":[{"floor":6,"key":"Matryoshka"},{"floor":7,"key":"Strawberry"},{"floor":7,"key":"Blood Vial"},{"floor":8,"key":"PreservedInsect"},{"floor":9,"key":"Boot"},{"floor":9,"key":"Potion Belt"},{"floor":10,"key":"War Paint"}],"event_choices":[{"cards_removed":["Strike_R"],"damage_healed":0,"gold_gain":0,"player_choice":"Card Removal","damage_taken":0,"max_hp_gain":0,"max_hp_loss":0,"event_name":"The Cleric","floor":3,"gold_loss":75},{"damage_healed":0,"gold_gain":0,"player_choice":"Grow","damage_taken":0,"max_hp_gain":0,"max_hp_loss":0,"event_name":"Living Wall","floor":4,"gold_loss":0,"cards_upgraded":["Whirlwind"]},{"damage_healed":0,"gold_gain":0,"player_choice":"Ignored","damage_taken":0,"max_hp_gain":0,"max_hp_loss":0,"event_name":"Golden Idol","floor":5,"gold_loss":0},{"damage_healed":0,"gold_gain":50,"player_choice":"Touch","damage_taken":7,"max_hp_gain":0,"max_hp_loss":0,"event_name":"FaceTrader","floor":13,"gold_loss":0},{"damage_healed":0,"gold_gain":0,"player_choice":"Paid Gold","damage_taken":0,"relics_obtained":["Tiny Chest"],"max_hp_gain":0,"max_hp_loss":0,"event_name":"WeMeetAgain","floor":20,"gold_loss":65}],"is_beta":false,"boss_relics":[{"not_picked":["Fusion Hammer","Cursed Key"],"picked":"Empty Cage"}],"items_purged_floors":[],"is_endless":false,"potions_floor_spawned":[6,10,11,19],"killed_by":"Chosen and Byrds","ascension_level":20}