{"gold_per_floor":[109,127,127,145,145,178,178,27,109,123,152,168,22,22,22,122,122,137,137,147,20,30,30],"floor_reached":23,"playtime":1072,"items_purged":["Strike_R"],"score":269,"play_id":"f0b57853-860e-4036-88b2-a076046703a2","local_time":"20190324221243","is_ascension_mode":true,"campfire_choices":[{"data":"Demon Form","floor":7,"key":"SMITH"},{"floor":15,"key":"REST"}],"neow_cost":"NONE","seed_source_timestamp":188018706460233,"circlet_count":0,"master_deck":["Strike_R","Strike_R","Defend_R","Defend_R","Defend_R","Defend_R","Bash","Perfected Strike","Metallicize","Demon Form+1","Sword Boomerang","Twin Strike","Armaments","Heavy Blade","Corruption","Pummel","Immolate","Doubt","Pain","Doubt","Cleave","Whirlwind","Feel No Pain","Shrug It Off+1","Power Through+1"],"relics":["Burning Blood","Centennial Puzzle","Tiny Chest","Turnip","Vajra","Calling Bell","Art of War","Toxic Egg 2","Mango"],"potions_floor_usage":[14,14,22,23,23],"damage_taken":[{"damage":4,"enemies":"Jaw Worm","floor":1,"turns":4},{"damage":3,"enemies":"2 Louse","floor":2,"turns":3},{"damage":1,"enemies":"Small Slimes","floor":4,"turns":4},{"damage":32,"enemies":"3 Sentries","floor":6,"turns":8},{"damage":14,"enemies":"2 Fungi Beasts","floor":10,"turns":4},{"damage":27,"enemies":"Gremlin Nob","floor":11,"turns":5},{"damage":1,"enemies":"Large Slime","floor":12,"turns":7},{"damage":7,"enemies":"Exordium Wildlife","floor":14,"turns":3},{"damage":24,"enemies":"Hexaghost","floor":16,"turns":6},{"damage":25,"enemies":"Chosen","floor":18,"turns":5},{"damage":21,"enemies":"Spheric Guardian","floor":20,"turns":5},{"damage":27,"enemies":"Centurion and Healer","floor":22,"turns":9},{"damage":20,"enemies":"Slavers","floor":23,"turns":1}],"seed_played":"6036564410940288089","potions_obtained":[{"floor":2,"key":"GamblersBrew"},{"floor":4,"key":"SmokeBomb"},{"floor":6,"key":"Energy Potion"},{"floor":20,"key":"SkillPotion"},{"floor":22,"key":"Weak Potion"}],"is_trial":false,"path_per_floor":["M","M","?","M","?","E","R","$","T","M","E","M","$","M","R","B",null,"M","?","M","$","M","E"],"character_chosen":"IRONCLAD","items_purchased":["Twin Strike","Armaments","Vajra","Feel No Pain","Shrug It Off+1"],"campfire_rested":1,"item_purchase_floors":[8,8,13,21,21],"current_hp_per_floor":[80,80,80,80,80,54,54,54,54,46,25,30,30,29,53,35,94,75,56,41,41,20,0],"gold":30,"neow_bonus":"REMOVE_CARD","is_prod":false,"is_daily":false,"chose_seed":false,"campfire_upgraded":1,"win_rate":0,"timestamp":1553487163,"path_taken":["M","M","?","M","?","E","R","$","T","M","E","M","$","M","R","BOSS","M","?","M","$","M","E"],"build_version":"2019-01-23","purchased_purges":1,"victory":false,"max_hp_per_floor":[80,80,80,80,80,80,80,80,80,80,80,80,80,80,80,80,94,94,99,99,99,99,99],"card_choices":[{"not_picked":["Cleave","Shrug It Off"],"picked":"Perfected Strike","floor":1},{"not_picked":["Body Slam","Anger"],"picked":"Metallicize","floor":2},{"not_picked":["Rampage","Shrug It Off"],"picked":"Demon Form","floor":4},{"not_picked":["Iron Wave","Brutality"],"picked":"Sword Boomerang","floor":6},{"not_picked":["Sentinel","Warcry"],"picked":"Heavy Blade","floor":10},{"not_picked":["Rupture","Perfected Strike"],"picked":"Corruption","floor":11},{"not_picked":["Armaments","Heavy Blade"],"picked":"Pummel","floor":12},{"not_picked":["Demon Form","Double Tap"],"picked":"Immolate","floor":16},{"not_picked":["Wild Strike","Corruption"],"picked":"Cleave","floor":18},{"not_picked":["Power Through+1","Clash"],"picked":"Whirlwind","floor":20},{"not_picked":["Thunderclap","Body Slam+1"],"picked":"Power Through+1","floor":22}],"player_experience":322231,"relics_obtained":[{"floor":6,"key":"Centennial Puzzle"},{"floor":9,"key":"Tiny Chest"},{"floor":11,"key":"Turnip"},{"floor":17,"key":"Art of War"},{"floor":17,"key":"Toxic Egg 2"},{"floor":17,"key":"Mango"}],"event_choices":[{"damage_healed":0,"gold_gain":0,"player_choice":"Ignored","damage_taken":0,"max_hp_gain":0,"max_hp_loss":0,"event_name":"Liars Game","floor":3,"gold_loss":0},{"cards_removed":["Strike_R"],"damage_healed":0,"gold_gain":0,"player_choice":"Forget","damage_taken":0,"max_hp_gain":0,"max_hp_loss":0,"event_name":"Living Wall","floor":5,"gold_loss":0},{"damage_healed":0,"gold_gain":0,"player_choice":"Shed Blood","damage_taken":24,"max_hp_gain":5,"max_hp_loss":0,"event_name":"Forgotten Altar","floor":19,"gold_loss":0}],"is_beta":false,"boss_relics":[{"not_picked":["Runic Pyramid","Philosopher\u0027s Stone"],"picked":"Calling Bell"}],"items_purged_floors":[8],"is_endless":false,"potions_floor_spawned":[2,4,6,11,14,20,22],"killed_by":"Slavers","ascension_level":4}