{"gold_per_floor":[114,189,289,306,323,323,323,323,323,323,333,333,350,366,366,462,462,474,494,33,63,81,81],"floor_reached":23,"playtime":1724,"items_purged":["Strike_B"],"score":238,"play_id":"a7f8dfbe-781d-4688-baca-776406fa681e","local_time":"20190407195450","is_ascension_mode":true,"campfire_choices":[{"floor":6,"key":"DIG"},{"floor":8,"key":"DIG"},{"floor":10,"key":"DIG"},{"floor":15,"key":"DIG"}],"neow_cost":"TEN_PERCENT_HP_LOSS","seed_source_timestamp":94342838907128,"circlet_count":0,"master_deck":["Strike_B","Strike_B","Defend_B","Defend_B+1","Defend_B","Defend_B","Zap","Dualcast+1","Genetic Algorithm","Core Surge","Conserve Battery","Coolheaded","Glacier","Genetic Algorithm","Core Surge","Coolheaded+1","Cold Snap","Chill","Compile Driver+1"],"relics":["Cracked Core","Shovel","Cables","Bronze Scales","Ice Cream","War Paint","Bag of Preparation","Sozu","Membership Card","Blood Vial","Pantograph","Tiny Chest"],"potions_floor_usage":[11,16,16],"damage_taken":[{"damage":0,"enemies":"2 Louse","floor":1,"turns":2},{"damage":0,"enemies":"Small Slimes","floor":4,"turns":3},{"damage":0,"enemies":"Cultist","floor":5,"turns":3},{"damage":2,"enemies":"Large Slime","floor":11,"turns":6},{"damage":0,"enemies":"Gremlin Gang","floor":13,"turns":6},{"damage":7,"enemies":"3 Louse","floor":14,"turns":2},{"damage":21,"enemies":"Slime Boss","floor":16,"turns":17},{"damage":1,"enemies":"Shell Parasite","floor":18,"turns":7},{"damage":3,"enemies":"3 Byrds","floor":19,"turns":4},{"damage":5,"enemies":"Snake Plant","floor":22,"turns":4},{"damage":65,"enemies":"Gremlin Leader","floor":23,"turns":8}],"seed_played":"-5679035461296081215","potions_obtained":[{"floor":5,"key":"Weak Potion"},{"floor":13,"key":"Strength Potion"},{"floor":14,"key":"Energy Potion"},{"floor":16,"key":"Swift Potion"}],"is_trial":false,"path_per_floor":["M","?","?","M","M","R","?","R","T","R","M","?","M","M","R","B",null,"M","M","$","?","M","E"],"character_chosen":"DEFECT","items_purchased":["Membership Card","Blood Vial","Pantograph","Chill"],"campfire_rested":0,"item_purchase_floors":[20,20,20,20],"current_hp_per_floor":[68,57,57,57,57,57,50,50,50,50,48,48,48,41,41,20,56,55,52,52,52,49,0],"gold":81,"neow_bonus":"ONE_RARE_RELIC","is_prod":false,"is_daily":false,"chose_seed":false,"campfire_upgraded":0,"win_rate":0,"timestamp":1554634490,"path_taken":["M","?","?","M","?","R","?","R","T","R","M","?","M","M","R","BOSS","M","?","$","?","M","E"],"build_version":"2019-01-23","purchased_purges":1,"victory":false,"max_hp_per_floor":[68,68,68,68,68,68,68,68,68,68,68,68,68,68,68,68,68,68,68,68,68,68,68],"card_choices":[{"not_picked":["Leap","Streamline"],"picked":"Genetic Algorithm","floor":1},{"not_picked":["Compile Driver","Undo"],"picked":"Core Surge","floor":4},{"not_picked":["Barrage","Fusion"],"picked":"Conserve Battery","floor":5},{"not_picked":["Redo","Rebound"],"picked":"Coolheaded","floor":11},{"not_picked":["Barrage","Doom and Gloom"],"picked":"Glacier","floor":13},{"not_picked":["Redo","Rebound"],"picked":"Genetic Algorithm","floor":14},{"not_picked":["Creative AI","Multi-Cast"],"picked":"Core Surge","floor":16},{"not_picked":["Hologram","FTL"],"picked":"Coolheaded+1","floor":18},{"not_picked":["Conserve Battery+1","Beam Cell"],"picked":"Cold Snap","floor":19},{"not_picked":["Force Field","Consume"],"picked":"Compile Driver+1","floor":22}],"player_experience":287317,"relics_obtained":[{"floor":6,"key":"Cables"},{"floor":8,"key":"Bronze Scales"},{"floor":9,"key":"Ice Cream"},{"floor":10,"key":"War Paint"},{"floor":15,"key":"Bag of Preparation"}],"event_choices":[{"damage_healed":0,"gold_gain":75,"player_choice":"Gather Gold","damage_taken":11,"max_hp_gain":0,"max_hp_loss":0,"event_name":"World of Goop","floor":2,"gold_loss":0},{"damage_healed":0,"gold_gain":100,"player_choice":"Pray","damage_taken":0,"max_hp_gain":0,"max_hp_loss":0,"event_name":"Golden Shrine","floor":3,"gold_loss":0},{"cards_removed":["Strike_B"],"damage_healed":0,"gold_gain":0,"player_choice":"Card Removal","damage_taken":7,"max_hp_gain":0,"max_hp_loss":0,"event_name":"Golden Wing","floor":7,"gold_loss":0},{"damage_healed":0,"gold_gain":0,"player_choice":"Leave","damage_taken":0,"max_hp_gain":0,"max_hp_loss":0,"event_name":"FaceTrader","floor":12,"gold_loss":0},{"damage_healed":0,"gold_gain":0,"player_choice":"Gave Potion","damage_taken":0,"relics_obtained":["Tiny Chest"],"max_hp_gain":0,"max_hp_loss":0,"event_name":"WeMeetAgain","floor":21,"gold_loss":0}],"is_beta":false,"boss_relics":[{"not_picked":["Ectoplasm","Snecko Eye"],"picked":"Sozu"}],"items_purged_floors":[20],"is_endless":false,"potions_floor_spawned":[5,13,14,16,22],"killed_by":"Gremlin Leader","ascension_level":6}