{"gold_per_floor":[117,127,97,111,111,111,146,146,173,183,210,210,14,44,44,145,145,161,76,87,104,116,116],"floor_reached":23,"playtime":1557,"items_purged":[],"score":247,"play_id":"f294924d-bde2-48b8-a08c-30cf089a4c48","local_time":"20190419181505","is_ascension_mode":true,"campfire_choices":[{"data":"Carnage","floor":6,"key":"SMITH"},{"data":"Bash","floor":8,"key":"SMITH"},{"data":"Whirlwind","floor":12,"key":"SMITH"},{"data":"Apotheosis","floor":15,"key":"SMITH"}],"neow_cost":"PERCENT_DAMAGE","seed_source_timestamp":413346898664952,"circlet_count":0,"master_deck":["Strike_R","Strike_R","Strike_R","Strike_R","Defend_R","Defend_R+1","Defend_R","Defend_R","Bash+1","Metallicize","Flame Barrier+1","Carnage+1","Shockwave","Whirlwind+1","Uppercut","Apotheosis+1","Exhume","Battle Trance"],"relics":["Black Blood","Potion Belt","Art of War","War Paint","Oddly Smooth Stone","Prayer Wheel"],"potions_floor_usage":[7,11,23,23,23,23],"damage_taken":[{"damage":0,"enemies":"Small Slimes","floor":1,"turns":3},{"damage":1,"enemies":"Cultist","floor":2,"turns":3},{"damage":2,"enemies":"Jaw Worm","floor":4,"turns":4},{"damage":13,"enemies":"Gremlin Nob","floor":7,"turns":3},{"damage":6,"enemies":"Exordium Wildlife","floor":10,"turns":5},{"damage":10,"enemies":"3 Sentries","floor":11,"turns":5},{"damage":11,"enemies":"Gremlin Nob","floor":14,"turns":3},{"damage":39,"enemies":"Hexaghost","floor":16,"turns":10},{"damage":0,"enemies":"3 Byrds","floor":18,"turns":3},{"damage":23,"enemies":"Shell Parasite","floor":20,"turns":6},{"damage":12,"enemies":"Snake Plant","floor":21,"turns":3},{"damage":11,"enemies":"Snecko","floor":22,"turns":5},{"damage":85,"enemies":"Gremlin Leader","floor":23,"turns":6}],"seed_played":"-76881218291440061","potions_obtained":[{"floor":2,"key":"Swift Potion"},{"floor":3,"key":"PowerPotion"},{"floor":3,"key":"Dexterity Potion"},{"floor":10,"key":"Ancient Potion"},{"floor":11,"key":"LiquidBronze"},{"floor":16,"key":"Regen Potion"},{"floor":18,"key":"Poison Potion"},{"floor":20,"key":"Explosive Potion"},{"floor":22,"key":"AttackPotion"}],"is_trial":false,"path_per_floor":["M","M","?","M","?","R","E","R","T","M","E","R","$","E","R","B",null,"M","?","M","M","M","E"],"character_chosen":"IRONCLAD","items_purchased":["Apotheosis"],"campfire_rested":0,"item_purchase_floors":[13],"current_hp_per_floor":[78,83,83,87,87,87,80,80,80,80,76,76,76,71,71,38,96,96,96,83,81,80,0],"gold":116,"neow_bonus":"TWENTY_PERCENT_HP_BONUS","is_prod":false,"is_daily":false,"chose_seed":false,"campfire_upgraded":4,"win_rate":0,"timestamp":1555694105,"path_taken":["M","M","?","?","?","R","E","R","T","M","E","R","?","E","R","BOSS","M","?","M","M","M","E"],"build_version":"2019-01-23","purchased_purges":0,"victory":false,"max_hp_per_floor":[96,96,96,96,96,96,96,96,96,96,96,96,96,96,96,96,96,96,96,96,96,96,96],"card_choices":[{"not_picked":["Wild Strike","Combust"],"picked":"Metallicize","floor":1},{"not_picked":["Second Wind","Iron Wave"],"picked":"Flame Barrier","floor":2},{"not_picked":["Reckless Charge","Shrug It Off"],"picked":"Carnage","floor":4},{"not_picked":["Reckless Charge","Inflame"],"picked":"Shockwave","floor":7},{"not_picked":["Carnage","Warcry"],"picked":"Whirlwind","floor":10},{"not_picked":["Offering","Havoc"],"picked":"Uppercut","floor":11},{"not_picked":["Sentinel","Infernal Blade","Heavy Blade"],"picked":"SKIP","floor":14},{"not_picked":["Immolate","Offering"],"picked":"Exhume","floor":16},{"not_picked":["Shockwave","Shrug It Off+1","Headbutt"],"picked":"SKIP","floor":18},{"not_picked":["Pommel Strike+1","Clothesline+1","Searing Blow"],"picked":"SKIP","floor":20},{"not_picked":["Twin Strike","Pommel Strike","Anger"],"picked":"SKIP","floor":20},{"not_picked":["Iron Wave","Dropkick"],"picked":"Battle Trance","floor":21},{"not_picked":["Flame Barrier+1","Cleave+1","Shockwave"],"picked":"SKIP","floor":21},{"not_picked":["True Grit+1","Wild Strike","Offering"],"picked":"SKIP","floor":22},{"not_picked":["Havoc+1","Heavy Blade","Clothesline"],"picked":"SKIP","floor":22}],"player_experience":1791184,"relics_obtained":[{"floor":7,"key":"Potion Belt"},{"floor":9,"key":"Art of War"},{"floor":11,"key":"War Paint"},{"floor":14,"key":"Oddly Smooth Stone"}],"event_choices":[{"damage_healed":0,"gold_gain":0,"player_choice":"Bought 2 Potions","damage_taken":0,"max_hp_gain":0,"max_hp_loss":0,"event_name":"The Woman in Blue","floor":3,"gold_loss":0},{"cards_removed":["Strike_R"],"damage_healed":0,"gold_gain":0,"player_choice":"Offered Basic","damage_taken":0,"max_hp_gain":0,"max_hp_loss":0,"event_name":"Bonfire Elementals","floor":5,"gold_loss":0},{"damage_healed":0,"gold_gain":0,"player_choice":"Obtained Relic","damage_taken":0,"relics_obtained":["Prayer Wheel"],"max_hp_gain":0,"max_hp_loss":0,"event_name":"Addict","floor":19,"gold_loss":85}],"is_beta":false,"boss_relics":[{"not_picked":["White Beast Statue","Orrery"],"picked":"Black Blood"}],"items_purged_floors":[],"is_endless":false,"potions_floor_spawned":[2,10,11,16,18,20,22],"killed_by":"Gremlin Leader","ascension_level":1}