{"gold_per_floor":[117,168,168,188,188,188,207,238,264,297,25,41,57,71,71,71],"floor_reached":16,"playtime":6771,"items_purged":[],"score":140,"play_id":"942db870-a93e-4af9-b477-e000313343bf","local_time":"20190427192303","is_ascension_mode":true,"campfire_choices":[{"data":"Body Slam","floor":6,"key":"SMITH"},{"floor":15,"key":"REST"}],"neow_cost":"TEN_PERCENT_HP_LOSS","seed_source_timestamp":1538112444947800,"circlet_count":0,"master_deck":["Strike_R","Strike_R","Strike_R","Defend_R","Defend_R","Defend_R","Defend_R","Bash","Wild Strike","Heavy Blade","Body Slam+1","Clothesline","Pain","Shrug It Off","Iron Wave","Flame Barrier","Wild Strike","Whirlwind"],"relics":["Burning Blood","WarpedTongs","Regal Pillow","Kunai","Toolbox"],"potions_floor_usage":[16,16],"damage_taken":[{"damage":9,"enemies":"Jaw Worm","floor":1,"turns":4},{"damage":0,"enemies":"Cultist","floor":4,"turns":2},{"damage":5,"enemies":"Small Slimes","floor":7,"turns":3},{"damage":9,"enemies":"Gremlin Nob","floor":8,"turns":3},{"damage":56,"enemies":"3 Sentries","floor":10,"turns":9},{"damage":1,"enemies":"Exordium Thugs","floor":12,"turns":3},{"damage":7,"enemies":"Gremlin Gang","floor":13,"turns":4},{"damage":14,"enemies":"Large Slime","floor":14,"turns":7},{"damage":48,"enemies":"Slime Boss","floor":16,"turns":15}],"seed_played":"5370954041347638234","potions_obtained":[{"floor":7,"key":"Dexterity Potion"},{"floor":8,"key":"Weak Potion"},{"floor":12,"key":"Energy Potion"}],"is_trial":false,"path_per_floor":["M","?","?","M","?","R","M","E","T","E","$","M","M","M","R","B"],"character_chosen":"IRONCLAD","items_purchased":["Toolbox","Flame Barrier"],"campfire_rested":1,"item_purchase_floors":[11,11],"current_hp_per_floor":[69,69,62,68,68,68,69,66,66,16,16,21,20,12,48,0],"gold":71,"neow_bonus":"TRANSFORM_TWO_CARDS","is_prod":false,"is_daily":false,"chose_seed":false,"campfire_upgraded":1,"win_rate":0,"timestamp":1556385783,"path_taken":["M","?","?","?","?","R","M","E","T","E","?","M","?","M","R","BOSS"],"build_version":"2019-01-23","purchased_purges":0,"victory":false,"max_hp_per_floor":[72,72,72,72,72,72,72,72,72,72,72,72,72,72,72,72],"card_choices":[{"not_picked":["Clothesline","Clash"],"picked":"Body Slam","floor":1},{"not_picked":["Blood for Blood","Havoc"],"picked":"Clothesline","floor":4},{"not_picked":["Fire Breathing","Sword Boomerang","Perfected Strike"],"picked":"SKIP","floor":7},{"not_picked":["Metallicize","Heavy Blade"],"picked":"Shrug It Off","floor":8},{"not_picked":["Flex","Fire Breathing"],"picked":"Iron Wave","floor":10},{"not_picked":["Feel No Pain","Clash"],"picked":"Wild Strike","floor":12},{"not_picked":["Evolve","Dual Wield"],"picked":"Whirlwind","floor":13},{"not_picked":["Clothesline","Blood for Blood","Wild Strike"],"picked":"SKIP","floor":14}],"player_experience":797366,"relics_obtained":[{"floor":8,"key":"Regal Pillow"},{"floor":10,"key":"Kunai"}],"event_choices":[{"damage_healed":0,"gold_gain":51,"player_choice":"Gained Gold","damage_taken":0,"max_hp_gain":0,"max_hp_loss":0,"event_name":"Golden Wing","floor":2,"gold_loss":0},{"damage_healed":0,"gold_gain":0,"player_choice":"Damaged","damage_taken":7,"max_hp_gain":0,"max_hp_loss":0,"event_name":"Wheel of Change","floor":3,"gold_loss":0},{"damage_healed":0,"gold_gain":0,"player_choice":"Rummage","damage_taken":0,"relics_obtained":["WarpedTongs"],"max_hp_gain":0,"max_hp_loss":0,"event_name":"Accursed Blacksmith","floor":5,"gold_loss":0,"cards_obtained":["Pain"]}],"is_beta":false,"boss_relics":[],"items_purged_floors":[],"is_endless":false,"potions_floor_spawned":[7,8,12,14],"killed_by":"Slime Boss","ascension_level":5}