{"gold_per_floor":[111,186,202,202,49,49,80,80,103,119,79,152,165,198,198,198],"floor_reached":16,"playtime":555,"items_purged":["Strike_R"],"score":224,"play_id":"52307d27-c2b4-45ba-be70-0e5bd5a42d45","local_time":"20190503101252","is_ascension_mode":true,"campfire_choices":[{"data":"Bash","floor":6,"key":"SMITH"},{"floor":8,"key":"REST"},{"data":"Wild Strike","floor":15,"key":"SMITH"}],"neow_cost":"NONE","seed_source_timestamp":103161400738310,"circlet_count":0,"master_deck":["AscendersBane","Strike_R","Strike_R","Strike_R","Strike_R","Defend_R","Defend_R","Defend_R","Defend_R","Bash+1","Wild Strike+1","Inflame","Spot Weakness","Immolate","Feel No Pain","Infernal Blade","Impervious"],"relics":["Burning Blood","PreservedInsect","Golden Idol","Bag of Preparation","Smiling Mask","Tiny Chest","Thread and Needle"],"potions_floor_usage":[7,11,12,14,14],"damage_taken":[{"damage":14,"enemies":"Jaw Worm","floor":1,"turns":4},{"damage":5,"enemies":"Small Slimes","floor":3,"turns":3},{"damage":20,"enemies":"3 Sentries","floor":7,"turns":8},{"damage":1,"enemies":"Cultist","floor":10,"turns":3},{"damage":8,"enemies":"Gremlin Nob","floor":12,"turns":3},{"damage":31,"enemies":"Exordium Thugs","floor":13,"turns":3},{"damage":28,"enemies":"Lagavulin","floor":14,"turns":5},{"damage":21,"enemies":"The Guardian","floor":16,"turns":9}],"seed_played":"5895888237728720013","potions_obtained":[{"floor":3,"key":"SkillPotion"},{"floor":11,"key":"Fruit Juice"},{"floor":11,"key":"EssenceOfSteel"},{"floor":11,"key":"Ancient Potion"},{"floor":12,"key":"Swift Potion"}],"is_trial":false,"path_per_floor":["M","?","M","?","$","R","E","R","T","M","?","E","M","E","R","B"],"character_chosen":"IRONCLAD","items_purchased":["Spot Weakness"],"campfire_rested":1,"item_purchase_floors":[5],"current_hp_per_floor":[60,49,50,50,50,50,36,56,56,61,66,64,39,17,17,0],"gold":198,"neow_bonus":"RANDOM_COMMON_RELIC","is_prod":false,"is_daily":false,"chose_seed":false,"campfire_upgraded":2,"win_rate":0,"timestamp":1556903572,"path_taken":["M","?","M","?","$","R","E","R","T","M","?","E","M","E","R","BOSS"],"build_version":"2019-01-23","purchased_purges":1,"victory":false,"max_hp_per_floor":[75,75,75,68,68,68,68,68,68,68,73,73,73,73,73,73],"card_choices":[{"not_picked":["Warcry","Fire Breathing"],"picked":"Wild Strike","floor":1},{"not_picked":["Rupture","Cleave"],"picked":"Inflame","floor":3},{"not_picked":["Disarm","Iron Wave"],"picked":"Immolate","floor":7},{"not_picked":["Burning Pact","Warcry","Perfected Strike"],"picked":"SKIP","floor":10},{"not_picked":["Pommel Strike","Infernal Blade"],"picked":"Feel No Pain","floor":12},{"not_picked":["Sentinel","Havoc"],"picked":"Infernal Blade","floor":13},{"not_picked":["Cleave","Reckless Charge"],"picked":"Impervious","floor":14}],"player_experience":536015,"relics_obtained":[{"floor":7,"key":"Bag of Preparation"},{"floor":9,"key":"Smiling Mask"},{"floor":12,"key":"Tiny Chest"},{"floor":14,"key":"Thread and Needle"}],"event_choices":[{"damage_healed":0,"gold_gain":75,"player_choice":"Gather Gold","damage_taken":11,"max_hp_gain":0,"max_hp_loss":0,"event_name":"World of Goop","floor":2,"gold_loss":0},{"damage_healed":0,"gold_gain":0,"player_choice":"Lose Max HP","damage_taken":0,"relics_obtained":["Golden Idol"],"max_hp_gain":0,"max_hp_loss":7,"event_name":"Golden Idol","floor":4,"gold_loss":0},{"damage_healed":0,"gold_gain":0,"player_choice":"Bought 3 Potions","damage_taken":0,"max_hp_gain":0,"max_hp_loss":0,"event_name":"The Woman in Blue","floor":11,"gold_loss":0}],"is_beta":false,"boss_relics":[],"items_purged_floors":[5],"is_endless":false,"potions_floor_spawned":[3,12],"killed_by":"The Guardian","ascension_level":18}