{"gold_per_floor":[111,34,34,45,64,64,79,79,79,79,92,17,17,17,17,17],"floor_reached":16,"playtime":632,"items_purged":["Parasite"],"score":95,"play_id":"7e71f834-77b6-47a2-bf35-8a4a8e86eabb","local_time":"20190317160949","is_ascension_mode":true,"campfire_choices":[{"data":"Rupture","floor":6.0,"key":"SMITH"},{"data":"Dual Wield","floor":8.0,"key":"SMITH"},{"data":"Flame Barrier","floor":10.0,"key":"SMITH"},{"floor":13.0,"key":"REST"},{"floor":15.0,"key":"REST"}],"neow_cost":"NONE","seed_source_timestamp":0,"circlet_count":0,"master_deck":["Strike_R","Strike_R","Strike_R","Strike_R","Strike_R","Defend_R","Defend_R","Defend_R","Defend_R","Bash","Parasite","Parasite","Flame Barrier+1","Rupture+1","Bloodletting","Dual Wield+1","Warcry+1"],"special_seed":0,"relics":["Calling Bell","Bronze Scales","Molten Egg 2","WingedGreaves","Frozen Egg 2"],"potions_floor_usage":[16,16,16],"damage_taken":[{"damage":20.0,"enemies":"Jaw Worm","floor":1.0,"turns":4.0},{"damage":7.0,"enemies":"Cultist","floor":4.0,"turns":5.0},{"damage":9.0,"enemies":"2 Louse","floor":5.0,"turns":3.0},{"damage":17.0,"enemies":"Lots of Slimes","floor":7.0,"turns":4.0},{"damage":15.0,"enemies":"Large Slime","floor":11.0,"turns":9.0},{"damage":58,"enemies":"Slime Boss","floor":16,"turns":13}],"seed_played":"541903143675443224","potions_obtained":[{"floor":3.0,"key":"Block Potion"},{"floor":3.0,"key":"Fire Potion"},{"floor":3.0,"key":"GamblersBrew"},{"floor":7.0,"key":"Fire Potion"}],"is_trial":false,"path_per_floor":["M","$","?","M","M","R","M","R","T","R","M","$","R","?","R","B"],"character_chosen":"IRONCLAD","items_purchased":["Rupture"],"campfire_rested":2,"item_purchase_floors":[2],"current_hp_per_floor":[60,60,60,53,44,44,27,27,27,27,12,12,35,35,58,0],"gold":17,"neow_bonus":"BOSS_RELIC","is_prod":false,"is_daily":false,"chose_seed":false,"campfire_upgraded":3,"win_rate":0,"timestamp":1552860589,"path_taken":["M","$","?","M","?","R","M","R","T","R","M","$","R","?","R","BOSS"],"build_version":"2019-01-23","purchased_purges":1,"victory":false,"max_hp_per_floor":[80,80,80,80,80,80,80,80,80,80,80,77,77,77,77,77],"card_choices":[{"not_picked":["Uppercut+1","Hemokinesis+1"],"picked":"Flame Barrier","floor":1.0},{"not_picked":["Rage","Second Wind","Infernal Blade"],"picked":"SKIP","floor":4.0},{"not_picked":["Power Through","Rampage+1"],"picked":"Bloodletting","floor":5.0},{"not_picked":["Flex","Pommel Strike+1"],"picked":"Dual Wield","floor":7.0},{"not_picked":["Havoc","Anger+1"],"picked":"Warcry","floor":11.0}],"player_experience":238330,"relics_obtained":[{"floor":0.0,"key":"Bronze Scales"},{"floor":0.0,"key":"Molten Egg 2"},{"floor":0.0,"key":"WingedGreaves"},{"floor":9.0,"key":"Frozen Egg 2"}],"event_choices":[{"damage_healed":0.0,"max_hp_gain":0.0,"max_hp_loss":0.0,"gold_gain":0.0,"event_name":"Lab","player_choice":"Got Potions","floor":3.0,"gold_loss":0.0,"damage_taken":0.0},{"damage_healed":0.0,"max_hp_gain":0.0,"max_hp_loss":0.0,"gold_gain":0.0,"event_name":"Accursed Blacksmith","player_choice":"Forge","floor":14.0,"gold_loss":0.0,"damage_taken":0.0,"cards_upgraded":["Warcry"]}],"is_beta":false,"boss_relics":[],"items_purged_floors":[12],"is_endless":false,"potions_floor_spawned":[4,5,7],"killed_by":"Slime Boss","ascension_level":1}