{"gold_per_floor":[119,119,44,44,113,145,145,163,163,181,181,231,27,45,45,150,150,162,212,361,57,22,22,47,47,74,100,150,184,199,209,209,314,314,332,402,140,190,204,238,238,266,266,266,278,60,92,108,108,108],"floor_reached":51,"playtime":2725,"items_purged":["Regret","Strike_R"],"score":1276,"play_id":"1f65c3aa-bcac-471d-8891-82e1dfb9c1c9","local_time":"20190502111044","is_ascension_mode":true,"campfire_choices":[{"data":"Inflame","floor":7,"key":"SMITH"},{"data":"Demon Form","floor":11,"key":"SMITH"},{"data":"Intimidate","floor":15,"key":"SMITH"},{"data":"Cleave","floor":23,"key":"SMITH"},{"data":"Havoc","floor":25,"key":"SMITH"},{"data":"Havoc","floor":32,"key":"SMITH"},{"data":"Limit Break","floor":41,"key":"SMITH"},{"data":"Exhume","floor":44,"key":"SMITH"},{"data":"Burning Pact","floor":49,"key":"SMITH"}],"neow_cost":"NONE","seed_source_timestamp":211102247767400,"circlet_count":0,"master_deck":["AscendersBane","Strike_R+1","Strike_R+1","Strike_R+1","Strike_R+1","Defend_R+1","Defend_R+1","Defend_R+1","Defend_R+1","Bash","Headbutt","Inflame+1","Cleave+1","Demon Form+1","Intimidate+1","Reaper","Havoc+1","Shockwave","Disarm+1","Havoc+1","Limit Break+1","Evolve","Exhume+1","Shockwave+1","Burning Pact+1","Heavy Blade+1","Flame Barrier"],"relics":["Burning Blood","NeowsBlessing","Sundial","SsserpentHead","FossilizedHelix","Bird Faced Urn","Orichalcum","Anchor","Coffee Dripper","Ornamental Fan","Vajra","Bronze Scales","Blood Vial","Nloth\u0027s Gift","Happy Flower","Sozu","Bottled Lightning","Bottled Tornado","Molten Egg 2","Mummified Hand","Bag of Preparation","Bag of Marbles"],"potions_floor_usage":[],"damage_taken":[{"damage":0,"enemies":"Cultist","floor":1,"turns":1},{"damage":0,"enemies":"Small Slimes","floor":5,"turns":1},{"damage":0,"enemies":"Gremlin Nob","floor":6,"turns":1},{"damage":0,"enemies":"2 Louse","floor":8,"turns":2},{"damage":25,"enemies":"Exordium Thugs","floor":10,"turns":5},{"damage":5,"enemies":"Blue Slaver","floor":14,"turns":4},{"damage":34,"enemies":"Hexaghost","floor":16,"turns":8},{"damage":13,"enemies":"Chosen","floor":18,"turns":5},{"damage":51,"enemies":"Gremlin Leader","floor":24,"turns":6},{"damage":13,"enemies":"Book of Stabbing","floor":27,"turns":5},{"damage":37,"enemies":"Slavers","floor":29,"turns":4},{"damage":6,"enemies":"3 Byrds","floor":30,"turns":4},{"damage":3,"enemies":"Snake Plant","floor":31,"turns":4},{"damage":78,"enemies":"Automaton","floor":33,"turns":10},{"damage":15,"enemies":"3 Darklings","floor":35,"turns":6},{"damage":12,"enemies":"Orb Walker","floor":36,"turns":4},{"damage":27,"enemies":"Sphere and 2 Shapes","floor":39,"turns":4},{"damage":73,"enemies":"Nemesis","floor":40,"turns":9},{"damage":38,"enemies":"Reptomancer","floor":42,"turns":6},{"damage":0,"enemies":"Transient","floor":45,"turns":5},{"damage":25,"enemies":"Nemesis","floor":47,"turns":5},{"damage":0,"enemies":"Maw","floor":48,"turns":5},{"damage":50,"enemies":"Donu and Deca","floor":50,"turns":6}],"seed_played":"-5235188139677678598","potions_obtained":[{"floor":8,"key":"Ancient Potion"},{"floor":10,"key":"Ancient Potion"},{"floor":31,"key":"SkillPotion"}],"is_trial":false,"path_per_floor":["M","?","$","?","M","E","R","M","T","M","R","?","$","M","R","B",null,"M","?","?","$","?","R","E","R","T","E","?","E","M","M","R","B",null,"M","M","$","?","M","E","R","E","T","R","M","$","E","M","R","B",null],"character_chosen":"IRONCLAD","items_purchased":["Anchor","Havoc","Ornamental Fan","Bottled Lightning","Bag of Preparation","Burning Pact"],"campfire_rested":0,"item_purchase_floors":[13,21,21,37,46,46],"current_hp_per_floor":[78,78,78,78,80,80,80,80,80,61,61,54,54,57,57,33,68,70,70,70,70,70,70,57,57,57,54,54,44,58,67,67,15,64,80,76,76,76,72,40,40,64,64,64,80,80,61,80,80,75],"gold":108,"neow_bonus":"THREE_ENEMY_KILL","is_prod":false,"is_daily":false,"chose_seed":false,"campfire_upgraded":9,"win_rate":0,"timestamp":1556788244,"path_taken":["M","?","$","?","?","E","R","M","T","M","R","?","?","M","R","BOSS","M","?","?","$","?","R","E","R","T","E","?","E","M","M","R","BOSS","M","?","$","?","M","E","R","E","T","R","M","$","E","M","R","BOSS"],"build_version":"2019-01-23","purchased_purges":2,"victory":true,"max_hp_per_floor":[80,80,80,80,80,80,80,80,80,80,80,80,80,80,80,80,80,80,80,80,80,80,80,80,80,80,80,80,80,80,80,80,80,80,80,80,80,80,80,80,80,80,80,80,80,80,80,80,80,80],"card_choices":[{"not_picked":["Warcry","Perfected Strike"],"picked":"Headbutt","floor":1},{"not_picked":["Warcry","Thunderclap"],"picked":"Inflame","floor":5},{"not_picked":["Wild Strike","Armaments"],"picked":"Cleave","floor":6},{"not_picked":["Headbutt","Shrug It Off"],"picked":"Demon Form","floor":8},{"not_picked":["Clash","Headbutt","Hemokinesis"],"picked":"SKIP","floor":10},{"not_picked":["Clash","Infernal Blade"],"picked":"Intimidate","floor":14},{"not_picked":["Fiend Fire","Impervious"],"picked":"Reaper","floor":16},{"not_picked":["Iron Wave+1","Rage","Sentinel+1"],"picked":"SKIP","floor":18},{"not_picked":["Perfected Strike+1","Clothesline"],"picked":"Shockwave","floor":24},{"not_picked":["Shockwave","Rampage"],"picked":"Disarm+1","floor":27},{"not_picked":["Anger+1","Berserk","Dark Embrace"],"picked":"SKIP","floor":29},{"not_picked":["Feel No Pain","Twin Strike"],"picked":"Havoc","floor":30},{"not_picked":["Iron Wave+1","Anger","Power Through"],"picked":"SKIP","floor":31},{"not_picked":["Clash+1","Shrug It Off"],"picked":"Limit Break","floor":35},{"not_picked":["Twin Strike+1","Clash","Hemokinesis"],"picked":"SKIP","floor":36},{"not_picked":["Dropkick","Sword Boomerang+1","Warcry"],"picked":"SKIP","floor":39},{"not_picked":["Body Slam+1","Impervious"],"picked":"Exhume","floor":40},{"not_picked":["Clash+1","Fiend Fire","Headbutt"],"picked":"SKIP","floor":42},{"not_picked":["Headbutt+1","Clash+1"],"picked":"Shockwave+1","floor":45},{"not_picked":["Juggernaut","Pommel Strike+1"],"picked":"Heavy Blade+1","floor":47},{"not_picked":["Wild Strike+1","Iron Wave+1"],"picked":"Flame Barrier","floor":48}],"player_experience":984975,"relics_obtained":[{"floor":6,"key":"FossilizedHelix"},{"floor":9,"key":"Bird Faced Urn"},{"floor":24,"key":"Bronze Scales"},{"floor":26,"key":"Lantern"},{"floor":27,"key":"Blood Vial"},{"floor":29,"key":"Happy Flower"},{"floor":40,"key":"Bottled Tornado"},{"floor":42,"key":"Molten Egg 2"},{"floor":43,"key":"Mummified Hand"},{"floor":47,"key":"Bag of Marbles"}],"event_choices":[{"damage_healed":0,"gold_gain":0,"player_choice":"Box","damage_taken":0,"relics_obtained":["Sundial"],"max_hp_gain":0,"max_hp_loss":0,"event_name":"Big Fish","floor":2,"gold_loss":0,"cards_obtained":["Regret"]},{"damage_healed":0,"gold_gain":0,"player_choice":"Trade","damage_taken":0,"relics_obtained":["SsserpentHead"],"max_hp_gain":0,"max_hp_loss":0,"event_name":"FaceTrader","floor":4,"gold_loss":0},{"damage_healed":0,"gold_gain":0,"player_choice":"Success","damage_taken":7,"relics_obtained":["Orichalcum"],"max_hp_gain":0,"max_hp_loss":0,"event_name":"Scrap Ooze","floor":12,"gold_loss":0},{"damage_healed":0,"gold_gain":0,"player_choice":"Simplicity","damage_taken":0,"max_hp_gain":0,"max_hp_loss":0,"event_name":"Back to Basics","floor":19,"gold_loss":0,"cards_upgraded":["Strike_R","Strike_R","Strike_R","Strike_R","Defend_R","Defend_R","Defend_R","Defend_R"]},{"damage_healed":0,"gold_gain":99,"player_choice":"Stole From Cult","damage_taken":0,"max_hp_gain":0,"max_hp_loss":0,"event_name":"Nest","floor":20,"gold_loss":0},{"damage_healed":0,"gold_gain":0,"player_choice":"Obtained Relic","damage_taken":0,"relics_obtained":["Vajra"],"max_hp_gain":0,"max_hp_loss":0,"event_name":"Addict","floor":22,"gold_loss":85},{"damage_healed":0,"gold_gain":0,"player_choice":"Traded Relic","damage_taken":0,"relics_obtained":["Nloth\u0027s Gift"],"max_hp_gain":0,"max_hp_loss":0,"event_name":"N\u0027loth","floor":28,"relics_lost":["Lantern"],"gold_loss":0},{"damage_healed":0,"gold_gain":0,"player_choice":"1 cards matched","damage_taken":0,"max_hp_gain":0,"max_hp_loss":0,"event_name":"Match and Keep!","floor":38,"gold_loss":0,"cards_obtained":["Evolve"]}],"is_beta":false,"boss_relics":[{"not_picked":["Runic Cube","Black Star"],"picked":"Coffee Dripper"},{"not_picked":["Tiny House","Mark of Pain"],"picked":"Sozu"}],"items_purged_floors":[3,13],"is_endless":false,"potions_floor_spawned":[8,10,29,31,33,39,40,45,48],"ascension_level":11}