{"gold_per_floor":[111,24,35,87,100,134,134,42,42,42,42,58,72,85,85,186,186,198,7,24,24,24],"floor_reached":22,"playtime":626,"items_purged":[],"score":205,"play_id":"5a9d7cfb-9bf1-4253-811b-2f011b88192b","local_time":"20190204183937","is_ascension_mode":true,"campfire_choices":[{"data":"Defragment","floor":7,"key":"SMITH"},{"data":"Static Discharge","floor":10,"key":"SMITH"},{"floor":15,"key":"REST"}],"neow_cost":"NONE","seed_source_timestamp":1222583460438271,"circlet_count":0,"master_deck":["Strike_B","Strike_B","Strike_B","Strike_B","Defend_B","Defend_B","Defend_B","Defend_B","Zap","Dualcast","Defragment+1","Static Discharge+1","Conserve Battery","Streamline","Ball Lightning","All For One","Loop","Hologram","Rebound","Reprogram","FTL","Seek","Leap+1","Apotheosis","Conserve Battery"],"relics":["Cracked Core","NeowsBlessing","Bottled Tornado","Omamori","Sozu","MutagenicStrength"],"potions_floor_usage":[6,6,14,16],"damage_taken":[{"damage":0,"enemies":"Cultist","floor":1,"turns":1},{"damage":0,"enemies":"Jaw Worm","floor":3,"turns":1},{"damage":0,"enemies":"2 Louse","floor":5,"turns":1},{"damage":3,"enemies":"Gremlin Nob","floor":6,"turns":3},{"damage":19,"enemies":"Blue Slaver","floor":12,"turns":3},{"damage":19,"enemies":"Looter","floor":13,"turns":3},{"damage":0,"enemies":"Large Slime","floor":14,"turns":3},{"damage":28,"enemies":"Hexaghost","floor":16,"turns":8},{"damage":19,"enemies":"Chosen","floor":18,"turns":3},{"damage":20,"enemies":"2 Thieves","floor":20,"turns":3},{"damage":36,"enemies":"Centurion and Healer","floor":22,"turns":4}],"seed_played":"5899395826056451636","potions_obtained":[{"floor":1,"key":"Swift Potion"},{"floor":3,"key":"SteroidPotion"},{"floor":6,"key":"FocusPotion"},{"floor":13,"key":"SteroidPotion"}],"is_trial":false,"path_per_floor":["M","$","M","?","M","E","R","$","T","R","?","M","M","M","R","B",null,"M","$","M","?","M"],"character_chosen":"DEFECT","items_purchased":["Static Discharge","Conserve Battery","Loop","Hologram","Apotheosis"],"campfire_rested":1,"item_purchase_floors":[2,2,8,8,19],"current_hp_per_floor":[75,75,75,75,75,72,72,72,72,72,60,41,22,22,44,16,75,56,56,36,36,0],"gold":24,"neow_bonus":"THREE_ENEMY_KILL","is_prod":false,"is_daily":false,"chose_seed":false,"campfire_upgraded":2,"win_rate":0,"timestamp":1549334377,"path_taken":["M","?","M","?","M","E","R","?","T","R","?","M","M","?","R","BOSS","M","$","M","?","M"],"build_version":"2019-01-23","purchased_purges":0,"victory":false,"max_hp_per_floor":[75,75,75,75,75,75,75,75,75,75,75,75,75,75,75,75,75,75,75,75,75,75],"card_choices":[{"not_picked":["Self Repair","Turbo"],"picked":"Defragment","floor":1},{"not_picked":["Force Field","Blizzard"],"picked":"Streamline","floor":3},{"not_picked":["Beam Cell","Rebound"],"picked":"Ball Lightning","floor":5},{"not_picked":["Steam","Stack"],"picked":"All For One","floor":6},{"not_picked":["Hologram","Compile Driver"],"picked":"Rebound","floor":12},{"not_picked":["Go for the Eyes","Steam"],"picked":"Reprogram","floor":13},{"not_picked":["Turbo","Fusion"],"picked":"FTL","floor":14},{"not_picked":["All For One","Core Surge"],"picked":"Seek","floor":16},{"not_picked":["Compile Driver","Coolheaded"],"picked":"Leap+1","floor":18},{"not_picked":["Gash","Turbo"],"picked":"Conserve Battery","floor":20}],"player_experience":348132,"relics_obtained":[{"floor":6,"key":"Bottled Tornado"}],"event_choices":[{"damage_healed":0,"gold_gain":52,"player_choice":"Gained Gold","damage_taken":0,"max_hp_gain":0,"max_hp_loss":0,"event_name":"Golden Wing","floor":4,"gold_loss":0},{"damage_healed":0,"gold_gain":0,"player_choice":"Success","damage_taken":12,"relics_obtained":["Omamori"],"max_hp_gain":0,"max_hp_loss":0,"event_name":"Scrap Ooze","floor":11,"gold_loss":0},{"damage_healed":0,"gold_gain":0,"player_choice":"Inject Mutagens","damage_taken":0,"relics_obtained":["MutagenicStrength"],"max_hp_gain":0,"max_hp_loss":0,"event_name":"Drug Dealer","floor":21,"gold_loss":0}],"is_beta":false,"boss_relics":[{"not_picked":["Fusion Hammer","FrozenCore"],"picked":"Sozu"}],"items_purged_floors":[],"is_endless":false,"potions_floor_spawned":[1,3,6,13],"killed_by":"Centurion and Healer","ascension_level":2}