{"gold_per_floor":[118,128,143,155,168,168,168,168,168,168,188,220,240,255,255,350,350,362,34,34,49,49],"floor_reached":22,"playtime":2184,"items_purged":[],"score":209,"play_id":"1a08aeda-1e94-497c-995c-d84a8d8c3f75","local_time":"20190414142222","is_ascension_mode":true,"campfire_choices":[{"data":"Noxious Fumes","floor":6,"key":"SMITH"},{"data":"Dodge and Roll","floor":8,"key":"SMITH"},{"data":"After Image","floor":15,"key":"SMITH"}],"neow_cost":"NONE","seed_source_timestamp":401439170295500,"circlet_count":0,"master_deck":["Defend_G","Defend_G","Defend_G","Defend_G","Defend_G","Strike_G","Strike_G","Strike_G","Strike_G","Strike_G","Survivor","Neutralize","Catalyst","Bane","Dodge and Roll+1","Blur","Noxious Fumes+1","After Image+1","Dodge and Roll","Acrobatics","Envenom","Bane","Dash","Necronomicurse","Bane"],"relics":["Ring of the Snake","NeowsBlessing","Centennial Puzzle","Smiling Mask","Snecko Eye","Toxic Egg 2","Necronomicon"],"potions_floor_usage":[12,12,21,21,22],"damage_taken":[{"damage":0,"enemies":"2 Louse","floor":1,"turns":1},{"damage":0,"enemies":"Cultist","floor":2,"turns":1},{"damage":0,"enemies":"Small Slimes","floor":3,"turns":1},{"damage":14,"enemies":"3 Louse","floor":4,"turns":4},{"damage":9,"enemies":"Blue Slaver","floor":5,"turns":5},{"damage":11,"enemies":"Lots of Slimes","floor":11,"turns":6},{"damage":5,"enemies":"Gremlin Nob","floor":12,"turns":5},{"damage":6,"enemies":"3 Louse","floor":13,"turns":4},{"damage":1,"enemies":"Large Slime","floor":14,"turns":8},{"damage":7,"enemies":"Hexaghost","floor":16,"turns":12},{"damage":23,"enemies":"Shell Parasite","floor":18,"turns":10},{"damage":8,"enemies":"Chosen","floor":21,"turns":5},{"damage":29,"enemies":"Sentry and Sphere","floor":22,"turns":5}],"seed_played":"-332460103310995033","potions_obtained":[{"floor":1,"key":"Weak Potion"},{"floor":4,"key":"Block Potion"},{"floor":13,"key":"Swift Potion"},{"floor":16,"key":"FearPotion"},{"floor":18,"key":"Block Potion"}],"is_trial":false,"path_per_floor":["M","M","M","M","M","R","?","R","T","$","M","E","M","M","R","B",null,"M","$","?","M","M"],"character_chosen":"THE_SILENT","items_purchased":["Dash","Toxic Egg 2"],"campfire_rested":0,"item_purchase_floors":[19,19],"current_hp_per_floor":[70,70,70,56,47,47,40,40,40,40,29,24,18,17,17,10,70,47,47,31,23,0],"gold":49,"neow_bonus":"THREE_ENEMY_KILL","is_prod":false,"is_daily":false,"chose_seed":false,"campfire_upgraded":3,"win_rate":0,"timestamp":1555244542,"path_taken":["M","M","M","M","M","R","?","R","T","$","M","E","?","M","R","BOSS","M","$","?","M","M"],"build_version":"2019-01-23","purchased_purges":0,"victory":false,"max_hp_per_floor":[70,70,70,70,70,70,70,70,70,70,70,70,70,70,70,70,70,70,70,70,70,70],"card_choices":[{"not_picked":["Slice","Acrobatics"],"picked":"Catalyst","floor":1},{"not_picked":["Dagger Spray","Prepared"],"picked":"Bane","floor":2},{"not_picked":["Accuracy","Bane"],"picked":"Dodge and Roll","floor":3},{"not_picked":["Accuracy","Dash"],"picked":"Blur","floor":4},{"not_picked":["Poisoned Stab","Underhanded Strike"],"picked":"Noxious Fumes","floor":5},{"not_picked":["Slice","Quick Slash"],"picked":"After Image","floor":11},{"not_picked":["Flechettes","Blade Dance"],"picked":"Dodge and Roll","floor":12},{"not_picked":["Accuracy","Dagger Throw"],"picked":"Acrobatics","floor":13},{"not_picked":["Deadly Poison","Dash","Underhanded Strike"],"picked":"SKIP","floor":14},{"not_picked":["Tools of the Trade","Malaise"],"picked":"Envenom","floor":16},{"not_picked":["Finisher","Deflect"],"picked":"Bane","floor":18},{"not_picked":["PiercingWail+1","Underhanded Strike"],"picked":"Bane","floor":21}],"player_experience":447305,"relics_obtained":[{"floor":9,"key":"Centennial Puzzle"},{"floor":12,"key":"Smiling Mask"},{"floor":20,"key":"Necronomicon"}],"event_choices":[{"damage_healed":0,"gold_gain":0,"player_choice":"Damaged","damage_taken":7,"max_hp_gain":0,"max_hp_loss":0,"event_name":"Wheel of Change","floor":7,"gold_loss":0},{"damage_healed":0,"gold_gain":0,"player_choice":"Obtained Book","damage_taken":16,"max_hp_gain":0,"max_hp_loss":0,"event_name":"Cursed Tome","floor":20,"gold_loss":0}],"is_beta":false,"boss_relics":[{"not_picked":["Busted Crown","Empty Cage"],"picked":"Snecko Eye"}],"items_purged_floors":[],"is_endless":false,"potions_floor_spawned":[1,4,13,16,18],"killed_by":"Sentry and Sphere","ascension_level":2}