{"gold_per_floor":[115,126,126,142,157,157,237,263,263,263,5,5,28,46,46,146,146,164,175,175,175,191,191,205,205,205,224,252,269,269,284,284,284],"floor_reached":33,"playtime":1382,"items_purged":["Strike_R"],"score":397,"play_id":"b3051dda-fd17-4bd6-80e7-19ce9affdd73","local_time":"20190402143944","is_ascension_mode":true,"campfire_choices":[{"data":"Searing Blow+1","floor":6,"key":"SMITH"},{"data":"Searing Blow+2","floor":10,"key":"SMITH"},{"data":"Searing Blow+3","floor":12,"key":"SMITH"},{"data":"Searing Blow+4","floor":15,"key":"SMITH"},{"data":"Searing Blow+6","floor":23,"key":"SMITH"},{"data":"Searing Blow+7","floor":25,"key":"SMITH"},{"data":"Searing Blow+8","floor":30,"key":"SMITH"},{"data":"Searing Blow+9","floor":32,"key":"SMITH"}],"neow_cost":"NONE","seed_source_timestamp":243685386955151,"circlet_count":0,"master_deck":["Strike_R","Strike_R","Defend_R","Defend_R","Defend_R","Defend_R","Bash","Searing Blow+10","Power Through","Metallicize","Impervious","Evolve","Fiend Fire","Shrug It Off+1","Armaments","Dual Wield","Armaments","Dual Wield+1","Power Through"],"relics":["Burning Blood","Magic Flower","Peace Pipe","Membership Card","Vajra","Empty Cage","Dream Catcher","Mercury Hourglass"],"potions_floor_usage":[5,18,28,28,33],"damage_taken":[{"damage":20,"enemies":"Small Slimes","floor":1,"turns":4},{"damage":13,"enemies":"Jaw Worm","floor":2,"turns":4},{"damage":2,"enemies":"2 Louse","floor":4,"turns":4},{"damage":0,"enemies":"Lots of Slimes","floor":5,"turns":3},{"damage":36,"enemies":"Lagavulin","floor":8,"turns":9},{"damage":0,"enemies":"Looter","floor":14,"turns":2},{"damage":15,"enemies":"The Guardian","floor":16,"turns":12},{"damage":10,"enemies":"3 Byrds","floor":18,"turns":7},{"damage":19,"enemies":"Spheric Guardian","floor":19,"turns":4},{"damage":25,"enemies":"Snake Plant","floor":22,"turns":4},{"damage":8,"enemies":"Chosen and Byrds","floor":24,"turns":6},{"damage":0,"enemies":"Sentry and Sphere","floor":27,"turns":4},{"damage":52,"enemies":"Gremlin Leader","floor":28,"turns":8},{"damage":1,"enemies":"Snecko","floor":29,"turns":4},{"damage":0,"enemies":"Cultist and Chosen","floor":31,"turns":4},{"damage":52,"enemies":"Automaton","floor":33,"turns":10}],"seed_played":"2041569872635856995","potions_obtained":[{"floor":2,"key":"Explosive Potion"},{"floor":14,"key":"Fire Potion"},{"floor":16,"key":"Poison Potion"},{"floor":19,"key":"EssenceOfSteel"},{"floor":22,"key":"PowerPotion"}],"is_trial":false,"path_per_floor":["M","M","?","M","M","R","?","E","T","R","$","R","T","M","R","B",null,"M","M","?","?","M","R","M","R","T","M","E","M","R","M","R","B"],"character_chosen":"IRONCLAD","items_purchased":["Membership Card","Evolve"],"campfire_rested":0,"item_purchase_floors":[11,11],"current_hp_per_floor":[58,51,51,55,61,61,61,31,31,31,31,31,31,40,40,34,69,68,58,80,80,64,64,65,65,65,74,31,39,39,48,48,0],"gold":284,"neow_bonus":"THREE_CARDS","is_prod":false,"is_daily":false,"chose_seed":false,"campfire_upgraded":8,"win_rate":0,"timestamp":1554241184,"path_taken":["M","M","?","M","M","R","?","E","T","R","$","R","?","M","R","BOSS","M","M","?","?","?","R","M","R","T","M","E","M","R","M","R","BOSS"],"build_version":"2019-01-23","purchased_purges":1,"victory":false,"max_hp_per_floor":[80,80,80,80,80,80,80,80,80,80,80,80,80,80,80,80,80,80,80,80,80,80,80,80,80,80,80,80,80,80,80,80,80],"card_choices":[{"not_picked":["Blood for Blood","Iron Wave"],"picked":"Searing Blow","floor":0},{"not_picked":["Pommel Strike","Iron Wave","Havoc"],"picked":"SKIP","floor":1},{"not_picked":["Searing Blow","Wild Strike"],"picked":"Power Through","floor":2},{"not_picked":["Searing Blow","Anger"],"picked":"Metallicize","floor":4},{"not_picked":["Body Slam","Entrench"],"picked":"Impervious","floor":5},{"not_picked":["Iron Wave","Searing Blow","Inflame"],"picked":"SKIP","floor":8},{"not_picked":["Heavy Blade","Clash","Warcry"],"picked":"SKIP","floor":14},{"not_picked":["Brutality","Double Tap"],"picked":"Fiend Fire","floor":16},{"not_picked":["Cleave","Spot Weakness"],"picked":"Shrug It Off+1","floor":18},{"not_picked":["Perfected Strike","Entrench+1"],"picked":"Armaments","floor":19},{"not_picked":["Armaments","Shockwave"],"picked":"Dual Wield","floor":22},{"not_picked":["Combust","Havoc","Blood for Blood+1"],"picked":"SKIP","floor":24},{"not_picked":["True Grit","Havoc"],"picked":"Armaments","floor":27},{"not_picked":["Warcry+1","Sword Boomerang"],"picked":"Dual Wield+1","floor":28},{"not_picked":["Perfected Strike+1","Thunderclap","Reckless Charge"],"picked":"SKIP","floor":29},{"not_picked":["Seeing Red","Reaper"],"picked":"Power Through","floor":31}],"player_experience":132381,"relics_obtained":[{"floor":8,"key":"Magic Flower"},{"floor":9,"key":"Peace Pipe"},{"floor":13,"key":"Vajra"},{"floor":26,"key":"Dream Catcher"},{"floor":28,"key":"Mercury Hourglass"}],"event_choices":[{"damage_healed":0,"gold_gain":0,"player_choice":"Grow","damage_taken":0,"max_hp_gain":0,"max_hp_loss":0,"event_name":"Living Wall","floor":3,"gold_loss":0,"cards_upgraded":["Searing Blow"]},{"damage_healed":0,"gold_gain":80,"player_choice":"Gained Gold","damage_taken":0,"max_hp_gain":0,"max_hp_loss":0,"event_name":"Golden Wing","floor":7,"gold_loss":0},{"damage_healed":26,"gold_gain":0,"player_choice":"Heal","damage_taken":0,"max_hp_gain":0,"max_hp_loss":0,"event_name":"The Library","floor":20,"gold_loss":0},{"damage_healed":0,"gold_gain":0,"player_choice":"Forge","damage_taken":0,"max_hp_gain":0,"max_hp_loss":0,"event_name":"Accursed Blacksmith","floor":21,"gold_loss":0,"cards_upgraded":["Searing Blow"]}],"is_beta":false,"boss_relics":[{"not_picked":["Runic Cube","Runic Dome"],"picked":"Empty Cage"}],"items_purged_floors":[11],"is_endless":false,"potions_floor_spawned":[2,14,16,19,22,27],"killed_by":"Automaton","ascension_level":7}