{"gold_per_floor":[113,133,5,5,5,5,20,54,54,54,88,101,101,120,120,218,218,233,249,265,265],"floor_reached":21,"playtime":1131,"items_purged":[],"score":258,"play_id":"cfbcc81d-c51d-4572-9905-dc597d9c57df","local_time":"20190402155120","is_ascension_mode":true,"campfire_choices":[{"data":"Strike_R","floor":13,"key":"PURGE"},{"data":"Flame Barrier","floor":15,"key":"SMITH"}],"neow_cost":"NONE","seed_source_timestamp":39175225702360,"circlet_count":0,"master_deck":["Strike_R","Strike_R","Strike_R","Defend_R","Defend_R","Defend_R","Defend_R","Bash","Infernal Blade","Whirlwind+1","Flame Barrier+1","Battle Trance","Clothesline","Clash","Shrug It Off+1","Shrug It Off+1","Reaper","Twin Strike","Sever Soul","Armaments+1"],"relics":["Black Blood","Toxic Egg 2","Mummified Hand","Peace Pipe"],"potions_floor_usage":[8,12,14,16,20],"damage_taken":[{"damage":12,"enemies":"2 Louse","floor":1,"turns":3},{"damage":3,"enemies":"Jaw Worm","floor":2,"turns":5},{"damage":0,"enemies":"Small Slimes","floor":7,"turns":3},{"damage":40,"enemies":"Lagavulin","floor":8,"turns":5},{"damage":15,"enemies":"3 Sentries","floor":11,"turns":7},{"damage":0,"enemies":"Gremlin Gang","floor":12,"turns":1},{"damage":0,"enemies":"Lots of Slimes","floor":14,"turns":1},{"damage":36,"enemies":"Slime Boss","floor":16,"turns":12},{"damage":12,"enemies":"Shell Parasite","floor":18,"turns":9},{"damage":43,"enemies":"Spheric Guardian","floor":19,"turns":8},{"damage":62,"enemies":"Cultist and Chosen","floor":20,"turns":11},{"damage":12,"enemies":"Masked Bandits","floor":21,"turns":1}],"seed_played":"1572259376754913054","potions_obtained":[{"floor":1,"key":"PowerPotion"},{"floor":8,"key":"Ancient Potion"},{"floor":12,"key":"GamblersBrew"},{"floor":14,"key":"Fire Potion"},{"floor":19,"key":"Regen Potion"}],"is_trial":false,"path_per_floor":["M","M","$","?","?","?","M","E","T","?","E","M","R","M","R","B",null,"M","M","M","?"],"character_chosen":"IRONCLAD","items_purchased":["Flame Barrier","SteroidPotion"],"campfire_rested":0,"item_purchase_floors":[3,3],"current_hp_per_floor":[74,77,77,82,82,82,88,54,54,54,45,51,51,57,57,27,77,75,46,11,0],"gold":265,"neow_bonus":"TEN_PERCENT_HP_BONUS","is_prod":false,"is_daily":false,"chose_seed":false,"campfire_upgraded":1,"win_rate":0,"timestamp":1554245480,"path_taken":["M","M","$","?","?","?","M","E","T","?","E","?","R","M","R","BOSS","M","M","?","?"],"build_version":"2019-01-23","purchased_purges":0,"victory":false,"max_hp_per_floor":[88,88,88,93,93,93,93,93,93,93,93,93,93,93,93,93,93,93,93,93,93],"card_choices":[{"not_picked":["Thunderclap","Warcry"],"picked":"Infernal Blade","floor":1},{"not_picked":["Carnage","Entrench"],"picked":"Whirlwind","floor":2},{"not_picked":["Warcry","Infernal Blade"],"picked":"Battle Trance","floor":7},{"not_picked":["Seeing Red","Cleave"],"picked":"Clothesline","floor":8},{"not_picked":["Clothesline","Headbutt"],"picked":"Shrug It Off+1","floor":11},{"not_picked":["Bloodletting+1","Sever Soul"],"picked":"Shrug It Off+1","floor":12},{"not_picked":["Wild Strike","Body Slam","Combust"],"picked":"SKIP","floor":14},{"not_picked":["Impervious+1","Brutality"],"picked":"Reaper","floor":16},{"not_picked":["Clothesline","Heavy Blade+1"],"picked":"Twin Strike","floor":18},{"not_picked":["Clash","Entrench+1"],"picked":"Sever Soul","floor":19},{"not_picked":["Anger","True Grit+1"],"picked":"Armaments+1","floor":20}],"player_experience":355602,"relics_obtained":[{"floor":8,"key":"Toxic Egg 2"},{"floor":9,"key":"Mummified Hand"},{"floor":11,"key":"Peace Pipe"}],"event_choices":[{"damage_healed":0,"gold_gain":0,"player_choice":"Donut","damage_taken":0,"max_hp_gain":5,"max_hp_loss":0,"event_name":"Big Fish","floor":4,"gold_loss":0},{"damage_healed":0,"gold_gain":0,"player_choice":"Grow","damage_taken":0,"max_hp_gain":0,"max_hp_loss":0,"event_name":"Living Wall","floor":5,"gold_loss":0,"cards_upgraded":["Whirlwind"]},{"damage_healed":0,"gold_gain":0,"player_choice":"Ignored","damage_taken":0,"max_hp_gain":0,"max_hp_loss":0,"event_name":"Liars Game","floor":6,"gold_loss":0},{"damage_healed":0,"gold_gain":0,"cards_transformed":["Strike_R"],"player_choice":"Transformed","damage_taken":0,"max_hp_gain":0,"max_hp_loss":0,"event_name":"Transmorgrifier","floor":10,"gold_loss":0,"cards_obtained":["Clash"]},{"damage_healed":0,"gold_gain":0,"player_choice":"Fought Bandits","damage_taken":0,"max_hp_gain":0,"max_hp_loss":0,"event_name":"Masked Bandits","floor":21,"gold_loss":0}],"is_beta":false,"boss_relics":[{"not_picked":["Runic Dome","Philosopher\u0027s Stone"],"picked":"Black Blood"}],"items_purged_floors":[],"is_endless":false,"potions_floor_spawned":[1,8,12,14,19],"killed_by":"Masked Bandits","ascension_level":7}