{"gold_per_floor":[109,109,109,59,82,82,96,96,96,139,139,153,194,214,214,334,334,359,359,359,46,67,67,111,124,124,168,182,182,97,137,137,267,267,286,101,101,1,25,25,48,83,162,162,182,182,182,202,202,202],"floor_reached":51,"playtime":3952,"items_purged":["Strike_G","Defend_G"],"score":779,"play_id":"d8647807-594f-40d1-b249-577c01041864","local_time":"20190313194102","is_ascension_mode":true,"campfire_choices":[{"data":"Neutralize","floor":6,"key":"SMITH"},{"data":"Poisoned Stab","floor":8,"key":"SMITH"},{"floor":11,"key":"REST"},{"data":"Dodge and Roll","floor":15,"key":"SMITH"},{"floor":23,"key":"REST"},{"floor":29,"key":"REST"},{"data":"Apotheosis","floor":32,"key":"SMITH"},{"data":"Footwork","floor":40,"key":"SMITH"},{"data":"Storm of Steel","floor":47,"key":"SMITH"},{"data":"Choke","floor":49,"key":"SMITH"}],"neow_cost":"NONE","seed_source_timestamp":32585598303699,"circlet_count":0,"master_deck":["Defend_G","Defend_G","Defend_G","Strike_G","Survivor","Neutralize+1","Backflip","Poisoned Stab+1","Dodge and Roll+1","Poisoned Stab","Bane","Dagger Spray","Bane","Malaise","Necronomicurse","Footwork+1","Blur","Apotheosis+1","Deflect+1","Dagger Spray+1","Bouncing Flask","PiercingWail","Crippling Poison","Blade Dance","Malaise","Deadly Poison","Choke+1","Infinite Blades","Blur+1","Escape Plan+1","Parasite","Storm of Steel+1","Parasite"],"relics":["Ring of the Snake","NeowsBlessing","Golden Idol","Torii","Oddly Smooth Stone","Kunai","Cursed Key","Necronomicon","Question Card","Dead Branch","Strawberry","Mercury Hourglass","Gremlin Horn","Empty Cage","Bag of Preparation","Letter Opener","Pear","Spirit Poop"],"potions_floor_usage":[16,16,27,33,39,39,42,48,50],"damage_taken":[{"damage":0,"enemies":"Cultist","floor":1,"turns":1},{"damage":0,"enemies":"2 Louse","floor":5,"turns":1},{"damage":0,"enemies":"Small Slimes","floor":7,"turns":1},{"damage":16,"enemies":"3 Sentries","floor":10,"turns":11},{"damage":1,"enemies":"2 Fungi Beasts","floor":12,"turns":4},{"damage":9,"enemies":"Gremlin Nob","floor":13,"turns":4},{"damage":0,"enemies":"Blue Slaver","floor":14,"turns":3},{"damage":10,"enemies":"The Guardian","floor":16,"turns":9},{"damage":1,"enemies":"Spheric Guardian","floor":18,"turns":5},{"damage":0,"enemies":"Shell Parasite","floor":22,"turns":5},{"damage":11,"enemies":"Slavers","floor":24,"turns":7},{"damage":0,"enemies":"Shelled Parasite and Fungi","floor":25,"turns":6},{"damage":0,"enemies":"Gremlin Leader","floor":27,"turns":6},{"damage":1,"enemies":"Chosen and Byrds","floor":28,"turns":6},{"damage":1,"enemies":"Book of Stabbing","floor":31,"turns":6},{"damage":9,"enemies":"Collector","floor":33,"turns":10},{"damage":0,"enemies":"3 Darklings","floor":35,"turns":4},{"damage":0,"enemies":"Orb Walker","floor":39,"turns":4},{"damage":0,"enemies":"Maw","floor":41,"turns":7},{"damage":0,"enemies":"Nemesis","floor":42,"turns":8},{"damage":0,"enemies":"4 Shapes","floor":45,"turns":3},{"damage":4,"enemies":"Writhing Mass","floor":48,"turns":5},{"damage":35,"enemies":"Awakened One","floor":50,"turns":14}],"seed_played":"5927804225336978653","potions_obtained":[{"floor":13,"key":"EssenceOfSteel"},{"floor":14,"key":"SteroidPotion"},{"floor":22,"key":"GamblersBrew"},{"floor":24,"key":"Fire Potion"},{"floor":27,"key":"GamblersBrew"},{"floor":31,"key":"Block Potion"},{"floor":33,"key":"EssenceOfSteel"},{"floor":35,"key":"Poison Potion"},{"floor":41,"key":"FearPotion"},{"floor":45,"key":"GhostInAJar"}],"is_trial":false,"path_per_floor":["M","?","?","?","M","R","M","R","T","E","R","M","E","M","R","B",null,"M","?","?","$","M","R","E","M","T","E","M","R","?","E","R","B",null,"M","$","?","$","M","R","M","E","T","T","M","?","R","M","R","B",null],"character_chosen":"THE_SILENT","items_purchased":["Footwork","Blur","Apotheosis","Choke","Infinite Blades"],"campfire_rested":3,"item_purchase_floors":[21,21,21,36,36],"current_hp_per_floor":[70,65,58,58,58,58,58,58,58,42,61,60,51,51,51,41,65,64,48,48,48,48,65,54,54,54,61,60,72,72,71,71,62,69,69,69,69,69,69,69,69,69,69,79,79,79,79,75,75,40],"gold":202,"neow_bonus":"THREE_ENEMY_KILL","is_prod":false,"is_daily":false,"chose_seed":false,"campfire_upgraded":7,"win_rate":0,"timestamp":1552502462,"path_taken":["M","?","?","?","M","R","M","R","T","E","R","M","E","M","R","BOSS","M","?","?","$","M","R","E","M","T","E","?","R","?","E","R","BOSS","M","$","?","$","?","R","M","E","T","?","M","?","R","M","R","BOSS"],"build_version":"2019-01-23","purchased_purges":2,"victory":true,"max_hp_per_floor":[70,65,65,65,65,65,65,65,65,65,65,65,65,65,65,65,65,65,65,65,65,65,65,65,65,65,72,72,72,72,72,72,72,69,69,69,69,69,69,69,69,69,69,79,79,79,79,79,79,79],"card_choices":[{"not_picked":["Blade Dance","Underhanded Strike"],"picked":"Backflip","floor":1},{"not_picked":["PiercingWail","Dash"],"picked":"Poisoned Stab","floor":5},{"not_picked":["Dagger Throw","Cloak And Dagger"],"picked":"Dodge and Roll","floor":7},{"not_picked":["Heel Hook","Dash"],"picked":"Poisoned Stab","floor":10},{"not_picked":["Deadly Poison","Dagger Throw"],"picked":"Bane","floor":12},{"not_picked":["Predator","Grand Finale"],"picked":"Dagger Spray","floor":13},{"not_picked":["Prepared","Outmaneuver"],"picked":"Bane","floor":14},{"not_picked":["Tools of the Trade","Phantasmal Killer"],"picked":"Malaise","floor":16},{"not_picked":["Cloak And Dagger","Deflect","Acrobatics"],"picked":"SKIP","floor":18},{"not_picked":["All Out Attack","Outmaneuver+1"],"picked":"Deflect+1","floor":22},{"not_picked":["All Out Attack+1","Setup+1"],"picked":"Dagger Spray+1","floor":24},{"not_picked":["Setup","Underhanded Strike","Flying Knee"],"picked":"Bouncing Flask","floor":25},{"not_picked":["Deflect","Prepared","Sucker Punch+1"],"picked":"PiercingWail","floor":27},{"not_picked":["Adrenaline","PiercingWail+1","Distraction+1"],"picked":"Crippling Poison","floor":28},{"not_picked":["Backstab","Dagger Throw","Predator"],"picked":"Blade Dance","floor":31},{"not_picked":["Unload","Phantasmal Killer","Adrenaline"],"picked":"Malaise","floor":33},{"not_picked":["Catalyst","Quick Slash","Cloak And Dagger"],"picked":"Deadly Poison","floor":35},{"not_picked":["Underhanded Strike","Outmaneuver+1","Dagger Spray","Bane+1"],"picked":"SKIP","floor":39},{"not_picked":["Backflip","Blade Dance","Noxious Fumes+1"],"picked":"Blur+1","floor":41},{"not_picked":["Expertise+1","Leg Sweep+1","Blade Dance"],"picked":"Escape Plan+1","floor":42},{"not_picked":["Cloak And Dagger","Reflex","Deadly Poison+1"],"picked":"Storm of Steel","floor":45},{"not_picked":["Reflex","Dagger Spray","Deflect+1","Blade Dance+1"],"picked":"SKIP","floor":48}],"player_experience":146016,"relics_obtained":[{"floor":9,"key":"Torii"},{"floor":10,"key":"Oddly Smooth Stone"},{"floor":13,"key":"Kunai"},{"floor":19,"key":"Necronomicon"},{"floor":24,"key":"Question Card"},{"floor":26,"key":"Dead Branch"},{"floor":27,"key":"Strawberry"},{"floor":31,"key":"Gremlin Horn"},{"floor":42,"key":"Bag of Preparation"},{"floor":43,"key":"Letter Opener"},{"floor":44,"key":"Pear"}],"event_choices":[{"damage_healed":0,"gold_gain":0,"player_choice":"Lose Max HP","damage_taken":0,"relics_obtained":["Golden Idol"],"max_hp_gain":0,"max_hp_loss":5,"event_name":"Golden Idol","floor":2,"gold_loss":0},{"cards_removed":["Defend_G"],"damage_healed":0,"gold_gain":0,"player_choice":"Card Removal","damage_taken":7,"max_hp_gain":0,"max_hp_loss":0,"event_name":"Golden Wing","floor":3,"gold_loss":0},{"cards_removed":["Strike_G"],"damage_healed":0,"gold_gain":0,"player_choice":"Card Removal","damage_taken":0,"max_hp_gain":0,"max_hp_loss":0,"event_name":"The Cleric","floor":4,"gold_loss":50},{"damage_healed":0,"gold_gain":0,"player_choice":"Obtained Book","damage_taken":16,"max_hp_gain":0,"max_hp_loss":0,"event_name":"Cursed Tome","floor":19,"gold_loss":0},{"damage_healed":0,"gold_gain":0,"player_choice":"Bought 0 Potions","damage_taken":0,"max_hp_gain":0,"max_hp_loss":0,"event_name":"The Woman in Blue","floor":20,"gold_loss":0},{"damage_healed":0,"gold_gain":0,"player_choice":"Obtained Relic","damage_taken":0,"relics_obtained":["Mercury Hourglass"],"max_hp_gain":0,"max_hp_loss":0,"event_name":"Addict","floor":30,"gold_loss":85},{"cards_removed":["Strike_G"],"damage_healed":0,"gold_gain":0,"player_choice":"Purged","damage_taken":0,"max_hp_gain":0,"max_hp_loss":0,"event_name":"Purifier","floor":37,"gold_loss":0},{"cards_removed":["Doubt"],"damage_healed":0,"gold_gain":0,"player_choice":"Offered Curse","damage_taken":0,"relics_obtained":["Spirit Poop"],"max_hp_gain":0,"max_hp_loss":0,"event_name":"Bonfire Elementals","floor":46,"gold_loss":0}],"is_beta":false,"boss_relics":[{"not_picked":["Coffee Dripper","Ectoplasm"],"picked":"Cursed Key"},{"not_picked":["Busted Crown","Sozu"],"picked":"Empty Cage"}],"items_purged_floors":[36,38],"is_endless":false,"potions_floor_spawned":[13,14,22,24,27,31,33,35,41,45],"ascension_level":1}