{"gold_per_floor":[119,139,53,53,3,3,36,55,81,113,113,148,158,168,168,168],"floor_reached":16,"playtime":638,"items_purged":[],"score":240,"play_id":"dcd34d18-1418-4ff7-853e-51be957fc582","local_time":"20190430182351","is_ascension_mode":true,"campfire_choices":[{"data":"Whirlwind","floor":6,"key":"SMITH"},{"data":"Whirlwind","floor":11,"key":"SMITH"},{"data":"Shrug It Off","floor":15,"key":"SMITH"}],"neow_cost":"NONE","seed_source_timestamp":3270542468018566,"circlet_count":0,"master_deck":["AscendersBane","Strike_R","Strike_R","Strike_R","Strike_R","Strike_R","Defend_R","Defend_R","Defend_R","Defend_R+1","Bash+1","Evolve","Dropkick+1","Whirlwind+1","Dropkick","Whirlwind+1","Metallicize","Body Slam+1","True Grit","Shrug It Off+1"],"relics":["Burning Blood","Centennial Puzzle","Blood Vial","Bag of Marbles","Incense Burner","Molten Egg 2"],"potions_floor_usage":[2,4,12,13,16],"damage_taken":[{"damage":2,"enemies":"2 Louse","floor":1,"turns":3},{"damage":4,"enemies":"Small Slimes","floor":2,"turns":4},{"damage":30,"enemies":"3 Sentries","floor":7,"turns":4},{"damage":0,"enemies":"Cultist","floor":8,"turns":2},{"damage":41,"enemies":"Lagavulin","floor":10,"turns":8},{"damage":8,"enemies":"Gremlin Nob","floor":12,"turns":3},{"damage":0,"enemies":"Blue Slaver","floor":13,"turns":5},{"damage":14,"enemies":"Exordium Thugs","floor":14,"turns":2},{"damage":11,"enemies":"Hexaghost","floor":16,"turns":9}],"seed_played":"-280389080167242813","potions_obtained":[{"floor":1,"key":"Energy Potion"},{"floor":2,"key":"Fruit Juice"},{"floor":8,"key":"LiquidBronze"},{"floor":10,"key":"Block Potion"},{"floor":14,"key":"SkillPotion"}],"is_trial":false,"path_per_floor":["M","M","$","?","?","R","E","M","T","E","R","E","M","M","R","B"],"character_chosen":"IRONCLAD","items_purchased":["Whirlwind"],"campfire_rested":0,"item_purchase_floors":[3],"current_hp_per_floor":[72,74,74,56,56,56,32,40,40,7,7,7,15,9,9,0],"gold":168,"neow_bonus":"UPGRADE_CARD","is_prod":false,"is_daily":false,"chose_seed":false,"campfire_upgraded":3,"win_rate":0,"timestamp":1556645031,"path_taken":["M","M","$","?","?","R","E","M","T","E","R","E","?","M","R","BOSS"],"build_version":"2019-01-23","purchased_purges":0,"victory":false,"max_hp_per_floor":[75,75,75,80,80,80,80,80,80,80,80,80,80,80,80,80],"card_choices":[{"not_picked":["Combust","Warcry"],"picked":"Evolve","floor":1},{"not_picked":["Cleave","Ghostly Armor"],"picked":"Dropkick","floor":2},{"not_picked":["Heavy Blade","Fire Breathing"],"picked":"Dropkick","floor":7},{"not_picked":["Twin Strike","Inflame"],"picked":"Whirlwind","floor":8},{"not_picked":["Cleave","Thunderclap"],"picked":"Metallicize","floor":10},{"not_picked":["Limit Break","Pommel Strike"],"picked":"Body Slam","floor":12},{"not_picked":["Perfected Strike+1","Sever Soul+1"],"picked":"True Grit","floor":13},{"not_picked":["Dual Wield","Sword Boomerang+1"],"picked":"Shrug It Off","floor":14}],"player_experience":265933,"relics_obtained":[{"floor":7,"key":"Blood Vial"},{"floor":9,"key":"Bag of Marbles"},{"floor":10,"key":"Incense Burner"},{"floor":12,"key":"Molten Egg 2"}],"event_choices":[{"damage_healed":0,"gold_gain":0,"player_choice":"Entered Light","damage_taken":23,"max_hp_gain":0,"max_hp_loss":0,"event_name":"Shining Light","floor":4,"gold_loss":0,"cards_upgraded":["Dropkick","Defend_R"]},{"damage_healed":0,"gold_gain":0,"player_choice":"Paid Gold","damage_taken":0,"relics_obtained":["Centennial Puzzle"],"max_hp_gain":0,"max_hp_loss":0,"event_name":"WeMeetAgain","floor":5,"gold_loss":50}],"is_beta":false,"boss_relics":[],"items_purged_floors":[],"is_endless":false,"potions_floor_spawned":[1,2,8,10,14],"killed_by":"Hexaghost","ascension_level":20}