{"gold_per_floor":[111,61,81,81,98,98,133,10,10,30,62,82,82,102,102,207,207,218,218,218,231,242,242,257,257,257,284,284,296,296,319,319,414,414,431,311,364,384,384,719,730,730,730,730,744,757,757,771,771,771],"floor_reached":51,"playtime":1779,"items_purged":["Defend_R","Strike_R+1"],"score":784,"play_id":"9c092221-fee6-46b6-86bb-6002db2064bb","local_time":"20180915124536","is_ascension_mode":false,"campfire_choices":[{"data":"Bash","floor":6,"key":"SMITH"},{"data":"Limit Break","floor":15,"key":"SMITH"},{"data":"Inflame","floor":23,"key":"SMITH"},{"data":"Dual Wield","floor":25,"key":"SMITH"},{"data":"Clash","floor":28,"key":"SMITH"},{"floor":32,"key":"REST"},{"floor":44,"key":"REST"},{"floor":49,"key":"REST"}],"neow_cost":"NONE","seed_source_timestamp":136827074580967,"circlet_count":0,"master_deck":["Strike_R+1","Strike_R+1","Strike_R+1","Defend_R+1","Defend_R+1","Defend_R+1","Bash+1","Inflame+1","Twin Strike+1","Clash+1","Limit Break+1","Clash+1","Dropkick+1","Dual Wield+1","Metallicize+1","Metallicize+1","Headbutt","Metallicize+1","Rage"],"relics":["Burning Blood","Potion Belt","Singing Bowl","Matryoshka","Mercury Hourglass","Eternal Feather","MutagenicStrength","Smiling Mask","Torii","Unceasing Top","Bag of Marbles","Frozen Egg 2","Whetstone","Black Star","Mango","Pear","Old Coin","Ice Cream","Shuriken","Du-Vu Doll"],"potions_floor_usage":[7,27,37,46,50,50,50,50],"damage_taken":[{"damage":9,"enemies":"2 Louse","floor":1,"turns":4},{"damage":1,"enemies":"Jaw Worm","floor":3,"turns":5},{"damage":1,"enemies":"Cultist","floor":5,"turns":3},{"damage":14,"enemies":"Gremlin Nob","floor":7,"turns":3},{"damage":11,"enemies":"3 Louse","floor":10,"turns":4},{"damage":26,"enemies":"Lagavulin","floor":11,"turns":5},{"damage":9,"enemies":"Blue Slaver","floor":12,"turns":3},{"damage":0,"enemies":"Large Slime","floor":14,"turns":4},{"damage":35,"enemies":"Hexaghost","floor":16,"turns":7},{"damage":17,"enemies":"Shell Parasite","floor":18,"turns":4},{"damage":0,"enemies":"Spheric Guardian","floor":21,"turns":2},{"damage":13,"enemies":"Snake Plant","floor":22,"turns":3},{"damage":2,"enemies":"Cultist and Chosen","floor":24,"turns":4},{"damage":8,"enemies":"Book of Stabbing","floor":27,"turns":3},{"damage":12,"enemies":"Centurion and Healer","floor":29,"turns":3},{"damage":48,"enemies":"Collector","floor":33,"turns":8},{"damage":0,"enemies":"3 Shapes","floor":35,"turns":1},{"damage":10,"enemies":"Mysterious Sphere","floor":37,"turns":10},{"damage":7,"enemies":"3 Darklings","floor":38,"turns":5},{"damage":24,"enemies":"Giant Head","floor":40,"turns":6},{"damage":26,"enemies":"Reptomancer","floor":41,"turns":7},{"damage":28,"enemies":"Spire Growth","floor":45,"turns":9},{"damage":10,"enemies":"4 Shapes","floor":46,"turns":7},{"damage":1,"enemies":"Mind Bloom Boss Battle","floor":47,"turns":8},{"damage":2,"enemies":"Reptomancer","floor":48,"turns":7},{"damage":61,"enemies":"Donu and Deca","floor":50,"turns":8}],"seed_played":"601835434167101220","potions_obtained":[{"floor":1,"key":"SteroidPotion"},{"floor":10,"key":"EssenceOfSteel"},{"floor":14,"key":"BloodPotion"},{"floor":16,"key":"SteroidPotion"},{"floor":24,"key":"Fire Potion"},{"floor":27,"key":"Dexterity Potion"},{"floor":33,"key":"Block Potion"},{"floor":38,"key":"Explosive Potion"},{"floor":40,"key":"Weak Potion"},{"floor":41,"key":"PowerPotion"},{"floor":47,"key":"Block Potion"}],"is_trial":false,"path_per_floor":["M","?","M","?","M","R","E","$","T","M","E","M","$","M","R","B",null,"M","?","?","M","M","R","M","R","T","E","R","M","T","T","R","B",null,"M","$","?","M","?","E","M","?","T","R","M","M","?","M","R","B"],"character_chosen":"IRONCLAD","items_purchased":["Clash","Metallicize+1"],"campfire_rested":3,"item_purchase_floors":[8,36],"current_hp_per_floor":[77,77,80,85,85,85,79,79,79,76,56,53,53,61,61,34,93,84,84,84,92,85,91,95,97,97,95,97,93,93,93,99,59,101,103,103,113,114,124,106,88,90,90,133,113,111,116,122,139,84],"gold":771,"neow_bonus":"RANDOM_COMMON_RELIC","is_prod":false,"is_daily":false,"chose_seed":false,"campfire_upgraded":5,"win_rate":0,"timestamp":1537040736,"path_taken":["M","?","?","?","M","R","E","?","T","M","E","?","$","M","R","BOSS","M","?","?","M","M","R","M","R","T","E","R","?","?","?","R","BOSS","M","$","?","?","?","E","M","?","T","R","M","?","?","?","R","BOSS"],"build_version":"2018-09-06","purchased_purges":2,"victory":true,"max_hp_per_floor":[80,80,80,85,85,85,87,87,87,89,89,89,89,91,91,93,93,95,95,95,97,97,97,97,97,97,97,97,99,99,99,99,101,101,103,103,117,119,129,129,131,133,133,133,135,137,137,139,139,139],"card_choices":[{"not_picked":["Seeing Red","Anger"],"picked":"Inflame","floor":1},{"not_picked":["Havoc","Body Slam"],"picked":"Twin Strike","floor":3},{"not_picked":["Anger","Uppercut","Battle Trance"],"picked":"SKIP","floor":5},{"not_picked":["Shrug It Off","Pommel Strike","Corruption"],"picked":"Singing Bowl","floor":7},{"not_picked":["Bloodletting","Barricade","Body Slam"],"picked":"Singing Bowl","floor":10},{"not_picked":["Headbutt","Cleave"],"picked":"Limit Break","floor":11},{"not_picked":["Warcry","Inflame"],"picked":"Clash","floor":12},{"not_picked":["Wild Strike","Evolve","Power Through"],"picked":"Singing Bowl","floor":14},{"not_picked":["Bludgeon","Brutality","Barricade"],"picked":"Singing Bowl","floor":16},{"not_picked":["Cleave","Combust","Anger"],"picked":"Singing Bowl","floor":18},{"not_picked":["Cleave","True Grit","Headbutt"],"picked":"Singing Bowl","floor":21},{"not_picked":["Burning Pact","Pummel+1"],"picked":"Dropkick+1","floor":22},{"not_picked":["Power Through","Anger+1"],"picked":"Dual Wield","floor":24},{"not_picked":["Offering","Thunderclap+1"],"picked":"Metallicize+1","floor":27},{"not_picked":["Hemokinesis","Pummel","Fire Breathing"],"picked":"Singing Bowl","floor":29},{"not_picked":["Berserk+1","Reaper","Brutality+1"],"picked":"Singing Bowl","floor":33},{"not_picked":["Shrug It Off+1","Intimidate","Havoc"],"picked":"Singing Bowl","floor":35},{"not_picked":["Seeing Red","Body Slam"],"picked":"Headbutt","floor":37},{"not_picked":["Iron Wave","Seeing Red+1","Searing Blow+1"],"picked":"Singing Bowl","floor":38},{"not_picked":["Heavy Blade+1","Brutality+1"],"picked":"Metallicize+1","floor":40},{"not_picked":["Clothesline+1","Searing Blow+1","Shockwave"],"picked":"Singing Bowl","floor":41},{"not_picked":["Magnetism+1","Impatience","Secret Weapon"],"picked":"Singing Bowl","floor":42},{"not_picked":["Carnage+1","Wild Strike+1","Shrug It Off"],"picked":"Singing Bowl","floor":45},{"not_picked":["Clash","Bloodletting+1","Clothesline"],"picked":"Singing Bowl","floor":46},{"not_picked":["Twin Strike","Headbutt+1"],"picked":"Rage","floor":47},{"not_picked":["Sword Boomerang","Ghostly Armor","Clash+1"],"picked":"Singing Bowl","floor":48}],"player_experience":226901,"relics_obtained":[{"floor":7,"key":"Singing Bowl"},{"floor":9,"key":"Matryoshka"},{"floor":11,"key":"Mercury Hourglass"},{"floor":26,"key":"Smiling Mask"},{"floor":26,"key":"Torii"},{"floor":27,"key":"Unceasing Top"},{"floor":30,"key":"Bag of Marbles"},{"floor":30,"key":"Frozen Egg 2"},{"floor":31,"key":"Whetstone"},{"floor":37,"key":"Mango"},{"floor":40,"key":"Old Coin"},{"floor":40,"key":"Ice Cream"},{"floor":43,"key":"Shuriken"},{"floor":47,"key":"Du-Vu Doll"}],"event_choices":[{"event_name":"The Cleric","player_choice":"Card Removal","floor":2,"damage_taken":0},{"event_name":"Big Fish","player_choice":"Donut","floor":4,"damage_taken":0},{"event_name":"Drug Dealer","player_choice":"Inject Mutagens","floor":19,"damage_taken":0},{"event_name":"Back to Basics","player_choice":"Simplicity","floor":20,"damage_taken":0},{"event_name":"Mysterious Sphere","player_choice":"Fight","floor":37,"damage_taken":0},{"event_name":"WeMeetAgain","player_choice":"Potion","floor":39,"damage_taken":0},{"event_name":"SensoryStone","player_choice":"Memory 1","floor":42,"damage_taken":0},{"event_name":"MindBloom","player_choice":"Fight","floor":47,"damage_taken":0}],"is_beta":false,"boss_relics":[{"not_picked":["Ectoplasm","Calling Bell"],"picked":"Eternal Feather"},{"not_picked":["Cursed Key","Black Blood"],"picked":"Black Star"}],"items_purged_floors":[8,36],"is_endless":false,"potions_floor_spawned":[1,10,14,16,24,27,33,38,40,41,47],"ascension_level":0}