{"gold_per_floor":[10,285,303,303,314,314,346,365,412,423,423,441,1,1,1,97,97,114,114],"floor_reached":19,"playtime":637,"items_purged":["Regret"],"score":194,"play_id":"7f4ed12d-ac08-4c17-9501-4b273aef6f5a","local_time":"20190412203226","is_ascension_mode":true,"campfire_choices":[{"floor":6,"key":"REST"},{"floor":15,"key":"REST"}],"neow_cost":"NO_GOLD","seed_source_timestamp":266973372083991,"circlet_count":0,"master_deck":["Strike_B","Strike_B+1","Strike_B","Strike_B","Defend_B","Defend_B","Defend_B","Defend_B+1","Zap","Dualcast","Consume","Ball Lightning","Defragment","Reinforced Body","Parasite","Streamline","Mayhem+1","Discovery","Sweeping Beam","All For One","Injury","Normality","Shame","Capacitor"],"relics":["Cracked Core","Bottled Tornado","Calling Bell","Art of War","Toxic Egg 2","Pocketwatch"],"potions_floor_usage":[7,8,12,16],"damage_taken":[{"damage":4,"enemies":"Small Slimes","floor":1,"turns":3},{"damage":9,"enemies":"Cultist","floor":3,"turns":3},{"damage":14,"enemies":"Jaw Worm","floor":5,"turns":2},{"damage":35,"enemies":"Gremlin Nob","floor":7,"turns":4},{"damage":15,"enemies":"Looter","floor":8,"turns":3},{"damage":4,"enemies":"Blue Slaver","floor":10,"turns":3},{"damage":10,"enemies":"Large Slime","floor":12,"turns":5},{"damage":48,"enemies":"Slime Boss","floor":16,"turns":8},{"damage":26,"enemies":"Spheric Guardian","floor":18,"turns":4},{"damage":44,"enemies":"Colosseum Slavers","floor":19,"turns":3}],"seed_played":"7941187286794595720","potions_obtained":[{"floor":5,"key":"SteroidPotion"},{"floor":7,"key":"AttackPotion"},{"floor":10,"key":"EssenceOfSteel"}],"is_trial":false,"path_per_floor":["M","?","M","?","M","R","E","M","T","M","?","M","$","?","R","B",null,"M","?"],"character_chosen":"DEFECT","items_purchased":["Mayhem","Discovery","Regen Potion","Sweeping Beam"],"campfire_rested":2,"item_purchase_floors":[13,13,13,13],"current_hp_per_floor":[85,85,76,58,44,70,35,20,20,16,38,28,28,28,54,21,89,63,19],"gold":114,"neow_bonus":"TWENTY_PERCENT_HP_BONUS","is_prod":false,"is_daily":false,"chose_seed":false,"campfire_upgraded":0,"win_rate":0,"timestamp":1555126346,"path_taken":["M","?","?","?","M","R","E","M","T","M","?","M","$","?","R","BOSS","M","?"],"build_version":"2019-01-23","purchased_purges":1,"victory":false,"max_hp_per_floor":[89,89,89,89,89,89,89,89,89,89,89,89,89,89,89,89,89,89,89],"card_choices":[{"not_picked":["Gash","Doom and Gloom"],"picked":"Consume","floor":1},{"not_picked":["Rebound","Compile Driver"],"picked":"Ball Lightning","floor":3},{"not_picked":["Turbo","Tempest"],"picked":"Defragment","floor":5},{"not_picked":["Lockon","Gash"],"picked":"Reinforced Body","floor":7},{"not_picked":["Storm","Chaos","Hologram"],"picked":"SKIP","floor":8},{"not_picked":["Scrape","Steam","All For One"],"picked":"SKIP","floor":10},{"not_picked":["Gash","Go for the Eyes"],"picked":"Streamline","floor":12},{"not_picked":["Reboot","Hyperbeam"],"picked":"All For One","floor":16},{"not_picked":["Cold Snap","Hello World+1"],"picked":"Capacitor","floor":18}],"player_experience":421288,"relics_obtained":[{"floor":7,"key":"Bottled Tornado"},{"floor":17,"key":"Art of War"},{"floor":17,"key":"Toxic Egg 2"},{"floor":17,"key":"Pocketwatch"}],"event_choices":[{"damage_healed":0,"gold_gain":275,"player_choice":"Desecrate","damage_taken":0,"max_hp_gain":0,"max_hp_loss":0,"event_name":"Golden Shrine","floor":2,"gold_loss":0,"cards_obtained":["Regret"]},{"damage_healed":0,"gold_gain":0,"player_choice":"Entered Light","damage_taken":18,"max_hp_gain":0,"max_hp_loss":0,"event_name":"Shining Light","floor":4,"gold_loss":0,"cards_upgraded":["Strike_B","Defend_B"]},{"damage_healed":22,"gold_gain":0,"player_choice":"Healed and dodged fight","damage_taken":0,"max_hp_gain":0,"max_hp_loss":0,"event_name":"Mushrooms","floor":11,"gold_loss":0,"cards_obtained":["Parasite"]},{"damage_healed":0,"gold_gain":0,"player_choice":"Grow","damage_taken":0,"max_hp_gain":0,"max_hp_loss":0,"event_name":"Living Wall","floor":14,"gold_loss":0,"cards_upgraded":["Mayhem"]},{"damage_healed":0,"gold_gain":0,"player_choice":"Fight","damage_taken":0,"max_hp_gain":0,"max_hp_loss":0,"event_name":"Colosseum","floor":19,"gold_loss":0}],"is_beta":false,"boss_relics":[{"not_picked":["Empty Cage","Runic Dome"],"picked":"Calling Bell"}],"items_purged_floors":[13],"is_endless":false,"potions_floor_spawned":[5,7,10],"killed_by":"Colosseum Slavers","ascension_level":3}