{"gold_per_floor":[364,364,62,62,137,137,171,171,171,201,211,231,249,263,263,362,362,374,374,385,24,44,44,71,86,86,102,113,113,144,161,161,265,265,283,18,18,34,54,54,73,73,73,101,101],"floor_reached":45,"playtime":2394,"items_purged":["Strike_G"],"score":597,"play_id":"785f16ae-c93c-47ca-9d47-9b8878e0848b","local_time":"20190413232958","is_ascension_mode":true,"campfire_choices":[{"floor":6,"key":"REST"},{"floor":8,"key":"REST"},{"data":"Crippling Poison","floor":15,"key":"SMITH"},{"data":"After Image","floor":23,"key":"SMITH"},{"data":"Accuracy","floor":29,"key":"SMITH"},{"data":"Infinite Blades","floor":32,"key":"SMITH"},{"data":"Infinite Blades","floor":40,"key":"SMITH"},{"data":"Infinite Blades","floor":42,"key":"SMITH"}],"neow_cost":"PERCENT_DAMAGE","seed_source_timestamp":347687113213000,"circlet_count":0,"master_deck":["Defend_G","Defend_G","Defend_G","Defend_G","Defend_G","Strike_G+1","Strike_G","Strike_G","Strike_G+1","Survivor","Neutralize","Distraction","Accuracy+1","Blade Dance","Cloak And Dagger","Blade Dance","Outmaneuver","Blade Dance","Expertise","Crippling Poison+1","After Image+1","Blade Dance","Cloak And Dagger","Blade Dance","Transmutation","Bandage Up","Accuracy+1","Cloak And Dagger","Clumsy","Prepared","Infinite Blades+1","Blur","Phantasmal Killer","Escape Plan","Panache","Infinite Blades+1","After Image+1","Deflect+1","Infinite Blades+1","Decay"],"relics":["Ring of the Snake","Anchor","Letter Opener","Mercury Hourglass","Strawberry","Cursed Key","Pen Nib","Sundial","Snake Skull","Philosopher\u0027s Stone","Bottled Tornado","Potion Belt"],"potions_floor_usage":[16,20,25,30,30],"damage_taken":[{"damage":10,"enemies":"Small Slimes","floor":1,"turns":4},{"damage":18,"enemies":"3 Sentries","floor":7,"turns":11},{"damage":17,"enemies":"Lagavulin","floor":10,"turns":5},{"damage":2,"enemies":"Jaw Worm","floor":11,"turns":3},{"damage":0,"enemies":"2 Louse","floor":12,"turns":1},{"damage":0,"enemies":"Large Slime","floor":13,"turns":3},{"damage":0,"enemies":"Gremlin Gang","floor":14,"turns":3},{"damage":15,"enemies":"Slime Boss","floor":16,"turns":9},{"damage":4,"enemies":"Shell Parasite","floor":18,"turns":4},{"damage":3,"enemies":"2 Thieves","floor":20,"turns":3},{"damage":0,"enemies":"Cultist and Chosen","floor":22,"turns":5},{"damage":2,"enemies":"Book of Stabbing","floor":24,"turns":4},{"damage":12,"enemies":"Snake Plant","floor":25,"turns":3},{"damage":7,"enemies":"Sentry and Sphere","floor":27,"turns":4},{"damage":0,"enemies":"3 Cultists","floor":28,"turns":4},{"damage":15,"enemies":"Slavers","floor":30,"turns":3},{"damage":8,"enemies":"Snake Plant","floor":31,"turns":3},{"damage":28,"enemies":"Collector","floor":33,"turns":8},{"damage":6,"enemies":"3 Shapes","floor":35,"turns":3},{"damage":19,"enemies":"3 Darklings","floor":38,"turns":5},{"damage":29,"enemies":"Spire Growth","floor":39,"turns":4},{"damage":4,"enemies":"Maw","floor":41,"turns":6},{"damage":4,"enemies":"Reptomancer","floor":44,"turns":5},{"damage":24,"enemies":"3 Darklings","floor":45,"turns":2}],"seed_played":"3781697557369073463","potions_obtained":[{"floor":1,"key":"Regen Potion"},{"floor":16,"key":"Fire Potion"},{"floor":20,"key":"LiquidBronze"},{"floor":27,"key":"Strength Potion"},{"floor":28,"key":"LiquidBronze"},{"floor":31,"key":"Ancient Potion"},{"floor":35,"key":"Ancient Potion"},{"floor":39,"key":"Energy Potion"}],"is_trial":false,"path_per_floor":["M","?","$","?","?","R","E","R","T","E","M","M","M","M","R","B",null,"M","?","M","$","M","R","E","M","T","M","M","R","E","M","R","B",null,"M","$","?","M","M","R","M","R","T","E","M"],"character_chosen":"THE_SILENT","items_purchased":["Accuracy","Blade Dance","Cloak And Dagger","Anchor","Transmutation","Bandage Up","Panache","Infinite Blades"],"campfire_rested":2,"item_purchase_floors":[3,3,3,3,21,21,36,36],"current_hp_per_floor":[39,25,25,25,14,35,17,38,38,28,26,26,26,26,26,26,77,73,73,70,70,74,74,76,64,64,61,65,65,54,50,50,26,77,71,71,71,52,27,27,23,23,23,19,0],"gold":101,"neow_bonus":"TWO_FIFTY_GOLD","is_prod":false,"is_daily":false,"chose_seed":false,"campfire_upgraded":6,"win_rate":0,"timestamp":1555190998,"path_taken":["M","?","$","?","?","R","E","R","T","E","M","M","M","M","R","BOSS","M","?","M","$","M","R","E","M","T","M","M","R","E","M","R","BOSS","M","$","?","?","M","R","M","R","T","E","M"],"build_version":"2019-01-23","purchased_purges":1,"victory":false,"max_hp_per_floor":[70,70,70,70,70,70,70,70,70,77,77,77,77,77,77,77,77,77,77,77,77,77,77,77,77,77,77,77,77,77,77,77,77,77,77,77,77,77,77,77,77,77,77,77,77],"card_choices":[{"not_picked":["Skewer","Prepared"],"picked":"Distraction","floor":1},{"not_picked":["Dagger Throw","Prepared"],"picked":"Blade Dance","floor":7},{"not_picked":["Well Laid Plans","Predator"],"picked":"Outmaneuver","floor":10},{"not_picked":["Bouncing Flask","PiercingWail","Deadly Poison"],"picked":"SKIP","floor":11},{"not_picked":["Bullet Time","Quick Slash"],"picked":"Blade Dance","floor":12},{"not_picked":["Catalyst","Eviscerate"],"picked":"Expertise","floor":13},{"not_picked":["Deflect","Quick Slash"],"picked":"Crippling Poison","floor":14},{"not_picked":["A Thousand Cuts","Unload"],"picked":"After Image","floor":16},{"not_picked":["Slice","Dodge and Roll"],"picked":"Blade Dance","floor":18},{"not_picked":["Slice","Catalyst"],"picked":"Blade Dance","floor":20},{"not_picked":["Deadly Poison","Bane","Dagger Spray"],"picked":"SKIP","floor":22},{"not_picked":["Choke","Cloak And Dagger+1"],"picked":"Accuracy","floor":24},{"not_picked":["Prepared+1","Flechettes"],"picked":"Cloak And Dagger","floor":25},{"not_picked":["Dash","Deflect","Flying Knee"],"picked":"SKIP","floor":27},{"not_picked":["Caltrops","Flying Knee"],"picked":"Prepared","floor":28},{"not_picked":["Deflect","Dash"],"picked":"Infinite Blades","floor":30},{"not_picked":["Sucker Punch","Predator"],"picked":"Blur","floor":31},{"not_picked":["Venomology","Wraith Form v2"],"picked":"Phantasmal Killer","floor":33},{"not_picked":["All Out Attack+1","Skewer+1"],"picked":"Escape Plan","floor":35},{"not_picked":["Dagger Spray+1","Riddle With Holes+1"],"picked":"Deflect+1","floor":38},{"not_picked":["Flechettes","Dodge and Roll","Quick Slash+1"],"picked":"SKIP","floor":39},{"not_picked":["Deflect","Sucker Punch"],"picked":"Infinite Blades","floor":41},{"not_picked":["Masterful Stab","Leg Sweep+1","Catalyst+1"],"picked":"SKIP","floor":44}],"player_experience":425262,"relics_obtained":[{"floor":7,"key":"Letter Opener"},{"floor":9,"key":"Mercury Hourglass"},{"floor":10,"key":"Strawberry"},{"floor":24,"key":"Pen Nib"},{"floor":26,"key":"Sundial"},{"floor":30,"key":"Snake Skull"},{"floor":43,"key":"Bottled Tornado"},{"floor":44,"key":"Potion Belt"}],"event_choices":[{"damage_healed":0,"gold_gain":0,"player_choice":"Entered Light","damage_taken":14,"max_hp_gain":0,"max_hp_loss":0,"event_name":"Shining Light","floor":2,"gold_loss":0,"cards_upgraded":["Strike_G","Strike_G"]},{"damage_healed":0,"gold_gain":0,"player_choice":"Grow","damage_taken":0,"max_hp_gain":0,"max_hp_loss":0,"event_name":"Living Wall","floor":4,"gold_loss":0,"cards_upgraded":["Accuracy"]},{"damage_healed":0,"gold_gain":75,"player_choice":"Gather Gold","damage_taken":11,"max_hp_gain":0,"max_hp_loss":0,"event_name":"World of Goop","floor":5,"gold_loss":0},{"damage_healed":0,"gold_gain":0,"player_choice":"Read","damage_taken":0,"max_hp_gain":0,"max_hp_loss":0,"event_name":"The Library","floor":19,"gold_loss":0,"cards_obtained":["Cloak And Dagger"]},{"damage_healed":0,"gold_gain":0,"player_choice":"Copied","damage_taken":0,"max_hp_gain":0,"max_hp_loss":0,"event_name":"Duplicator","floor":37,"gold_loss":0,"cards_obtained":["After Image"]}],"is_beta":false,"boss_relics":[{"not_picked":["Runic Pyramid","Velvet Choker"],"picked":"Cursed Key"},{"not_picked":["Fusion Hammer","Astrolabe"],"picked":"Philosopher\u0027s Stone"}],"items_purged_floors":[21],"is_endless":false,"potions_floor_spawned":[1,16,20,27,28,31,35,39],"killed_by":"3 Darklings","ascension_level":2}