{"gold_per_floor":[109,126,137,137,137,173,196,227,227,227,243,33,33,73,73,73],"floor_reached":16,"playtime":461,"items_purged":[],"score":216,"play_id":"78124620-778a-4017-bee0-279d84363d6d","local_time":"20190506130737","is_ascension_mode":true,"campfire_choices":[{"floor":10,"key":"REST"},{"floor":15,"key":"REST"}],"neow_cost":"NONE","seed_source_timestamp":565986740521500,"circlet_count":0,"master_deck":["AscendersBane","Strike_R","Strike_R+1","Strike_R","Strike_R","Strike_R","Defend_R","Defend_R","Defend_R","Defend_R","Bash","Uppercut+1","Shrug It Off","Flame Barrier","Whirlwind","Flex","Offering"],"relics":["Black Star","Golden Idol","Gremlin Horn","Centennial Puzzle","Mercury Hourglass","Boot","Lantern","Blood Vial","Smiling Mask","Whetstone"],"potions_floor_usage":[8,8,14,14],"damage_taken":[{"damage":1,"enemies":"Cultist","floor":1,"turns":3},{"damage":0,"enemies":"2 Louse","floor":2,"turns":2},{"damage":5,"enemies":"Jaw Worm","floor":3,"turns":4},{"damage":30,"enemies":"Gremlin Nob","floor":6,"turns":5},{"damage":5,"enemies":"Looter","floor":7,"turns":4},{"damage":21,"enemies":"Lagavulin","floor":8,"turns":11},{"damage":4,"enemies":"Exordium Thugs","floor":11,"turns":4},{"damage":10,"enemies":"3 Sentries","floor":14,"turns":2},{"damage":32,"enemies":"Hexaghost","floor":16,"turns":9}],"seed_played":"7033388437697535155","potions_obtained":[{"floor":3,"key":"Dexterity Potion"},{"floor":7,"key":"GamblersBrew"},{"floor":8,"key":"Explosive Potion"},{"floor":11,"key":"GamblersBrew"},{"floor":14,"key":"Swift Potion"}],"is_trial":false,"path_per_floor":["M","M","M","?","?","E","M","E","T","R","M","$","?","E","R","B"],"character_chosen":"IRONCLAD","items_purchased":["Blood Vial","Flex"],"campfire_rested":2,"item_purchase_floors":[12,12],"current_hp_per_floor":[67,67,62,62,62,32,27,6,6,26,22,22,22,14,34,4],"gold":73,"neow_bonus":"BOSS_RELIC","is_prod":false,"is_daily":false,"chose_seed":false,"campfire_upgraded":0,"win_rate":0,"timestamp":1557140857,"path_taken":["M","M","?","?","?","E","M","E","T","R","M","$","?","E","R","BOSS"],"build_version":"2019-01-23","purchased_purges":0,"victory":false,"max_hp_per_floor":[75,75,75,68,68,68,68,68,68,68,68,68,68,68,68,68],"card_choices":[{"not_picked":["Pommel Strike","Sword Boomerang"],"picked":"Uppercut","floor":1},{"not_picked":["Second Wind","Sword Boomerang","Thunderclap"],"picked":"SKIP","floor":2},{"not_picked":["Armaments","Wild Strike"],"picked":"Shrug It Off","floor":3},{"not_picked":["Havoc","Dropkick"],"picked":"Flame Barrier","floor":6},{"not_picked":["Seeing Red","Rage","Flex"],"picked":"SKIP","floor":7},{"not_picked":["Body Slam","Warcry"],"picked":"Whirlwind","floor":8},{"not_picked":["Carnage","Armaments","Sword Boomerang"],"picked":"SKIP","floor":11},{"not_picked":["Entrench","Carnage"],"picked":"Offering","floor":14}],"player_experience":1143115,"relics_obtained":[{"floor":6,"key":"Gremlin Horn"},{"floor":6,"key":"Centennial Puzzle"},{"floor":8,"key":"Mercury Hourglass"},{"floor":8,"key":"Boot"},{"floor":9,"key":"Lantern"},{"floor":14,"key":"Smiling Mask"},{"floor":14,"key":"Whetstone"}],"event_choices":[{"damage_healed":0,"gold_gain":0,"player_choice":"Lose Max HP","damage_taken":0,"relics_obtained":["Golden Idol"],"max_hp_gain":0,"max_hp_loss":7,"event_name":"Golden Idol","floor":4,"gold_loss":0},{"damage_healed":0,"gold_gain":0,"player_choice":"Ignored","damage_taken":0,"max_hp_gain":0,"max_hp_loss":0,"event_name":"Liars Game","floor":5,"gold_loss":0},{"damage_healed":0,"gold_gain":0,"player_choice":"0 cards matched","damage_taken":0,"max_hp_gain":0,"max_hp_loss":0,"event_name":"Match and Keep!","floor":13,"gold_loss":0,"cards_obtained":[]}],"is_beta":false,"boss_relics":[],"items_purged_floors":[],"is_endless":false,"potions_floor_spawned":[3,7,8,11,14],"killed_by":"Hexaghost","ascension_level":16}