{"gold_per_floor":[113,129,61,79,4,33,33,48,95,95,129,144,171,186,186,286,286,304,324,338,338,349,384,397,108,108,133,133,144,144,158,158,258,258,277,277,277,297,12,22,322,322,369,34,44,44,63,92,92,92],"floor_reached":50,"playtime":2583,"items_purged":["Strike_B"],"score":803,"play_id":"69276922-8362-49da-9902-2b0a93714eff","local_time":"20180814111144","is_ascension_mode":true,"campfire_choices":[{"data":"Dualcast","floor":7,"key":"SMITH"},{"data":"Zap","floor":10,"key":"SMITH"},{"data":"Go for the Eyes","floor":15,"key":"SMITH"},{"data":"Defragment","floor":28,"key":"SMITH"},{"data":"Sunder","floor":30,"key":"SMITH"},{"floor":32,"key":"REST"},{"floor":41,"key":"DIG"},{"floor":46,"key":"DIG"},{"floor":49,"key":"REST"}],"neow_cost":"NONE","seed_source_timestamp":81623408282630,"circlet_count":0,"master_deck":["Strike_B+1","Strike_B+1","Strike_B+1","Defend_B+1","Defend_B+1","Defend_B+1","Defend_B+1","Zap+1","Dualcast+1","Conserve Battery","Cold Snap","Leap","Cold Snap","Cold Snap","Sweeping Beam","Ball Lightning","Sunder+1","Conserve Battery","Conserve Battery","Go for the Eyes+1","Machine Learning","Go for the Eyes+1","Hello World+1","Redo+1","Steam+1","Ball Lightning","Defragment+1","Melter+1","Core Surge","BootSequence+1","Rainbow+1","Regret","Stack+1","Fission+1","Conserve Battery+1","Madness+1","Madness+1","Panache","Conserve Battery+1","Coolheaded+1","Seek+1"],"relics":["Cracked Core","NeowsBlessing","Dodecahedron","Strawberry","Omamori","Anchor","Philosopher\u0027s Stone","Toxic Egg 2","Runic Capacitor","Bottled Tornado","Meat on the Bone","Calling Bell","Bronze Scales","Pear","Thread and Needle","Shovel","Ancient Tea Set","Turnip","Old Coin","MawBank","Art of War","Happy Flower","DataDisk"],"potions_floor_usage":[16,16,20,23,33,45,50,50],"damage_taken":[{"damage":0,"enemies":"Cultist","floor":1,"turns":1},{"damage":0,"enemies":"2 Louse","floor":2,"turns":1},{"damage":0,"enemies":"Small Slimes","floor":4,"turns":1},{"damage":8,"enemies":"3 Sentries","floor":6,"turns":12},{"damage":0,"enemies":"Red Slaver","floor":8,"turns":4},{"damage":17,"enemies":"Lagavulin","floor":11,"turns":6},{"damage":0,"enemies":"2 Fungi Beasts","floor":12,"turns":1},{"damage":22,"enemies":"Gremlin Nob","floor":13,"turns":4},{"damage":3,"enemies":"Gremlin Gang","floor":14,"turns":3},{"damage":0,"enemies":"The Guardian","floor":16,"turns":10},{"damage":0,"enemies":"Chosen","floor":18,"turns":4},{"damage":28,"enemies":"3 Byrds","floor":19,"turns":4},{"damage":4,"enemies":"Cultist and Chosen","floor":20,"turns":5},{"damage":6,"enemies":"Snake Plant","floor":22,"turns":5},{"damage":10,"enemies":"Slavers","floor":23,"turns":6},{"damage":0,"enemies":"Snecko","floor":24,"turns":5},{"damage":0,"enemies":"Book of Stabbing","floor":27,"turns":5},{"damage":5,"enemies":"3 Cultists","floor":29,"turns":4},{"damage":22,"enemies":"Snake Plant","floor":31,"turns":5},{"damage":5,"enemies":"Automaton","floor":33,"turns":10},{"damage":24,"enemies":"3 Darklings","floor":35,"turns":5},{"damage":21,"floor":36,"turns":8},{"damage":5,"enemies":"Orb Walker","floor":38,"turns":4},{"damage":0,"enemies":"Sphere and 2 Shapes","floor":40,"turns":3},{"damage":14,"enemies":"Maw","floor":45,"turns":7},{"damage":0,"enemies":"Spire Growth","floor":47,"turns":5},{"damage":47,"enemies":"Giant Head","floor":48,"turns":10},{"damage":48,"enemies":"Awakened One","floor":50,"turns":3}],"seed_played":"3536838646647939337","potions_obtained":[{"floor":4,"key":"Fire Potion"},{"floor":11,"key":"LiquidBronze"},{"floor":13,"key":"Ancient Potion"},{"floor":16,"key":"Ancient Potion"},{"floor":20,"key":"Energy Potion"},{"floor":23,"key":"SteroidPotion"},{"floor":24,"key":"FocusPotion"},{"floor":35,"key":"Poison Potion"},{"floor":40,"key":"SneckoOil"},{"floor":47,"key":"FearPotion"}],"is_trial":false,"path_per_floor":["M","M","$","M","$","E","R","M","T","R","E","M","E","M","R","B",null,"M","M","M","?","M","E","M","$","T","E","R","M","R","M","R","B",null,"M","?","?","M","$","M","R","?","T","$","M","R","M","E","R"],"character_chosen":"DEFECT","items_purchased":["Leap","Cold Snap","Ball Lightning","Defragment","Runic Capacitor","Turnip","Art of War","Panache"],"campfire_rested":2,"item_purchase_floors":[3,3,25,25,25,39,44,44],"current_hp_per_floor":[75,75,75,75,75,67,67,67,74,74,57,57,35,32,32,32,82,82,54,50,50,44,34,34,34,34,34,34,41,41,31,55,50,92,68,47,47,54,54,54,54,42,42,42,40,40,52,17,44,0],"gold":92,"neow_bonus":"THREE_ENEMY_KILL","is_prod":false,"is_daily":false,"chose_seed":false,"campfire_upgraded":5,"win_rate":0,"timestamp":1534270304,"path_taken":["M","M","?","?","?","E","R","M","T","R","E","M","E","M","R","BOSS","M","?","M","?","M","E","M","$","T","E","R","M","R","M","R","BOSS","M","?","?","M","$","M","R","?","T","?","M","R","?","E","R","BOSS"],"build_version":"2018-08-09","purchased_purges":1,"victory":false,"max_hp_per_floor":[75,75,75,75,75,75,75,75,82,82,82,82,82,82,82,82,82,82,82,82,82,82,82,82,82,82,82,82,82,82,82,82,82,92,92,92,92,92,92,92,92,92,92,92,92,92,92,92,92,92],"card_choices":[{"not_picked":["Coolheaded","Sweeping Beam"],"picked":"Conserve Battery","floor":1},{"not_picked":["Rebound","Auto Shields"],"picked":"Cold Snap","floor":2},{"not_picked":["Stack","Chill"],"picked":"Cold Snap","floor":4},{"not_picked":["Leap","Multi-Cast"],"picked":"Sweeping Beam","floor":6},{"not_picked":["Barrage","Rebound"],"picked":"Ball Lightning","floor":8},{"not_picked":["Static Discharge","Blizzard"],"picked":"Sunder","floor":11},{"not_picked":["Meteor Strike","Rebound"],"picked":"Conserve Battery","floor":12},{"not_picked":["Compile Driver","Hello World"],"picked":"Conserve Battery","floor":13},{"not_picked":["Hologram","Amplify"],"picked":"Go for the Eyes","floor":14},{"not_picked":["Thunder Strike","Meteor Strike"],"picked":"Machine Learning","floor":16},{"not_picked":["Fusion","Heatsinks"],"picked":"Go for the Eyes+1","floor":18},{"not_picked":["Go for the Eyes","Beam Cell+1","Redo"],"picked":"SKIP","floor":19},{"not_picked":["Ball Lightning","Go for the Eyes"],"picked":"Hello World+1","floor":20},{"not_picked":["Streamline","Steam Power","Hello World"],"picked":"SKIP","floor":22},{"not_picked":["Steam","Streamline+1"],"picked":"Redo+1","floor":23},{"not_picked":["Stack+1","Go for the Eyes"],"picked":"Steam+1","floor":24},{"not_picked":["Undo+1","Streamline"],"picked":"Melter+1","floor":27},{"not_picked":["Ball Lightning","Beam Cell"],"picked":"Core Surge","floor":29},{"not_picked":["Leap+1","Beam Cell"],"picked":"BootSequence+1","floor":31},{"not_picked":["Biased Cognition","Buffer"],"picked":"Rainbow+1","floor":33},{"not_picked":["Beam Cell+1","Redo+1"],"picked":"Stack+1","floor":35},{"not_picked":["Sunder","Steam+1"],"picked":"Fission+1","floor":36},{"not_picked":["Force Field+1","Rebound+1","Steam+1"],"picked":"SKIP","floor":38},{"not_picked":["Streamline","Compile Driver"],"picked":"Conserve Battery+1","floor":40},{"not_picked":["Steam+1","Sweeping Beam+1"],"picked":"Conserve Battery+1","floor":45},{"not_picked":["Redo+1","Sweeping Beam"],"picked":"Coolheaded+1","floor":47},{"not_picked":["BootSequence+1","Redo+1"],"picked":"Seek+1","floor":48}],"player_experience":55890,"relics_obtained":[{"floor":6,"key":"Dodecahedron"},{"floor":9,"key":"Strawberry"},{"floor":11,"key":"Omamori"},{"floor":13,"key":"Anchor"},{"floor":23,"key":"Toxic Egg 2"},{"floor":26,"key":"Bottled Tornado"},{"floor":27,"key":"Meat on the Bone"},{"floor":34,"key":"Bronze Scales"},{"floor":34,"key":"Pear"},{"floor":34,"key":"Thread and Needle"},{"floor":36,"key":"Shovel"},{"floor":41,"key":"Old Coin"},{"floor":43,"key":"MawBank"},{"floor":46,"key":"Happy Flower"},{"floor":48,"key":"DataDisk"}],"event_choices":[{"event_name":"Back to Basics","player_choice":"Simplicity","floor":21,"damage_taken":0},{"event_name":"MindBloom","player_choice":"Fight","floor":36,"damage_taken":0},{"event_name":"WeMeetAgain","player_choice":"Potion","floor":37,"damage_taken":0},{"event_name":"Winding Halls","player_choice":"Embrace Madness","floor":42,"damage_taken":0}],"is_beta":false,"boss_relics":[{"not_picked":["Busted Crown","Lizard Tail"],"picked":"Philosopher\u0027s Stone"},{"not_picked":["Fusion Hammer","Eternal Feather"],"picked":"Calling Bell"}],"items_purged_floors":[5],"is_endless":false,"potions_floor_spawned":[4,11,13,16,20,23,24,27,29,35,40,47],"killed_by":"Awakened One","ascension_level":3}