{"gold_per_floor":[109,36,36,1,1,1,27,3,3,3,22,40,40,56,56,153,153,165,179,179,190,190],"floor_reached":22,"playtime":796,"items_purged":[],"score":193,"play_id":"4e163edc-7f62-4f6f-a5d4-f490e1a2e0da","local_time":"20181028214824","is_ascension_mode":true,"campfire_choices":[{"data":"Zap","floor":6,"key":"SMITH"},{"floor":10,"key":"REST"},{"data":"Darkness","floor":13,"key":"SMITH"},{"data":"Streamline","floor":15,"key":"SMITH"}],"neow_cost":"NONE","seed_source_timestamp":7181301326601,"circlet_count":0,"master_deck":["Strike_B","Strike_B","Strike_B","Defend_B","Defend_B","Zap+1","Dualcast","Rebound","Sweeping Beam","Streamline+1","Darkness+1","Turbo","Auto Shields","Storm","Ball Lightning","Buffer","Genetic Algorithm+1","Self Repair+1","FTL+1","Beam Cell+1","Double Energy","Doom and Gloom","Compile Driver+1"],"relics":["Cracked Core","Ancient Tea Set","Letter Opener","Astrolabe"],"potions_floor_usage":[16,18,19,21,21],"damage_taken":[{"damage":1,"enemies":"Jaw Worm","floor":1,"turns":4},{"damage":17,"enemies":"3 Sentries","floor":7,"turns":6},{"damage":0,"enemies":"2 Louse","floor":11,"turns":2},{"damage":0,"enemies":"Cultist","floor":12,"turns":2},{"damage":0,"enemies":"Exordium Wildlife","floor":14,"turns":3},{"damage":25,"enemies":"Slime Boss","floor":16,"turns":6},{"damage":22,"enemies":"Shell Parasite","floor":18,"turns":4},{"damage":25,"enemies":"3 Byrds","floor":19,"turns":3},{"damage":36,"enemies":"Shelled Parasite and Fungi","floor":21,"turns":5},{"damage":29,"enemies":"Cultist and Chosen","floor":22,"turns":4}],"seed_played":"3511611436676379270","potions_obtained":[{"floor":11,"key":"GamblersBrew"},{"floor":14,"key":"Strength Potion"},{"floor":16,"key":"LiquidBronze"},{"floor":18,"key":"SkillPotion"},{"floor":19,"key":"Energy Potion"}],"is_trial":false,"path_per_floor":["M","$","?","?","$","R","E","$","T","R","M","M","R","M","R","B",null,"M","M","?","M"],"character_chosen":"DEFECT","items_purchased":["Sweeping Beam","Streamline","Turbo"],"campfire_rested":1,"item_purchase_floors":[2,2,8],"current_hp_per_floor":[81,81,81,82,82,82,65,65,65,82,82,82,82,82,82,57,82,70,55,55,29,0],"gold":190,"neow_bonus":"TEN_PERCENT_HP_BONUS","is_prod":false,"is_daily":false,"chose_seed":false,"campfire_upgraded":3,"win_rate":0,"timestamp":1540788504,"path_taken":["M","$","?","?","$","R","E","?","T","R","M","M","R","?","R","BOSS","M","?","?","M","M"],"build_version":"2018-10-25v2","purchased_purges":0,"victory":false,"max_hp_per_floor":[82,82,82,82,82,82,82,82,82,82,82,82,82,82,82,82,82,82,82,82,82,82],"card_choices":[{"not_picked":["Go for the Eyes","Barrage"],"picked":"Rebound","floor":1},{"not_picked":["Glacier","Capacitor"],"picked":"Darkness","floor":7},{"not_picked":["Barrage","Chill"],"picked":"Auto Shields","floor":11},{"not_picked":["Rebound","Steam"],"picked":"Storm","floor":12},{"not_picked":["Cold Snap","Coolheaded"],"picked":"Ball Lightning","floor":14},{"not_picked":["Creative AI","Machine Learning"],"picked":"Buffer","floor":16},{"not_picked":["Coolheaded","Cold Snap"],"picked":"Beam Cell+1","floor":18},{"not_picked":["Turbo","Hologram+1"],"picked":"Double Energy","floor":19},{"not_picked":["Hyperbeam","Loop"],"picked":"Compile Driver+1","floor":21}],"player_experience":72839,"relics_obtained":[{"floor":7,"key":"Ancient Tea Set"},{"floor":9,"key":"Letter Opener"}],"event_choices":[{"damage_healed":0,"gold_gain":0,"player_choice":"Ignored","damage_taken":0,"max_hp_gain":0,"max_hp_loss":0,"event_name":"Liars Game","floor":3,"gold_loss":0},{"damage_healed":20,"gold_gain":0,"player_choice":"Healed","damage_taken":0,"max_hp_gain":0,"max_hp_loss":0,"event_name":"The Cleric","floor":4,"gold_loss":35},{"damage_healed":0,"gold_gain":0,"player_choice":"Read","damage_taken":0,"max_hp_gain":0,"max_hp_loss":0,"event_name":"The Library","floor":20,"gold_loss":0,"cards_obtained":["Doom and Gloom"]}],"is_beta":false,"boss_relics":[{"not_picked":["Runic Pyramid","Orrery"],"picked":"Astrolabe"}],"items_purged_floors":[],"is_endless":false,"potions_floor_spawned":[11,14,16,18,19],"killed_by":"Cultist and Chosen","ascension_level":1}