{"gold_per_floor":[116,131,131,131,150,150,186,201,201,5,45,69,69,88,88,218,218,231,246,131,56,69,69,69,69,69,69,69,94,94,134,134,260,260,273,398,398,419,63,63,107,107,107,107,128,148,148],"floor_reached":47,"playtime":2848,"items_purged":["Strike_R","Shame"],"score":531,"play_id":"f4b3dfd9-a44a-4d2c-832a-30198ede8799","local_time":"20190318140245","is_ascension_mode":true,"campfire_choices":[{"data":"Flex","floor":6,"key":"SMITH"},{"floor":13,"key":"REST"},{"data":"Shrug It Off","floor":15,"key":"SMITH"},{"floor":23,"key":"REST"},{"floor":25,"key":"REST"},{"data":"Body Slam","floor":27,"key":"SMITH"},{"floor":30,"key":"REST"},{"data":"Iron Wave","floor":32,"key":"SMITH"},{"data":"Shrug It Off","floor":40,"key":"SMITH"},{"data":"Madness","floor":44,"key":"SMITH"}],"neow_cost":"NONE","seed_source_timestamp":13178927186561,"circlet_count":0,"master_deck":["Strike_R","Defend_R+1","Defend_R","Defend_R","Bash","Sword Boomerang","Headbutt","Flex+1","Metallicize","Rupture","Cleave","Bloodletting+1","Shrug It Off+1","Armaments","Limit Break","Combust","Headbutt","Rupture+1","Body Slam+1","Iron Wave+1","Exhume","Armaments","Iron Wave+1","Iron Wave","Shrug It Off+1","Combust+1","Madness+1","Parasite","Shrug It Off"],"relics":["Burning Blood","Golden Idol","Matryoshka","Centennial Puzzle","Gremlin Horn","Bag of Preparation","PreservedInsect","Cursed Key","Shuriken","Regal Pillow","War Paint","Eternal Feather","Pocketwatch","Lee\u0027s Waffle","Potion Belt"],"potions_floor_usage":[16,16,18,33,36,36,41],"damage_taken":[{"damage":5,"enemies":"2 Louse","floor":1,"turns":4},{"damage":2,"enemies":"Jaw Worm","floor":2,"turns":4},{"damage":1,"enemies":"Cultist","floor":5,"turns":3},{"damage":16,"enemies":"Gremlin Nob","floor":7,"turns":3},{"damage":25,"enemies":"Exordium Wildlife","floor":8,"turns":6},{"damage":30,"enemies":"Lagavulin","floor":11,"turns":5},{"damage":10,"enemies":"3 Louse","floor":12,"turns":2},{"damage":3,"enemies":"Large Slime","floor":14,"turns":4},{"damage":22,"enemies":"Hexaghost","floor":16,"turns":11},{"damage":17,"enemies":"3 Byrds","floor":18,"turns":6},{"damage":19,"enemies":"Spheric Guardian","floor":19,"turns":4},{"damage":37,"enemies":"Snecko","floor":22,"turns":9},{"damage":21,"enemies":"Colosseum Slavers","floor":24,"turns":3},{"damage":18,"enemies":"Centurion and Healer","floor":29,"turns":5},{"damage":29,"enemies":"Slavers","floor":31,"turns":3},{"damage":34,"enemies":"Automaton","floor":33,"turns":7},{"damage":21,"enemies":"Orb Walker","floor":35,"turns":4},{"damage":3,"enemies":"Mind Bloom Boss Battle","floor":36,"turns":7},{"damage":53,"enemies":"3 Darklings","floor":38,"turns":5},{"damage":24,"enemies":"Giant Head","floor":41,"turns":7},{"damage":35,"enemies":"Jaw Worm Horde","floor":45,"turns":5},{"damage":18,"enemies":"Sphere and 2 Shapes","floor":46,"turns":6},{"damage":38,"enemies":"Transient","floor":47,"turns":3}],"seed_played":"8721436709797176652","potions_obtained":[{"floor":1,"key":"SneckoOil"},{"floor":7,"key":"FearPotion"},{"floor":8,"key":"Ancient Potion"},{"floor":12,"key":"Energy Potion"},{"floor":14,"key":"SteroidPotion"},{"floor":19,"key":"FearPotion"},{"floor":29,"key":"Regen Potion"},{"floor":33,"key":"Weak Potion"},{"floor":35,"key":"LiquidBronze"},{"floor":36,"key":"Energy Potion"},{"floor":38,"key":"Swift Potion"}],"is_trial":false,"path_per_floor":["M","M","?","?","M","R","E","M","T","$","E","M","R","M","R","B",null,"M","M","$","?","M","R","?","R","T","R","?","M","R","E","R","B",null,"M","?","?","M","$","R","E","?","T","R","M","M","M"],"character_chosen":"IRONCLAD","items_purchased":["Bag of Preparation","Cleave","Rupture","Lee\u0027s Waffle","Shrug It Off"],"campfire_rested":4,"item_purchase_floors":[10,10,20,39,39],"current_hp_per_floor":[80,80,74,74,74,74,64,45,45,45,21,17,39,42,42,26,74,63,50,50,50,19,41,26,48,48,48,48,36,73,50,50,27,74,59,62,62,15,81,81,63,63,63,78,49,37,0],"gold":148,"neow_bonus":"REMOVE_CARD","is_prod":false,"is_daily":false,"chose_seed":false,"campfire_upgraded":6,"win_rate":0,"timestamp":1552914165,"path_taken":["M","M","?","?","M","R","E","?","T","$","E","M","R","M","R","BOSS","M","M","$","?","M","R","?","R","T","R","?","?","R","E","R","BOSS","M","?","?","M","$","R","E","?","T","R","?","M","M"],"build_version":"2019-01-23","purchased_purges":2,"victory":false,"max_hp_per_floor":[80,80,74,74,74,74,74,74,74,74,74,74,74,74,74,74,74,74,74,74,74,74,74,74,74,74,74,74,74,74,74,74,74,74,74,74,74,74,81,81,81,81,81,81,81,81,81],"card_choices":[{"not_picked":["Corruption","Perfected Strike"],"picked":"Sword Boomerang","floor":1},{"not_picked":["Carnage","Dual Wield"],"picked":"Headbutt","floor":2},{"not_picked":["Impervious","Warcry"],"picked":"Flex","floor":5},{"not_picked":["Burning Pact","Carnage"],"picked":"Metallicize","floor":7},{"not_picked":["Spot Weakness","Wild Strike"],"picked":"Rupture","floor":8},{"not_picked":["Bludgeon","Second Wind"],"picked":"Bloodletting","floor":11},{"not_picked":["Armaments","Havoc"],"picked":"Shrug It Off","floor":12},{"not_picked":["Anger","Warcry"],"picked":"Armaments","floor":14},{"not_picked":["Fiend Fire","Double Tap"],"picked":"Limit Break","floor":16},{"not_picked":["Intimidate","Iron Wave"],"picked":"Combust","floor":18},{"not_picked":["Seeing Red","Uppercut"],"picked":"Headbutt","floor":19},{"not_picked":["Burning Pact","Clash+1"],"picked":"Body Slam","floor":22},{"not_picked":["True Grit","Clothesline"],"picked":"Iron Wave","floor":29},{"not_picked":["Cleave","Warcry","Uppercut"],"picked":"SKIP","floor":31},{"not_picked":["Dark Embrace","Offering"],"picked":"Exhume","floor":33},{"not_picked":["Disarm","Perfected Strike"],"picked":"Armaments","floor":35},{"not_picked":["Warcry+1","Dropkick"],"picked":"Iron Wave+1","floor":36},{"not_picked":["Cleave","Spot Weakness"],"picked":"Iron Wave","floor":38},{"not_picked":["Reckless Charge+1","Clothesline+1"],"picked":"Combust+1","floor":41},{"not_picked":["Panacea","Sadistic Nature"],"picked":"Madness","floor":42},{"not_picked":["Fire Breathing+1","Thunderclap+1"],"picked":"Shrug It Off","floor":45},{"not_picked":["Clash+1","Headbutt","Pummel+1"],"picked":"SKIP","floor":46}],"player_experience":160825,"relics_obtained":[{"floor":7,"key":"Matryoshka"},{"floor":9,"key":"Centennial Puzzle"},{"floor":9,"key":"Gremlin Horn"},{"floor":11,"key":"PreservedInsect"},{"floor":26,"key":"Shuriken"},{"floor":26,"key":"Regal Pillow"},{"floor":31,"key":"War Paint"},{"floor":36,"key":"Pocketwatch"},{"floor":41,"key":"Potion Belt"}],"event_choices":[{"damage_healed":0,"gold_gain":0,"player_choice":"Lose Max HP","damage_taken":0,"relics_obtained":["Golden Idol"],"max_hp_gain":0,"max_hp_loss":6,"event_name":"Golden Idol","floor":3,"gold_loss":0},{"cards_removed":["Strike_R"],"damage_healed":0,"gold_gain":0,"player_choice":"Purged","damage_taken":0,"max_hp_gain":0,"max_hp_loss":0,"event_name":"Purifier","floor":4,"gold_loss":0},{"cards_removed":["Defend_R"],"damage_healed":0,"gold_gain":0,"player_choice":"Gave Gold","damage_taken":0,"max_hp_gain":0,"max_hp_loss":0,"event_name":"Beggar","floor":21,"gold_loss":75},{"damage_healed":0,"gold_gain":0,"player_choice":"Fight","damage_taken":0,"max_hp_gain":0,"max_hp_loss":0,"event_name":"Colosseum","floor":24,"gold_loss":0},{"damage_healed":0,"gold_gain":0,"player_choice":"Fled From Nobs","damage_taken":0,"max_hp_gain":0,"max_hp_loss":0,"event_name":"Colosseum","floor":24,"gold_loss":0},{"damage_healed":0,"gold_gain":0,"player_choice":"Forge","damage_taken":0,"max_hp_gain":0,"max_hp_loss":0,"event_name":"Accursed Blacksmith","floor":28,"gold_loss":0,"cards_upgraded":["Rupture"]},{"damage_healed":0,"gold_gain":0,"player_choice":"Fight","damage_taken":0,"max_hp_gain":0,"max_hp_loss":0,"event_name":"MindBloom","floor":36,"gold_loss":0},{"cards_removed":["Strike_R"],"damage_healed":0,"gold_gain":0,"player_choice":"Removed Attack","damage_taken":0,"max_hp_gain":0,"max_hp_loss":0,"event_name":"Falling","floor":37,"gold_loss":0},{"damage_healed":0,"gold_gain":0,"player_choice":"Memory 1","damage_taken":0,"max_hp_gain":0,"max_hp_loss":0,"event_name":"SensoryStone","floor":42,"gold_loss":0}],"is_beta":false,"boss_relics":[{"not_picked":["White Beast Statue","Snecko Eye"],"picked":"Cursed Key"},{"not_picked":["Coffee Dripper","Velvet Choker"],"picked":"Eternal Feather"}],"items_purged_floors":[20,39],"is_endless":false,"potions_floor_spawned":[1,7,8,12,14,19,29,33,35,36,38],"killed_by":"Transient","ascension_level":2}