{"gold_per_floor":[159,173,191,203,203,230,79,96,96,51,16,33,33,47,47,152,152,163,163,17,32,43,43,0,32,32,32,32,32,32,64,64,64],"floor_reached":33,"playtime":2606,"items_purged":["Strike_G","Defend_G"],"score":324,"play_id":"af012ca9-e6a1-473e-bb46-a79c0430bc0a","local_time":"20181128212656","is_ascension_mode":true,"campfire_choices":[{"floor":13,"key":"REST"},{"floor":15,"key":"REST"},{"floor":23,"key":"REST"},{"floor":28,"key":"REST"},{"floor":30,"key":"REST"},{"floor":32,"key":"REST"}],"neow_cost":"NONE","seed_source_timestamp":768801272538258,"circlet_count":0,"master_deck":["Defend_G","Defend_G","Defend_G","Defend_G","Strike_G+1","Strike_G","Survivor","Neutralize","Poisoned Stab","Backflip","Well Laid Plans","Footwork","Corpse Explosion","Deadly Poison","Envenom","Leg Sweep+1","Deadly Poison","Acrobatics","Poisoned Stab","Venomology"],"relics":["Tiny House","Vajra","Empty Cage","MutagenicStrength","Centennial Puzzle","Pear","GremlinMask","Bird Faced Urn"],"potions_floor_usage":[1,3,14,16,18,21,21,33],"damage_taken":[{"damage":0,"enemies":"Small Slimes","floor":1,"turns":3},{"damage":3,"enemies":"2 Louse","floor":2,"turns":3},{"damage":0,"enemies":"Cultist","floor":3,"turns":2},{"damage":14,"enemies":"Exordium Thugs","floor":4,"turns":5},{"damage":39,"enemies":"3 Sentries","floor":6,"turns":14},{"damage":5,"enemies":"3 Louse","floor":8,"turns":4},{"damage":8,"enemies":"Exordium Wildlife","floor":12,"turns":5},{"damage":2,"enemies":"Exordium Thugs","floor":14,"turns":4},{"damage":28,"enemies":"Slime Boss","floor":16,"turns":12},{"damage":16,"enemies":"3 Byrds","floor":18,"turns":4},{"damage":0,"enemies":"Chosen","floor":21,"turns":5},{"damage":25,"enemies":"Snake Plant","floor":22,"turns":5},{"damage":58,"enemies":"Book of Stabbing","floor":25,"turns":11},{"damage":50,"enemies":"Slavers","floor":31,"turns":6},{"damage":82,"enemies":"Champ","floor":33,"turns":17}],"seed_played":"-4424078005480540919","potions_obtained":[{"floor":0,"key":"SkillPotion"},{"floor":2,"key":"AttackPotion"},{"floor":12,"key":"Energy Potion"},{"floor":14,"key":"SteroidPotion"},{"floor":16,"key":"Strength Potion"},{"floor":18,"key":"LiquidBronze"},{"floor":21,"key":"Fruit Juice"}],"is_trial":false,"path_per_floor":["M","M","M","M","?","E","$","M","T","$","?","M","R","M","R","B",null,"M","?","$","M","M","R","?","E","T","?","R","?","R","E","R","B"],"character_chosen":"THE_SILENT","items_purchased":["Footwork","Deadly Poison","Deadly Poison"],"campfire_rested":6,"item_purchase_floors":[7,10,20],"current_hp_per_floor":[75,72,72,58,63,24,24,19,19,19,39,31,55,53,77,49,80,64,64,64,69,44,69,69,11,21,21,49,49,77,27,55,0],"gold":64,"neow_bonus":"BOSS_RELIC","is_prod":false,"is_daily":false,"chose_seed":false,"campfire_upgraded":0,"win_rate":0,"timestamp":1543436816,"path_taken":["M","M","M","M","?","E","$","M","T","$","?","M","R","M","R","BOSS","M","?","$","M","M","R","?","E","T","?","R","?","R","E","R","BOSS"],"build_version":"2018-11-15","purchased_purges":2,"victory":false,"max_hp_per_floor":[75,75,75,75,80,80,80,80,80,80,80,80,80,80,80,80,80,80,80,80,85,85,85,85,85,95,95,95,95,95,95,95,95],"card_choices":[{"not_picked":["PiercingWail","Leg Sweep"],"picked":"Poisoned Stab","floor":1},{"not_picked":["Outmaneuver","All Out Attack","Slice"],"picked":"SKIP","floor":2},{"not_picked":["Endless Agony","All Out Attack"],"picked":"Backflip","floor":3},{"not_picked":["Endless Agony","Flying Knee","Backflip"],"picked":"SKIP","floor":4},{"not_picked":["Prepared","Sucker Punch"],"picked":"Well Laid Plans","floor":6},{"not_picked":["Dash","Terror"],"picked":"Corpse Explosion","floor":8},{"not_picked":["Concentrate","Underhanded Strike","Outmaneuver"],"picked":"SKIP","floor":12},{"not_picked":["Escape Plan","Finisher","Accuracy"],"picked":"SKIP","floor":14},{"not_picked":["Night Terror","Phantasmal Killer"],"picked":"Envenom","floor":16},{"not_picked":["Backflip","Poisoned Stab"],"picked":"Leg Sweep+1","floor":18},{"not_picked":["Underhanded Strike","Well Laid Plans"],"picked":"Acrobatics","floor":21},{"not_picked":["Endless Agony","Masterful Stab"],"picked":"Poisoned Stab","floor":22},{"not_picked":["Dagger Spray","Leg Sweep","Outmaneuver"],"picked":"SKIP","floor":25},{"not_picked":["Finisher","Concentrate"],"picked":"Venomology","floor":31}],"player_experience":266066,"relics_obtained":[{"floor":6,"key":"Vajra"},{"floor":25,"key":"Centennial Puzzle"},{"floor":26,"key":"Pear"},{"floor":31,"key":"Bird Faced Urn"}],"event_choices":[{"damage_healed":0,"gold_gain":0,"player_choice":"Donut","damage_taken":0,"max_hp_gain":5,"max_hp_loss":0,"event_name":"Big Fish","floor":5,"gold_loss":0},{"damage_healed":20,"gold_gain":0,"player_choice":"Healed","damage_taken":0,"max_hp_gain":0,"max_hp_loss":0,"event_name":"The Cleric","floor":11,"gold_loss":35},{"damage_healed":0,"gold_gain":0,"player_choice":"Inject Mutagens","damage_taken":0,"relics_obtained":["MutagenicStrength"],"max_hp_gain":0,"max_hp_loss":0,"event_name":"Drug Dealer","floor":19,"gold_loss":0},{"damage_healed":0,"gold_gain":0,"player_choice":"Paid Fearfully","damage_taken":0,"max_hp_gain":0,"max_hp_loss":0,"event_name":"Masked Bandits","floor":24,"gold_loss":43},{"damage_healed":0,"gold_gain":0,"player_choice":"Ignored","damage_taken":0,"max_hp_gain":0,"max_hp_loss":0,"event_name":"Vampires","floor":27,"gold_loss":0},{"damage_healed":0,"gold_gain":0,"player_choice":"Trade","damage_taken":0,"relics_obtained":["GremlinMask"],"max_hp_gain":0,"max_hp_loss":0,"event_name":"FaceTrader","floor":29,"gold_loss":0}],"is_beta":false,"boss_relics":[{"not_picked":["Ectoplasm","Cursed Key"],"picked":"Empty Cage"}],"items_purged_floors":[7,20],"is_endless":false,"potions_floor_spawned":[2,12,14,16,18,21],"killed_by":"Champ","ascension_level":1}