{"gold_per_floor":[114,131,147,16,16,47,47,82,82,94,94,111,111,125,125,221,221,233,233,433,451,469,469],"floor_reached":23,"playtime":852,"items_purged":[],"score":294,"play_id":"2b2593d3-5509-4cf7-bfe6-e58e14ead43f","local_time":"20190403174350","is_ascension_mode":true,"campfire_choices":[{"floor":7,"key":"REST"},{"data":"Inflame","floor":11,"key":"SMITH"},{"data":"Rampage","floor":15,"key":"SMITH"}],"neow_cost":"CURSE","seed_source_timestamp":80694936833271,"circlet_count":0,"master_deck":["Bash","Writhe","Cleave","Metallicize","Inflame+1","Rampage+1","True Grit","Armaments","Clothesline","Havoc","Headbutt","Reaper","Feel No Pain","Ghostly Armor","Bloodletting","Bloodletting","Shrug It Off","Rampage","Rage","Carnage","Wild Strike","True Grit+1","Disarm","Uppercut+1"],"relics":["Burning Blood","Champion Belt","Mercury Hourglass","Red Skull","Matryoshka","Pandora\u0027s Box","MutagenicStrength"],"potions_floor_usage":[8,18,22,22,22],"damage_taken":[{"damage":10,"enemies":"2 Louse","floor":1,"turns":3},{"damage":14,"enemies":"Cultist","floor":2,"turns":5},{"damage":7,"enemies":"Small Slimes","floor":3,"turns":3},{"damage":30,"enemies":"3 Sentries","floor":6,"turns":7},{"damage":17,"enemies":"Gremlin Nob","floor":8,"turns":4},{"damage":7,"enemies":"Red Slaver","floor":10,"turns":3},{"damage":9,"enemies":"2 Fungi Beasts","floor":12,"turns":2},{"damage":8,"enemies":"Exordium Thugs","floor":14,"turns":4},{"damage":37,"enemies":"The Guardian","floor":16,"turns":9},{"damage":18,"enemies":"Shell Parasite","floor":18,"turns":6},{"damage":39,"enemies":"3 Byrds","floor":21,"turns":5},{"damage":10,"enemies":"Centurion and Healer","floor":22,"turns":4},{"damage":33,"enemies":"Gremlin Leader","floor":23,"turns":4}],"seed_played":"8010998395688881521","potions_obtained":[{"floor":3,"key":"Fire Potion"},{"floor":8,"key":"AttackPotion"},{"floor":10,"key":"PowerPotion"},{"floor":12,"key":"Ancient Potion"},{"floor":16,"key":"Strength Potion"},{"floor":18,"key":"SpeedPotion"},{"floor":21,"key":"PowerPotion"}],"is_trial":false,"path_per_floor":["M","M","M","$","?","E","R","E","T","M","R","M","?","M","R","B",null,"M","?","?","M","M","E"],"character_chosen":"IRONCLAD","items_purchased":["Rampage","True Grit"],"campfire_rested":1,"item_purchase_floors":[4,4],"current_hp_per_floor":[68,60,59,59,59,35,59,48,48,47,47,44,44,42,42,11,63,54,54,54,32,28,0],"gold":469,"neow_bonus":"ONE_RARE_RELIC","is_prod":false,"is_daily":false,"chose_seed":false,"campfire_upgraded":2,"win_rate":0,"timestamp":1554338630,"path_taken":["M","M","M","$","?","E","R","E","T","M","R","M","?","M","R","BOSS","M","?","?","M","?","E"],"build_version":"2019-01-23","purchased_purges":0,"victory":false,"max_hp_per_floor":[80,80,80,80,80,80,80,80,80,80,80,80,80,80,80,80,80,80,80,80,80,80,80],"card_choices":[{"not_picked":["Havoc","Anger"],"picked":"Cleave","floor":1},{"not_picked":["Flex","Perfected Strike"],"picked":"Metallicize","floor":2},{"not_picked":["Shrug It Off","Perfected Strike"],"picked":"Inflame","floor":3},{"not_picked":["Brutality","Sever Soul","Evolve"],"picked":"SKIP","floor":6},{"not_picked":["Perfected Strike","Warcry"],"picked":"Armaments","floor":8},{"not_picked":["Warcry","Perfected Strike"],"picked":"Clothesline","floor":10},{"not_picked":["Warcry","Wild Strike"],"picked":"Havoc","floor":12},{"not_picked":["Rampage","Warcry"],"picked":"Headbutt","floor":14},{"not_picked":["Brutality","Exhume"],"picked":"Reaper","floor":16},{"not_picked":["Iron Wave","Combust"],"picked":"True Grit+1","floor":18},{"not_picked":["Sword Boomerang","Iron Wave"],"picked":"Disarm","floor":21},{"not_picked":["Dual Wield","Inflame"],"picked":"Uppercut+1","floor":22}],"player_experience":370877,"relics_obtained":[{"floor":6,"key":"Mercury Hourglass"},{"floor":8,"key":"Red Skull"},{"floor":9,"key":"Matryoshka"}],"event_choices":[{"damage_healed":0,"gold_gain":0,"player_choice":"Ignored","damage_taken":0,"max_hp_gain":0,"max_hp_loss":0,"event_name":"Liars Game","floor":5,"gold_loss":0},{"damage_healed":0,"gold_gain":0,"player_choice":"0 cards matched","damage_taken":0,"max_hp_gain":0,"max_hp_loss":0,"event_name":"Match and Keep!","floor":13,"gold_loss":0,"cards_obtained":[]},{"damage_healed":0,"gold_gain":0,"player_choice":"Inject Mutagens","damage_taken":0,"relics_obtained":["MutagenicStrength"],"max_hp_gain":0,"max_hp_loss":0,"event_name":"Drug Dealer","floor":19,"gold_loss":0},{"damage_healed":0,"gold_gain":250,"player_choice":"Bet on Owner","damage_taken":0,"max_hp_gain":0,"max_hp_loss":0,"event_name":"The Joust","floor":20,"gold_loss":50}],"is_beta":false,"boss_relics":[{"not_picked":["Velvet Choker","Ectoplasm"],"picked":"Pandora\u0027s Box"}],"items_purged_floors":[],"is_endless":false,"potions_floor_spawned":[3,8,10,12,16,18,21],"killed_by":"Gremlin Leader","ascension_level":9}