{"gold_per_floor":[109,34,53,53,53,53,91,91,91,39,63,63,84,160,160,284,284,304,26,50,65,78,78],"floor_reached":23,"playtime":1696,"items_purged":["Injury","Strike_B"],"score":201,"play_id":"18c52cd2-8141-4a53-b72d-191dc70dc008","local_time":"20190505210857","is_ascension_mode":true,"campfire_choices":[{"data":"Streamline","floor":6,"key":"SMITH"},{"floor":15,"key":"REST"}],"neow_cost":"CURSE","seed_source_timestamp":1806130307244094,"circlet_count":0,"master_deck":["Strike_B","Defend_B","Defend_B","Defend_B","Zap","Dualcast","Tempest","Chaos","Gash","Streamline+1","Hologram","Gash+1","Gash+1","Storm","All For One+1","Beam Cell+1","Sweeping Beam+1","Redo+1"],"relics":["FrozenCore","Golden Idol","Molten Egg 2","Mercury Hourglass","The Courier","Shuriken"],"potions_floor_usage":[21,22,23,23,23],"damage_taken":[{"damage":0,"enemies":"Cultist","floor":1,"turns":2},{"damage":6,"enemies":"Jaw Worm","floor":3,"turns":3},{"damage":33,"enemies":"3 Sentries","floor":7,"turns":7},{"damage":0,"enemies":"Small Slimes","floor":11,"turns":2},{"damage":2,"enemies":"Exordium Thugs","floor":13,"turns":3},{"damage":14,"enemies":"Slime Boss","floor":16,"turns":7},{"damage":12,"enemies":"Spheric Guardian","floor":18,"turns":4},{"damage":11,"enemies":"2 Thieves","floor":20,"turns":3},{"damage":12,"enemies":"Snecko","floor":21,"turns":4},{"damage":20,"enemies":"Shelled Parasite and Fungi","floor":22,"turns":3},{"damage":22,"enemies":"Book of Stabbing","floor":23,"turns":3}],"seed_played":"2848357695129895243","potions_obtained":[{"floor":7,"key":"Weak Potion"},{"floor":11,"key":"LiquidBronze"},{"floor":13,"key":"Explosive Potion"},{"floor":20,"key":"AttackPotion"},{"floor":21,"key":"Weak Potion"},{"floor":22,"key":"FocusPotion"}],"is_trial":false,"path_per_floor":["M","$","M","?","?","R","E","?","T","$","M","?","M","T","R","B",null,"M","$","M","M","M","E"],"character_chosen":"DEFECT","items_purchased":["Gash+1","Shuriken"],"campfire_rested":1,"item_purchase_floors":[10,19],"current_hp_per_floor":[75,75,69,69,51,51,18,18,18,18,18,18,16,16,38,24,75,63,63,52,40,20,0],"gold":78,"neow_bonus":"TRANSFORM_TWO_CARDS","is_prod":false,"is_daily":false,"chose_seed":false,"campfire_upgraded":1,"win_rate":0,"timestamp":1557086937,"path_taken":["M","$","M","?","?","R","E","?","T","?","M","?","M","?","R","BOSS","M","$","M","M","M","E"],"build_version":"2019-01-23","purchased_purges":2,"victory":false,"max_hp_per_floor":[75,75,75,75,75,75,75,75,75,75,75,75,75,75,75,75,75,75,75,75,75,75,75],"card_choices":[{"not_picked":["Chill","Steam"],"picked":"Gash","floor":1},{"not_picked":["Self Repair","Static Discharge"],"picked":"Streamline","floor":3},{"not_picked":["Conserve Battery","Capacitor"],"picked":"Hologram","floor":7},{"not_picked":["Chill","Redo"],"picked":"Gash+1","floor":11},{"not_picked":["Hyperbeam+1","Streamline+1","Sunder+1"],"picked":"SKIP","floor":13},{"not_picked":["Multi-Cast","Biased Cognition"],"picked":"All For One+1","floor":16},{"not_picked":["Turbo","Leap"],"picked":"Beam Cell+1","floor":18},{"not_picked":["Streamline+1","Genetic Algorithm+1"],"picked":"Sweeping Beam+1","floor":20},{"not_picked":["Coolheaded","Rip and Tear+1"],"picked":"Redo+1","floor":21},{"not_picked":["Hologram","Melter+1","Compile Driver+1"],"picked":"SKIP","floor":22}],"player_experience":1931852,"relics_obtained":[{"floor":7,"key":"Molten Egg 2"},{"floor":9,"key":"Mercury Hourglass"},{"floor":14,"key":"The Courier"}],"event_choices":[{"damage_healed":0,"gold_gain":0,"player_choice":"Ignored","damage_taken":0,"max_hp_gain":0,"max_hp_loss":0,"event_name":"Liars Game","floor":4,"gold_loss":0},{"damage_healed":0,"gold_gain":0,"player_choice":"Take Damage","damage_taken":18,"relics_obtained":["Golden Idol"],"max_hp_gain":0,"max_hp_loss":0,"event_name":"Golden Idol","floor":5,"gold_loss":0},{"damage_healed":0,"gold_gain":0,"player_choice":"Ignored","damage_taken":0,"max_hp_gain":0,"max_hp_loss":0,"event_name":"Shining Light","floor":8,"gold_loss":0},{"damage_healed":0,"gold_gain":0,"cards_transformed":["Strike_B"],"player_choice":"Change","damage_taken":0,"max_hp_gain":0,"max_hp_loss":0,"event_name":"Living Wall","floor":12,"gold_loss":0,"cards_obtained":["Storm"]}],"is_beta":false,"boss_relics":[{"not_picked":["Snecko Eye","Tiny House"],"picked":"FrozenCore"}],"items_purged_floors":[2,19],"is_endless":false,"potions_floor_spawned":[7,11,13,16,20,21,22],"killed_by":"Book of Stabbing","ascension_level":1}