{"gold_per_floor":[112,125,50,67,86,86,148,162,162,162,62,62,91,14,14,86,86,100,15,29,29,29,29,42,42,42,42,42],"floor_reached":28,"playtime":798,"items_purged":["Strike_R","Strike_R"],"score":400,"play_id":"0ccbd1fd-3d1a-4836-84c2-38841f26f29f","local_time":"20190429103317","is_ascension_mode":true,"campfire_choices":[{"data":"Trip","floor":6,"key":"SMITH"},{"data":"Bash","floor":10,"key":"SMITH"},{"floor":15,"key":"REST"},{"floor":23,"key":"REST"},{"floor":25,"key":"REST"},{"floor":27,"key":"REST"}],"neow_cost":"PERCENT_DAMAGE","seed_source_timestamp":125863943721944,"circlet_count":0,"master_deck":["AscendersBane","Strike_R","Strike_R","Strike_R","Defend_R","Defend_R","Defend_R","Defend_R","Bash+1","Sadistic Nature","Trip+1","Headbutt","Spot Weakness","Cleave","Clothesline","Carnage","Anger","Inflame","Demon Form","Armaments","Ghostly","Ghostly","Ghostly"],"relics":["Burning Blood","Tiny Chest","Sundial","Odd Mushroom","Fusion Hammer","Letter Opener","StoneCalendar"],"potions_floor_usage":[13],"damage_taken":[{"damage":2,"enemies":"Cultist","floor":1,"turns":4},{"damage":7,"enemies":"Jaw Worm","floor":2,"turns":4},{"damage":4,"enemies":"Small Slimes","floor":4,"turns":4},{"damage":11,"enemies":"Exordium Wildlife","floor":5,"turns":3},{"damage":35,"enemies":"3 Sentries","floor":7,"turns":7},{"damage":5,"enemies":"3 Louse","floor":8,"turns":3},{"damage":12,"enemies":"The Mushroom Lair","floor":13,"turns":3},{"damage":30,"enemies":"Hexaghost","floor":16,"turns":9},{"damage":0,"enemies":"Chosen","floor":18,"turns":3},{"damage":35,"enemies":"Spheric Guardian","floor":20,"turns":5},{"damage":22,"enemies":"Snake Plant","floor":24,"turns":4},{"damage":37,"enemies":"Book of Stabbing","floor":28,"turns":4}],"seed_played":"1986277075691197639","potions_obtained":[{"floor":4,"key":"Energy Potion"},{"floor":7,"key":"LiquidBronze"},{"floor":8,"key":"Strength Potion"}],"is_trial":false,"path_per_floor":["M","M","$","M","M","R","E","M","T","R","$","?","?","$","R","B",null,"M","?","M","$","?","R","M","R","T","R","E"],"character_chosen":"IRONCLAD","items_purchased":["Inflame"],"campfire_rested":4,"item_purchase_floors":[14],"current_hp_per_floor":[54,53,53,55,50,50,21,22,22,22,22,22,16,16,38,14,60,66,66,37,37,37,37,21,32,32,37,0],"gold":42,"neow_bonus":"RANDOM_COLORLESS_2","is_prod":false,"is_daily":false,"chose_seed":false,"campfire_upgraded":2,"win_rate":0,"timestamp":1556559197,"path_taken":["M","M","$","M","M","R","E","M","T","R","?","?","?","$","R","BOSS","M","?","M","$","?","R","M","R","T","R","E"],"build_version":"2019-01-23","purchased_purges":2,"victory":false,"max_hp_per_floor":[75,75,75,75,75,75,75,75,75,75,75,75,75,75,75,75,75,75,75,75,75,37,37,37,37,37,37,37],"card_choices":[{"not_picked":["Body Slam","Reckless Charge"],"picked":"Headbutt","floor":1},{"not_picked":["True Grit","Anger"],"picked":"Spot Weakness","floor":2},{"not_picked":["Evolve","Dual Wield"],"picked":"Cleave","floor":4},{"not_picked":["Combust","Pommel Strike"],"picked":"Clothesline","floor":5},{"not_picked":["Sever Soul","Ghostly Armor"],"picked":"Carnage","floor":7},{"not_picked":["Hemokinesis","Perfected Strike"],"picked":"Anger","floor":8},{"not_picked":["Juggernaut","Reaper"],"picked":"Demon Form","floor":16},{"not_picked":["Clothesline","Shrug It Off"],"picked":"Armaments","floor":18},{"not_picked":["Blood for Blood","Warcry","Carnage"],"picked":"SKIP","floor":20},{"not_picked":["Wild Strike","Iron Wave+1","Ghostly Armor"],"picked":"SKIP","floor":24}],"player_experience":499026,"relics_obtained":[{"floor":7,"key":"Tiny Chest"},{"floor":9,"key":"Sundial"},{"floor":13,"key":"Odd Mushroom"},{"floor":26,"key":"StoneCalendar"}],"event_choices":[{"damage_healed":0,"gold_gain":0,"player_choice":"Fled","damage_taken":0,"max_hp_gain":0,"max_hp_loss":0,"event_name":"Scrap Ooze","floor":12,"gold_loss":0},{"damage_healed":0,"gold_gain":0,"player_choice":"Fought Mushrooms","damage_taken":0,"max_hp_gain":0,"max_hp_loss":0,"event_name":"Mushrooms","floor":13,"gold_loss":0},{"damage_healed":0,"gold_gain":0,"player_choice":"Obtained Relic","damage_taken":0,"relics_obtained":["Letter Opener"],"max_hp_gain":0,"max_hp_loss":0,"event_name":"Addict","floor":19,"gold_loss":85},{"damage_healed":0,"gold_gain":0,"player_choice":"Became a Ghost","damage_taken":0,"max_hp_gain":0,"max_hp_loss":38,"event_name":"Ghosts","floor":22,"gold_loss":0,"cards_obtained":["Ghostly","Ghostly","Ghostly"]}],"is_beta":false,"boss_relics":[{"not_picked":["Eternal Feather","Runic Dome"],"picked":"Fusion Hammer"}],"items_purged_floors":[3,11],"is_endless":false,"potions_floor_spawned":[4,7,8],"killed_by":"Book of Stabbing","ascension_level":17}