{"gold_per_floor":[109,109,55,74,74,74,74,117,164,189,204,204,218,237,237,237],"floor_reached":16,"playtime":670,"items_purged":[],"score":122,"play_id":"a6245046-5be0-47c1-b12d-a3f1946b1e6e","local_time":"20190405184329","is_ascension_mode":true,"campfire_choices":[{"data":"Whirlwind","floor":6,"key":"SMITH"},{"floor":15,"key":"REST"}],"neow_cost":"NONE","seed_source_timestamp":32982310316039,"circlet_count":0,"master_deck":["Strike_R","Strike_R","Strike_R","Strike_R","Strike_R","Defend_R","Defend_R","Defend_R","Defend_R","Bash","Whirlwind+1","Shrug It Off","True Grit","Regret","Iron Wave","Flex","Impervious","Rage","Feel No Pain","Fire Breathing"],"relics":["Burning Blood","Dream Catcher","Omamori","Golden Idol","Happy Flower","Blood Vial","Potion Belt"],"potions_floor_usage":[14,16],"damage_taken":[{"damage":4,"enemies":"2 Louse","floor":1,"turns":3},{"damage":4,"enemies":"Cultist","floor":4,"turns":5},{"damage":71,"enemies":"Lagavulin","floor":8,"turns":10},{"damage":0,"enemies":"Small Slimes","floor":10,"turns":3},{"damage":4,"enemies":"2 Fungi Beasts","floor":11,"turns":3},{"damage":3,"enemies":"Large Slime","floor":13,"turns":3},{"damage":5,"enemies":"Exordium Thugs","floor":14,"turns":4},{"damage":64,"enemies":"Hexaghost","floor":16,"turns":14}],"seed_played":"1596951028053189809","potions_obtained":[{"floor":1,"key":"Regen Potion"},{"floor":2,"key":"BloodPotion"},{"floor":2,"key":"SteroidPotion"},{"floor":10,"key":"Block Potion"}],"is_trial":false,"path_per_floor":["M","?","$","M","?","R","?","E","T","M","M","?","M","M","R","B"],"character_chosen":"IRONCLAD","items_purchased":["Shrug It Off"],"campfire_rested":1,"item_purchase_floors":[3],"current_hp_per_floor":[80,80,80,80,80,80,74,9,9,17,21,21,26,36,58,0],"gold":237,"neow_bonus":"RANDOM_COMMON_RELIC","is_prod":false,"is_daily":false,"chose_seed":false,"campfire_upgraded":1,"win_rate":0,"timestamp":1554482609,"path_taken":["M","?","$","?","?","R","?","E","T","M","M","?","M","?","R","BOSS"],"build_version":"2019-01-23","purchased_purges":0,"victory":false,"max_hp_per_floor":[80,80,80,80,80,80,74,74,74,74,74,74,74,74,74,74],"card_choices":[{"not_picked":["Wild Strike","Spot Weakness"],"picked":"Whirlwind","floor":1},{"not_picked":["Sever Soul","Perfected Strike"],"picked":"True Grit","floor":4},{"not_picked":["Burning Pact","Clothesline"],"picked":"Iron Wave","floor":8},{"not_picked":["Hemokinesis","Twin Strike"],"picked":"Flex","floor":10},{"not_picked":["Carnage","Clash"],"picked":"Impervious","floor":11},{"not_picked":["Evolve","Intimidate"],"picked":"Rage","floor":13},{"not_picked":["Cleave","Clothesline"],"picked":"Feel No Pain","floor":14},{"not_picked":["Warcry","Reckless Charge"],"picked":"Fire Breathing","floor":15}],"player_experience":247858,"relics_obtained":[{"floor":8,"key":"Happy Flower"},{"floor":9,"key":"Blood Vial"}],"event_choices":[{"damage_healed":0,"gold_gain":0,"player_choice":"Got Potions","damage_taken":0,"max_hp_gain":0,"max_hp_loss":0,"event_name":"Lab","floor":2,"gold_loss":0},{"damage_healed":0,"gold_gain":0,"player_choice":"Box","damage_taken":0,"relics_obtained":["Omamori"],"max_hp_gain":0,"max_hp_loss":0,"event_name":"Big Fish","floor":5,"gold_loss":0,"cards_obtained":["Regret"]},{"damage_healed":0,"gold_gain":0,"player_choice":"Lose Max HP","damage_taken":0,"relics_obtained":["Golden Idol"],"max_hp_gain":0,"max_hp_loss":6,"event_name":"Golden Idol","floor":7,"gold_loss":0},{"damage_healed":0,"gold_gain":0,"player_choice":"Gave Potion","damage_taken":0,"relics_obtained":["Potion Belt"],"max_hp_gain":0,"max_hp_loss":0,"event_name":"WeMeetAgain","floor":12,"gold_loss":0}],"is_beta":false,"boss_relics":[],"items_purged_floors":[],"is_endless":false,"potions_floor_spawned":[1,10,11],"killed_by":"Hexaghost","ascension_level":4}