{"gold_per_floor":[13,29,43,53,108,136,136,162,162,189,189,289,289,87,87,187,187,187,187,187,187,187,187,187,187,187,187,187,112,112,112,112,112,112,112,112,112,112,112,112],"floor_reached":40,"playtime":1859,"items_purged":[],"score":733,"play_id":"b039c4f7-f683-440c-88c1-b776c53835ee","local_time":"20190428003322","is_ascension_mode":true,"campfire_choices":[{"data":"Metamorphosis","floor":7,"key":"SMITH"},{"floor":11,"key":"REST"},{"data":"Inflame","floor":13,"key":"SMITH"},{"floor":15,"key":"REST"},{"data":"Heavy Blade","floor":30,"key":"SMITH"},{"data":"Seeing Red","floor":32,"key":"SMITH"}],"neow_cost":"NO_GOLD","seed_source_timestamp":1561622849005000,"circlet_count":0,"master_deck":["Strike_R","Strike_R","Strike_R","Strike_R","Defend_R","Defend_R","Defend_R","Defend_R","Bash","Metamorphosis+1","Trip","Heavy Blade+1","Inflame+1","Seeing Red+1","Cleave","Ghostly Armor","Flame Barrier","Limit Break+1","Limit Break+1","Impervious+1","Battle Trance+1","Shrug It Off+1","Whirlwind","Reaper","Disarm+1","Spot Weakness+1","Battle Trance+1","Impervious+1","Double Tap+1"],"relics":["Burning Blood","Bag of Preparation","Question Card","Toxic Egg 2","Dodecahedron","Ectoplasm","Regal Pillow","Shuriken","PreservedInsect","Pen Nib","Fusion Hammer"],"potions_floor_usage":[8,16,23,25,25,25,40,40],"damage_taken":[{"damage":3,"enemies":"Cultist","floor":1,"turns":2},{"damage":9,"enemies":"Jaw Worm","floor":2,"turns":4},{"damage":16,"enemies":"2 Louse","floor":3,"turns":3},{"damage":13,"enemies":"Red Slaver","floor":4,"turns":3},{"damage":35,"enemies":"Lagavulin","floor":6,"turns":6},{"damage":10,"enemies":"Gremlin Nob","floor":8,"turns":3},{"damage":20,"enemies":"Lagavulin","floor":10,"turns":4},{"damage":0,"enemies":"Slime Boss","floor":16,"turns":4},{"damage":7,"enemies":"3 Byrds","floor":18,"turns":4},{"damage":15,"enemies":"Shell Parasite","floor":19,"turns":3},{"damage":25,"enemies":"Sentry and Sphere","floor":20,"turns":4},{"damage":10,"enemies":"Snecko","floor":21,"turns":4},{"damage":27,"enemies":"Snake Plant","floor":22,"turns":4},{"damage":32,"enemies":"Slavers","floor":23,"turns":6},{"damage":7,"enemies":"Chosen and Byrds","floor":24,"turns":4},{"damage":6,"enemies":"Book of Stabbing","floor":25,"turns":3},{"damage":33,"enemies":"Gremlin Leader","floor":27,"turns":3},{"damage":5,"enemies":"Shelled Parasite and Fungi","floor":31,"turns":4},{"damage":56,"enemies":"Collector","floor":33,"turns":6},{"damage":26,"enemies":"3 Shapes","floor":35,"turns":5},{"damage":53,"enemies":"3 Darklings","floor":36,"turns":5},{"damage":28,"enemies":"Sphere and 2 Shapes","floor":38,"turns":4},{"damage":59,"enemies":"Giant Head","floor":40,"turns":6}],"seed_played":"-430743078882980314","potions_obtained":[{"floor":2,"key":"Ancient Potion"},{"floor":6,"key":"SkillPotion"},{"floor":8,"key":"FearPotion"},{"floor":16,"key":"GamblersBrew"},{"floor":18,"key":"SkillPotion"},{"floor":23,"key":"SteroidPotion"},{"floor":24,"key":"SkillPotion"},{"floor":25,"key":"BloodPotion"},{"floor":31,"key":"Energy Potion"},{"floor":35,"key":"Regen Potion"}],"is_trial":false,"path_per_floor":["M","M","M","M","?","E","R","E","T","E","R","?","R","$","R","B",null,"M","M","M","M","M","E","M","E","T","E","T","?","R","M","R","B",null,"M","M","?","M","?","E"],"character_chosen":"IRONCLAD","items_purchased":["Limit Break+1","PowerPotion"],"campfire_rested":2,"item_purchase_floors":[14,14],"current_hp_per_floor":[75,72,62,55,55,26,26,22,22,8,32,32,32,32,56,62,76,75,66,47,43,22,20,35,35,35,50,50,50,50,51,51,52,73,60,25,25,17,17,0],"gold":112,"neow_bonus":"RANDOM_COLORLESS_2","is_prod":false,"is_daily":false,"chose_seed":false,"campfire_upgraded":4,"win_rate":0,"timestamp":1556404402,"path_taken":["M","M","M","?","?","E","R","E","T","E","R","?","R","$","R","BOSS","M","M","M","M","M","E","M","E","T","E","?","?","R","M","R","BOSS","M","M","?","?","?","E"],"build_version":"2019-01-23","purchased_purges":0,"victory":false,"max_hp_per_floor":[80,80,80,80,80,80,80,80,80,80,80,80,80,80,80,80,80,80,80,80,80,80,80,80,80,80,80,80,80,80,80,80,80,80,80,80,80,80,76,76],"card_choices":[{"not_picked":["Corruption","Body Slam"],"picked":"Heavy Blade","floor":1},{"not_picked":["Twin Strike","Wild Strike"],"picked":"Inflame","floor":2},{"not_picked":["Power Through","Iron Wave"],"picked":"Seeing Red","floor":3},{"not_picked":["Warcry","Pommel Strike"],"picked":"Cleave","floor":4},{"not_picked":["Fiend Fire","Headbutt"],"picked":"Ghostly Armor","floor":6},{"not_picked":["Cleave","Metallicize"],"picked":"Flame Barrier","floor":8},{"not_picked":["Havoc+1","Warcry+1","Berserk"],"picked":"Limit Break+1","floor":10},{"not_picked":["Barricade","Fiend Fire","Brutality"],"picked":"Impervious+1","floor":16},{"not_picked":["Fire Breathing+1","Wild Strike+1","Shockwave+1"],"picked":"Battle Trance+1","floor":18},{"not_picked":["Iron Wave","Rampage","Body Slam+1"],"picked":"Shrug It Off+1","floor":19},{"not_picked":["Iron Wave","Second Wind+1","Heavy Blade"],"picked":"Whirlwind","floor":20},{"not_picked":["Pommel Strike","Heavy Blade","Power Through+1"],"picked":"Reaper","floor":21},{"not_picked":["Rupture","Heavy Blade+1","Warcry+1"],"picked":"Disarm+1","floor":22},{"not_picked":["Corruption","Perfected Strike","Bludgeon"],"picked":"Spot Weakness+1","floor":23},{"not_picked":["Sword Boomerang","Armaments+1","Headbutt"],"picked":"Battle Trance+1","floor":24},{"not_picked":["Armaments+1","Intimidate+1","Sword Boomerang+1","Headbutt"],"picked":"SKIP","floor":25},{"not_picked":["Headbutt","Entrench+1","Anger","Armaments+1"],"picked":"SKIP","floor":27},{"not_picked":["Heavy Blade","Havoc+1","Dark Embrace","Armaments+1"],"picked":"SKIP","floor":31},{"not_picked":["Demon Form","Bludgeon","Berserk"],"picked":"Impervious+1","floor":33},{"not_picked":["Body Slam+1","True Grit+1","Thunderclap","Flex+1"],"picked":"SKIP","floor":35},{"not_picked":["Wild Strike+1","Infernal Blade+1","Thunderclap","Perfected Strike"],"picked":"SKIP","floor":36},{"not_picked":["Twin Strike+1","Metallicize","Reckless Charge","Perfected Strike+1"],"picked":"SKIP","floor":38}],"player_experience":815329,"relics_obtained":[{"floor":6,"key":"Bag of Preparation"},{"floor":8,"key":"Question Card"},{"floor":9,"key":"Toxic Egg 2"},{"floor":10,"key":"Dodecahedron"},{"floor":23,"key":"Regal Pillow"},{"floor":25,"key":"Shuriken"},{"floor":27,"key":"PreservedInsect"},{"floor":28,"key":"Pen Nib"}],"event_choices":[{"damage_healed":0,"gold_gain":55,"player_choice":"Gained Gold","damage_taken":0,"max_hp_gain":0,"max_hp_loss":0,"event_name":"Golden Wing","floor":5,"gold_loss":0},{"damage_healed":0,"gold_gain":100,"player_choice":"Pray","damage_taken":0,"max_hp_gain":0,"max_hp_loss":0,"event_name":"Golden Shrine","floor":12,"gold_loss":0},{"cards_removed":["Strike_R"],"damage_healed":0,"gold_gain":0,"player_choice":"Gave Gold","damage_taken":0,"max_hp_gain":0,"max_hp_loss":0,"event_name":"Beggar","floor":29,"gold_loss":75},{"damage_healed":0,"gold_gain":0,"player_choice":"1 cards matched","damage_taken":0,"max_hp_gain":0,"max_hp_loss":0,"event_name":"Match and Keep!","floor":37,"gold_loss":0,"cards_obtained":["Double Tap"]},{"damage_healed":0,"gold_gain":0,"player_choice":"Max HP","damage_taken":0,"max_hp_gain":0,"max_hp_loss":4,"event_name":"Winding Halls","floor":39,"gold_loss":0}],"is_beta":false,"boss_relics":[{"not_picked":["Eternal Feather","Empty Cage"],"picked":"Ectoplasm"},{"not_picked":["Mark of Pain","Pandora\u0027s Box"],"picked":"Fusion Hammer"}],"items_purged_floors":[],"is_endless":false,"potions_floor_spawned":[2,6,8,16,18,21,23,24,25,31,35,36],"killed_by":"Giant Head","ascension_level":7}