{"gold_per_floor":[11,22,39,50,225,225,259,224,224,251,251,251,266,277,277,381,381,395,14,26,45,56,56,71,71,71,90,90,119,119,119,119,220,220,231,243,254,272,48,48,74,91,166,194,194,118,131,150,150,150],"floor_reached":51,"playtime":5479,"items_purged":["Doubt","Anger"],"score":1087,"play_id":"3e58fb28-f051-47b1-a267-c1bbe468b250","local_time":"20190420014831","is_ascension_mode":true,"campfire_choices":[{"data":"Iron Wave","floor":6,"key":"SMITH"},{"data":"True Grit","floor":12,"key":"SMITH"},{"data":"Armaments","floor":15,"key":"SMITH"},{"data":"Offering","floor":23,"key":"SMITH"},{"data":"Fiend Fire","floor":25,"key":"SMITH"},{"data":"Metallicize","floor":28,"key":"SMITH"},{"floor":32,"key":"REST"},{"floor":40,"key":"REST"},{"floor":45,"key":"REST"},{"floor":49,"key":"REST"}],"neow_cost":"NO_GOLD","seed_source_timestamp":114186692880900,"circlet_count":0,"master_deck":["Strike_R","Strike_R","Strike_R","Strike_R","Strike_R","Defend_R","Defend_R","Defend_R","Defend_R","Bash","Offering+1","True Grit+1","Iron Wave+1","Barricade","Armaments+1","Fiend Fire+1","Cleave","Double Tap","Heavy Blade+1","Metallicize+1","Shockwave","Armaments+1","Flame Barrier+1","Iron Wave+1","Clothesline","Perfected Strike","Impervious","Flame Barrier","Uppercut+1","Battle Trance+1","Body Slam","Fiend Fire","Iron Wave","Shrug It Off+1","Spot Weakness","Parasite","Burning Pact","Body Slam"],"relics":["Burning Blood","Centennial Puzzle","Blood Vial","Mercury Hourglass","Snecko Eye","Mummified Hand","Kunai","Blue Candle","Runic Cube","Strawberry","Pear","Red Skull"],"potions_floor_usage":[7,10,20,21,24,29,33,34,37,41,41,50,50,50],"damage_taken":[{"damage":7,"enemies":"Cultist","floor":1,"turns":3},{"damage":8,"enemies":"Jaw Worm","floor":2,"turns":3},{"damage":2,"enemies":"Small Slimes","floor":3,"turns":4},{"damage":20,"enemies":"Gremlin Gang","floor":4,"turns":8},{"damage":12,"enemies":"Gremlin Nob","floor":7,"turns":4},{"damage":29,"enemies":"Lagavulin","floor":10,"turns":5},{"damage":1,"enemies":"3 Louse","floor":13,"turns":3},{"damage":6,"enemies":"Blue Slaver","floor":14,"turns":3},{"damage":43,"enemies":"Hexaghost","floor":16,"turns":13},{"damage":6,"enemies":"Spheric Guardian","floor":18,"turns":3},{"damage":1,"enemies":"Shell Parasite","floor":20,"turns":2},{"damage":23,"enemies":"Snake Plant","floor":21,"turns":2},{"damage":5,"enemies":"3 Cultists","floor":22,"turns":4},{"damage":1,"enemies":"Chosen and Byrds","floor":24,"turns":4},{"damage":6,"enemies":"Cultist and Chosen","floor":27,"turns":5},{"damage":13,"enemies":"Slavers","floor":29,"turns":6},{"damage":6,"enemies":"Collector","floor":33,"turns":11},{"damage":17,"enemies":"3 Darklings","floor":35,"turns":5},{"damage":0,"enemies":"Orb Walker","floor":36,"turns":3},{"damage":6,"enemies":"Spire Growth","floor":37,"turns":5},{"damage":20,"enemies":"Maw","floor":38,"turns":9},{"damage":52,"enemies":"Reptomancer","floor":41,"turns":10},{"damage":3,"enemies":"Jaw Worm Horde","floor":42,"turns":3},{"damage":7,"enemies":"Giant Head","floor":44,"turns":8},{"damage":28,"enemies":"Writhing Mass","floor":47,"turns":5},{"damage":6,"enemies":"Spire Growth","floor":48,"turns":4},{"damage":23,"enemies":"Time Eater","floor":50,"turns":11}],"seed_played":"6034777508258344295","potions_obtained":[{"floor":3,"key":"Weak Potion"},{"floor":7,"key":"Poison Potion"},{"floor":10,"key":"EssenceOfSteel"},{"floor":16,"key":"Swift Potion"},{"floor":21,"key":"GamblersBrew"},{"floor":24,"key":"LiquidBronze"},{"floor":27,"key":"Dexterity Potion"},{"floor":33,"key":"Fruit Juice"},{"floor":37,"key":"Fruit Juice"},{"floor":38,"key":"Dexterity Potion"},{"floor":41,"key":"Weak Potion"},{"floor":44,"key":"SpeedPotion"}],"is_trial":false,"path_per_floor":["M","?","?","?","M","?","?","M"],"character_chosen":"IRONCLAD","items_purchased":["Mummified Hand","Metallicize","Strength Potion","EssenceOfSteel","Spot Weakness"],"campfire_rested":4,"item_purchase_floors":[19,19,39,39,46],"current_hp_per_floor":[71,69,73,59,59,59,53,73,73,52,52,52,59,61,61,26,67,69,69,76,61,64,64,71,71,71,73,73,68,68,68,80,80,85,74,82,89,76,76,90,51,56,66,67,99,99,79,81,107,90],"gold":150,"neow_bonus":"THREE_RARE_CARDS","is_prod":false,"is_daily":false,"chose_seed":false,"campfire_upgraded":6,"win_rate":0,"timestamp":1555746511,"path_taken":["M","M","M","?","?","R","E","?","T","E","?","R","M","M","R","BOSS","M","$","M","M","M","R","M","R","T","?","R","E","?","?","R","BOSS","M","M","?","M","$","R","E","M","T","E","R","$","M","M","R","BOSS"],"build_version":"2019-01-23","purchased_purges":2,"victory":true,"max_hp_per_floor":[80,80,80,80,80,80,80,80,80,80,80,80,80,80,80,80,80,80,80,80,80,80,80,80,80,80,80,80,80,80,80,80,80,85,85,85,90,90,90,90,97,97,107,107,107,107,107,107,107,107],"card_choices":[{"not_picked":["Berserk","Demon Form"],"picked":"Offering","floor":0},{"not_picked":["Sword Boomerang","Wild Strike"],"picked":"True Grit","floor":1},{"not_picked":["Seeing Red","Clash"],"picked":"Anger","floor":2},{"not_picked":["Heavy Blade","Body Slam","Anger"],"picked":"SKIP","floor":3},{"not_picked":["Combust","Body Slam"],"picked":"Iron Wave","floor":4},{"not_picked":["Entrench","Intimidate"],"picked":"Barricade","floor":7},{"not_picked":["Iron Wave","Anger"],"picked":"Armaments","floor":10},{"not_picked":["Iron Wave","Pummel","Sword Boomerang"],"picked":"SKIP","floor":13},{"not_picked":["Intimidate","Headbutt"],"picked":"Cleave","floor":14},{"not_picked":["Brutality","Limit Break"],"picked":"Double Tap","floor":16},{"not_picked":["True Grit","Rage"],"picked":"Heavy Blade+1","floor":18},{"not_picked":["Twin Strike","Sword Boomerang"],"picked":"Shockwave","floor":20},{"not_picked":["Armaments+1","Thunderclap","Wild Strike"],"picked":"SKIP","floor":21},{"not_picked":["Thunderclap","Wild Strike"],"picked":"Armaments+1","floor":21},{"not_picked":["Uppercut+1","Havoc+1"],"picked":"Flame Barrier+1","floor":22},{"not_picked":["Headbutt","Pummel","Twin Strike+1"],"picked":"SKIP","floor":24},{"not_picked":["Bloodletting","Flex"],"picked":"Iron Wave+1","floor":27},{"not_picked":["Fiend Fire","Body Slam+1"],"picked":"Clothesline","floor":29},{"not_picked":["Feed","Brutality"],"picked":"Impervious","floor":33},{"not_picked":["Shrug It Off","Spot Weakness+1"],"picked":"Flame Barrier","floor":35},{"not_picked":["Clothesline","Metallicize"],"picked":"Uppercut+1","floor":36},{"not_picked":["Warcry+1","Sentinel+1"],"picked":"Battle Trance+1","floor":37},{"not_picked":["Flex+1","Headbutt"],"picked":"Body Slam","floor":38},{"not_picked":["Intimidate","Flex+1"],"picked":"Fiend Fire","floor":41},{"not_picked":["Reckless Charge+1","Sword Boomerang"],"picked":"Iron Wave","floor":42},{"not_picked":["Havoc","Brutality"],"picked":"Shrug It Off+1","floor":44},{"not_picked":["Anger+1","Dual Wield"],"picked":"Burning Pact","floor":47},{"not_picked":["Hemokinesis","Anger"],"picked":"Body Slam","floor":48}],"player_experience":584353,"relics_obtained":[{"floor":7,"key":"Centennial Puzzle"},{"floor":9,"key":"Blood Vial"},{"floor":10,"key":"Mercury Hourglass"},{"floor":26,"key":"Kunai"},{"floor":29,"key":"Blue Candle"},{"floor":41,"key":"Strawberry"},{"floor":43,"key":"Pear"},{"floor":44,"key":"Red Skull"}],"event_choices":[{"damage_healed":0,"gold_gain":175,"player_choice":"AGREE","damage_taken":0,"max_hp_gain":0,"max_hp_loss":0,"event_name":"Liars Game","floor":5,"gold_loss":0,"cards_obtained":["Doubt"]},{"damage_healed":20,"gold_gain":0,"player_choice":"Healed","damage_taken":0,"max_hp_gain":0,"max_hp_loss":0,"event_name":"The Cleric","floor":8,"gold_loss":35},{"damage_healed":0,"gold_gain":0,"player_choice":"2 cards matched","damage_taken":0,"max_hp_gain":0,"max_hp_loss":0,"event_name":"Match and Keep!","floor":11,"gold_loss":0,"cards_obtained":["Good Instincts","Fiend Fire"]},{"damage_healed":0,"gold_gain":0,"player_choice":"Read","damage_taken":0,"max_hp_gain":0,"max_hp_loss":0,"event_name":"The Library","floor":30,"gold_loss":0,"cards_obtained":["Perfected Strike"]},{"cards_removed":["Good Instincts"],"damage_healed":0,"gold_gain":0,"player_choice":"Purged","damage_taken":0,"max_hp_gain":0,"max_hp_loss":0,"event_name":"Purifier","floor":31,"gold_loss":0}],"is_beta":false,"boss_relics":[{"not_picked":["Busted Crown","Runic Dome"],"picked":"Snecko Eye"},{"not_picked":["Lizard Tail","Black Star"],"picked":"Runic Cube"}],"items_purged_floors":[19,39],"is_endless":false,"potions_floor_spawned":[3,7,10,16,21,24,27,33,37,38,41,44,48],"ascension_level":7}