{"gold_per_floor":[109,384,401,420,0,28,28,47,71,97,97,125,125,141,141,246,246,258,258,278,296,57,57],"floor_reached":23,"playtime":667,"items_purged":["Regret"],"score":232,"play_id":"15fffb2b-f5c6-4ed1-a908-112d74b90ea0","local_time":"20190127194303","is_ascension_mode":true,"campfire_choices":[{"floor":7,"key":"REST"},{"floor":11,"key":"REST"},{"floor":13,"key":"REST"},{"floor":15,"key":"REST"}],"neow_cost":"NONE","seed_source_timestamp":535158120753064,"circlet_count":0,"master_deck":["Strike_B","Strike_B","Strike_B","Strike_B","Defend_B","Defend_B","Defend_B","Defend_B","Zap","Dualcast","Rebound","Defragment","Defragment+1","Static Discharge","Doom and Gloom","Capacitor","Auto Shields","Leap","Seek","Loop","Buffer","Storm","Static Discharge","Melter+1","Discovery"],"relics":["Cracked Core","Mummified Hand","Smiling Mask","Vajra","Art of War","PreservedInsect","Lizard Tail","Lantern"],"potions_floor_usage":[6,10,10,14,16],"damage_taken":[{"damage":4,"enemies":"2 Louse","floor":1,"turns":2},{"damage":8,"enemies":"Cultist","floor":3,"turns":3},{"damage":23,"enemies":"Small Slimes","floor":4,"turns":3},{"damage":31,"enemies":"Lagavulin","floor":6,"turns":4},{"damage":0,"enemies":"3 Louse","floor":8,"turns":3},{"damage":20,"enemies":"3 Sentries","floor":10,"turns":4},{"damage":27,"enemies":"Gremlin Nob","floor":12,"turns":4},{"damage":9,"enemies":"Red Slaver","floor":14,"turns":3},{"damage":43,"enemies":"The Guardian","floor":16,"turns":8},{"damage":12,"enemies":"Shell Parasite","floor":18,"turns":5},{"damage":34,"enemies":"Chosen","floor":20,"turns":6},{"damage":28,"enemies":"Centurion and Healer","floor":21,"turns":6},{"damage":0,"enemies":"Snecko","floor":23,"turns":1}],"seed_played":"-5433528385891917542","potions_obtained":[{"floor":3,"key":"SpeedPotion"},{"floor":4,"key":"AttackPotion"},{"floor":6,"key":"Ancient Potion"},{"floor":8,"key":"Dexterity Potion"},{"floor":12,"key":"Regen Potion"}],"is_trial":false,"path_per_floor":["M","?","M","M","$","E","R","M","T","E","R","E","R","M","R","B",null,"M","?","M","M","$","M"],"character_chosen":"DEFECT","items_purchased":["Mummified Hand","Static Discharge","Doom and Gloom","Lantern","Discovery"],"campfire_rested":4,"item_purchase_floors":[5,5,5,22,22],"current_hp_per_floor":[78,78,70,47,47,16,40,40,40,20,44,17,41,41,65,22,82,70,70,36,8,8,8],"gold":57,"neow_bonus":"TEN_PERCENT_HP_BONUS","is_prod":false,"is_daily":false,"chose_seed":false,"campfire_upgraded":0,"win_rate":0,"timestamp":1548646983,"path_taken":["M","?","M","M","$","E","R","?","T","E","R","E","R","M","R","BOSS","M","?","?","M","$","M"],"build_version":"2019-01-23","purchased_purges":1,"victory":false,"max_hp_per_floor":[82,82,82,82,82,82,82,82,82,82,82,82,82,82,82,82,82,82,82,82,82,82,82],"card_choices":[{"not_picked":["Turbo","Steam Power"],"picked":"Rebound","floor":1},{"not_picked":["Coolheaded","Consume"],"picked":"Defragment","floor":3},{"not_picked":["Chill","Leap"],"picked":"Defragment","floor":4},{"not_picked":["Hologram","Sweeping Beam"],"picked":"Capacitor","floor":6},{"not_picked":["Conserve Battery","Capacitor"],"picked":"Auto Shields","floor":8},{"not_picked":["Stack","Ball Lightning"],"picked":"Leap","floor":10},{"not_picked":["Rebound","Skim"],"picked":"Seek","floor":12},{"not_picked":["Barrage","Auto Shields"],"picked":"Loop","floor":14},{"not_picked":["Creative AI","Machine Learning"],"picked":"Buffer","floor":16},{"not_picked":["Hologram","Coolheaded"],"picked":"Storm","floor":18},{"not_picked":["Hologram","Rebound"],"picked":"Static Discharge","floor":20},{"not_picked":["Beam Cell","Cold Snap+1"],"picked":"Melter+1","floor":21}],"player_experience":343111,"relics_obtained":[{"floor":6,"key":"Smiling Mask"},{"floor":9,"key":"Vajra"},{"floor":10,"key":"Art of War"},{"floor":12,"key":"PreservedInsect"}],"event_choices":[{"damage_healed":0,"gold_gain":275,"player_choice":"Desecrate","damage_taken":0,"max_hp_gain":0,"max_hp_loss":0,"event_name":"Golden Shrine","floor":2,"gold_loss":0,"cards_obtained":["Regret"]},{"damage_healed":0,"gold_gain":0,"player_choice":"Upgraded","damage_taken":0,"max_hp_gain":0,"max_hp_loss":0,"event_name":"Upgrade Shrine","floor":19,"gold_loss":0,"cards_upgraded":["Defragment"]}],"is_beta":false,"boss_relics":[{"not_picked":["Velvet Choker","Astrolabe"],"picked":"Lizard Tail"}],"items_purged_floors":[5],"is_endless":false,"potions_floor_spawned":[3,4,6,8,12],"killed_by":"Snecko","ascension_level":2}