{"gold_per_floor":[116,130,140,151,49,49,59,88,88,98,98,98,98,124,124,225,225,242,252,252,252,252,252,152,152,175,175,186,206,81,95,95,198,198,212,223,233,245,297,324,324,342,413,441,441,459,559,559,559,559,559,559,34,66,66],"floor_reached":55,"playtime":2670,"items_purged":["Strike_R","Strike_R","Bash"],"score":1121,"play_id":"7b7f0feb-1c7d-4ade-9630-cd76eb66ffe8","local_time":"20190428193244","is_ascension_mode":true,"campfire_choices":[{"data":"Searing Blow","floor":6.0,"key":"SMITH"},{"data":"Searing Blow+2","floor":11.0,"key":"SMITH"},{"data":"Pommel Strike","floor":13.0,"key":"SMITH"},{"data":"Searing Blow+3","floor":15.0,"key":"SMITH"},{"data":"Searing Blow+4","floor":23.0,"key":"SMITH"},{"data":"Searing Blow+5","floor":25.0,"key":"SMITH"},{"data":"Searing Blow+6","floor":27.0,"key":"SMITH"},{"data":"Searing Blow+7","floor":32.0,"key":"SMITH"},{"data":"True Grit","floor":41.0,"key":"SMITH"},{"floor":45.0,"key":"RECALL"},{"data":"Limit Break","floor":49.0,"key":"SMITH"},{"data":"Searing Blow+8","floor":52.0,"key":"SMITH"}],"neow_cost":"NONE","seed_source_timestamp":1329902554890299,"circlet_count":0,"master_deck":["AscendersBane","Strike_R","Defend_R","Defend_R","Defend_R","Defend_R","Feel No Pain","Searing Blow+9","Headbutt","Pommel Strike+1","Feed","Shrug It Off","Shrug It Off","Reaper+1","Spot Weakness","Limit Break+1","True Grit+1","J.A.X.","Uppercut+1","Flex+1","Armaments+1","Pummel+1","Master of Strategy"],"special_seed":0,"relics":["Black Blood","Whetstone","Ice Cream","Velvet Choker","Magic Flower","Turnip","Meat on the Bone","Pantograph","Calipers","Torii","StoneCalendar"],"potions_floor_usage":[55,55],"damage_taken":[{"damage":14.0,"enemies":"Small Slimes","floor":1.0,"turns":5.0},{"damage":19.0,"enemies":"Jaw Worm","floor":2.0,"turns":5.0},{"damage":2.0,"enemies":"2 Louse","floor":3.0,"turns":3.0},{"damage":24.0,"enemies":"Exordium Thugs","floor":4.0,"turns":4.0},{"damage":5.0,"enemies":"Gremlin Gang","floor":7.0,"turns":5.0},{"damage":20.0,"enemies":"3 Sentries","floor":8.0,"turns":5.0},{"damage":3.0,"enemies":"Looter","floor":10.0,"turns":5.0},{"damage":10.0,"enemies":"Gremlin Nob","floor":14.0,"turns":3.0},{"damage":44.0,"enemies":"The Guardian","floor":16.0,"turns":11.0},{"damage":34.0,"enemies":"2 Thieves","floor":18.0,"turns":4.0},{"damage":7.0,"enemies":"Chosen","floor":19.0,"turns":5.0},{"damage":15.0,"enemies":"3 Cultists","floor":28.0,"turns":5.0},{"damage":36.0,"enemies":"Snake Plant","floor":29.0,"turns":3.0},{"damage":19.0,"enemies":"Cultist and Chosen","floor":31.0,"turns":6.0},{"damage":49.0,"enemies":"Collector","floor":33.0,"turns":8.0},{"damage":4.0,"enemies":"Orb Walker","floor":35.0,"turns":2.0},{"damage":38.0,"enemies":"3 Darklings","floor":36.0,"turns":8.0},{"damage":6.0,"enemies":"Sphere and 2 Shapes","floor":37.0,"turns":7.0},{"damage":65.0,"enemies":"Transient","floor":38.0,"turns":5.0},{"damage":42.0,"enemies":"2 Orb Walkers","floor":39.0,"turns":4.0},{"damage":32.0,"enemies":"Nemesis","floor":40.0,"turns":5.0},{"damage":11.0,"enemies":"Maw","floor":42.0,"turns":7.0},{"damage":27.0,"enemies":"Reptomancer","floor":44.0,"turns":6.0},{"damage":16.0,"enemies":"Jaw Worm Horde","floor":46.0,"turns":5.0},{"damage":37.0,"enemies":"Mind Bloom Boss Battle","floor":47.0,"turns":4.0},{"damage":83.0,"enemies":"Time Eater","floor":50.0,"turns":8.0},{"damage":137.0,"enemies":"Shield and Spear","floor":54.0,"turns":7.0},{"damage":102,"enemies":"The Heart","floor":55,"turns":5}],"seed_played":"4328671871118216820","potions_obtained":[{"floor":1.0,"key":"Strength Potion"},{"floor":2.0,"key":"Energy Potion"},{"floor":10.0,"key":"EntropicBrew"},{"floor":14.0,"key":"PowerPotion"},{"floor":28.0,"key":"LiquidBronze"},{"floor":40.0,"key":"Weak Potion"},{"floor":44.0,"key":"SkillPotion"},{"floor":47.0,"key":"EntropicBrew"}],"is_trial":false,"path_per_floor":["M","M","M","M","$","R","M","E","T","M","R","?","R","E","R","B",null,"M","M","?","?","?","R","$","R","T","R","M","M","$","M","R","B",null,"M","M","M","M","?","E","R","M","T","E","R","M","?","?","R","B",null,"R","$","E","B"],"character_chosen":"IRONCLAD","items_purchased":["Shrug It Off","FearPotion","Master of Strategy","Torii"],"campfire_rested":0,"item_purchase_floors":[5,53,53,53],"current_hp_per_floor":[64,51,55,37,37,37,41,30,30,38,38,43,43,42,42,12,76,71,81,81,81,81,81,81,81,81,81,89,69,69,66,66,41,85,91,75,99,70,38,36,36,46,46,107,107,110,105,105,105,63,98,98,98,45,0],"gold":66,"neow_bonus":"TRANSFORM_CARD","is_prod":false,"is_daily":false,"chose_seed":false,"campfire_upgraded":11,"win_rate":0,"timestamp":1556447564,"path_taken":["M","M","M","M","$","R","M","E","T","M","R","?","R","E","R","BOSS","M","M","?","?","?","R","$","R","T","R","M","?","$","?","R","BOSS","M","M","M","M","?","E","R","M","T","E","R","M","?","?","R","BOSS","R","$","E","BOSS"],"build_version":"2019-01-23","purchased_purges":3,"victory":false,"max_hp_per_floor":[80,80,80,80,80,80,83,86,86,86,86,91,91,94,94,97,97,100,100,100,100,100,100,100,100,100,100,100,100,100,100,100,100,100,100,100,103,103,103,103,103,107,107,110,110,110,110,110,110,110,110,110,110,110,110],"card_choices":[{"not_picked":["Corruption","Evolve"],"picked":"Searing Blow","floor":1.0},{"not_picked":["Pommel Strike","Warcry"],"picked":"Headbutt","floor":2.0},{"not_picked":["Twin Strike","Headbutt"],"picked":"Pommel Strike","floor":3.0},{"not_picked":["Ghostly Armor","Clothesline"],"picked":"Feed","floor":4.0},{"not_picked":["Perfected Strike","Anger"],"picked":"Shrug It Off","floor":7.0},{"not_picked":["Fire Breathing","Headbutt"],"picked":"Reaper","floor":8.0},{"not_picked":["Thunderclap","Pommel Strike"],"picked":"Spot Weakness","floor":10.0},{"not_picked":["Thunderclap","Clothesline","Infernal Blade"],"picked":"SKIP","floor":14.0},{"not_picked":["Brutality","Juggernaut"],"picked":"Limit Break","floor":16.0},{"not_picked":["Power Through","Pommel Strike"],"picked":"True Grit","floor":18.0},{"not_picked":["Flame Barrier","Havoc","Shrug It Off"],"picked":"SKIP","floor":19.0},{"not_picked":["Cleave","Feel No Pain","Wild Strike"],"picked":"SKIP","floor":28.0},{"not_picked":["Immolate","Cleave+1"],"picked":"Uppercut+1","floor":29.0},{"not_picked":["Fire Breathing","Wild Strike+1","Thunderclap"],"picked":"SKIP","floor":31.0},{"not_picked":["Rampage+1","Body Slam+1"],"picked":"Flex+1","floor":35.0},{"not_picked":["Cleave","Twin Strike"],"picked":"Armaments+1","floor":36.0},{"not_picked":["Pommel Strike","Combust+1","Hemokinesis+1"],"picked":"SKIP","floor":37.0},{"not_picked":["Evolve","Perfected Strike+1","Burning Pact"],"picked":"SKIP","floor":38.0},{"not_picked":["Evolve+1","Sword Boomerang+1","Power Through+1"],"picked":"SKIP","floor":40.0},{"not_picked":["Warcry+1","Rage"],"picked":"Pummel+1","floor":42.0},{"not_picked":["Armaments+1","Berserk","Body Slam+1"],"picked":"SKIP","floor":44.0},{"not_picked":["Perfected Strike+1","Armaments","Cleave+1"],"picked":"SKIP","floor":46.0},{"not_picked":["Clothesline","Clash","Cleave"],"picked":"SKIP","floor":54.0}],"player_experience":452172,"relics_obtained":[{"floor":8.0,"key":"Whetstone"},{"floor":9.0,"key":"Ice Cream"},{"floor":39.0,"key":"Magic Flower"},{"floor":40.0,"key":"Turnip"},{"floor":43.0,"key":"Meat on the Bone"},{"floor":44.0,"key":"Pantograph"},{"floor":47.0,"key":"Calipers"},{"floor":54.0,"key":"StoneCalendar"}],"event_choices":[{"damage_healed":0.0,"max_hp_gain":5.0,"max_hp_loss":0.0,"gold_gain":0.0,"event_name":"Big Fish","player_choice":"Donut","floor":12.0,"gold_loss":0.0,"damage_taken":0.0},{"damage_healed":0.0,"max_hp_gain":0.0,"max_hp_loss":0.0,"gold_gain":0.0,"event_name":"Ghosts","player_choice":"Ignored","floor":20.0,"gold_loss":0.0,"damage_taken":0.0},{"cards_removed":["Strike_R"],"damage_healed":0.0,"max_hp_gain":0.0,"max_hp_loss":0.0,"gold_gain":0.0,"event_name":"Back to Basics","player_choice":"Elegance","floor":21.0,"gold_loss":0.0,"damage_taken":0.0},{"damage_healed":0.0,"max_hp_gain":0.0,"max_hp_loss":0.0,"gold_gain":0.0,"event_name":"Drug Dealer","player_choice":"Obtain J.A.X.","floor":22.0,"gold_loss":0.0,"damage_taken":0.0,"cards_obtained":["J.A.X."]},{"damage_healed":0.0,"max_hp_gain":0.0,"max_hp_loss":0.0,"gold_gain":0.0,"event_name":"Mysterious Sphere","player_choice":"Fight","floor":39.0,"gold_loss":0.0,"damage_taken":0.0},{"damage_healed":0.0,"max_hp_gain":0.0,"max_hp_loss":0.0,"gold_gain":0.0,"event_name":"MindBloom","player_choice":"Fight","floor":47.0,"gold_loss":0.0,"damage_taken":0.0},{"damage_healed":0.0,"max_hp_gain":0.0,"max_hp_loss":0.0,"gold_gain":0.0,"event_name":"Tomb of Lord Red Mask","player_choice":"Ignored","floor":48.0,"gold_loss":0.0,"damage_taken":0.0}],"is_beta":false,"boss_relics":[{"not_picked":["Runic Cube","Busted Crown"],"picked":"Velvet Choker"},{"not_picked":["Runic Dome","Calling Bell"],"picked":"Black Blood"}],"items_purged_floors":[5,24,30],"is_endless":false,"potions_floor_spawned":[1,2,10,14,28,31,33,37,40,44,47],"killed_by":"The Heart","ascension_level":10}