{"gold_per_floor":[114,134,144,6,16,16,29,29,29,42,53,53,53,3,3,107,107,107,123,13,13,13,13,33,53,53,68,87,87,87],"floor_reached":30,"playtime":953,"items_purged":["Streamline"],"score":226,"play_id":"4e49cff3-14f8-4043-bae2-ac2ffcc7a2b0","local_time":"20181130233206","daily_mods":["Draft"],"is_ascension_mode":false,"campfire_choices":[{"data":"Tempest","floor":6,"key":"SMITH"},{"floor":8,"key":"REST"},{"data":"Electrodynamics","floor":15,"key":"SMITH"},{"floor":23,"key":"REST"}],"neow_cost":"","seed_source_timestamp":7996261196993,"circlet_count":0,"master_deck":["Barrage","Redo","Sweeping Beam","BootSequence","Leap","Lockon","Streamline","Tempest+1","Gash","Defragment","Conserve Battery","Melter","Cold Snap","Chaos","Capacitor","Defragment","Electrodynamics+1","Capacitor","Meteor Strike","BootSequence+1","Darkness","Doom and Gloom","Electrodynamics+1","Redo","Zap"],"relics":["Cracked Core","Pantograph","Nuclear Battery","Molten Egg 2"],"potions_floor_usage":[10,10,16,28],"damage_taken":[{"damage":0,"enemies":"Jaw Worm","floor":1,"turns":2},{"damage":10,"enemies":"Small Slimes","floor":2,"turns":3},{"damage":7,"enemies":"2 Louse","floor":3,"turns":2},{"damage":0,"enemies":"Lots of Slimes","floor":5,"turns":2},{"damage":6,"enemies":"Large Slime","floor":7,"turns":4},{"damage":0,"enemies":"Gremlin Gang","floor":10,"turns":1},{"damage":2,"enemies":"2 Fungi Beasts","floor":11,"turns":3},{"damage":52,"enemies":"Hexaghost","floor":16,"turns":8},{"damage":25,"enemies":"Shell Parasite","floor":18,"turns":4},{"damage":20,"enemies":"2 Thieves","floor":19,"turns":3},{"damage":30,"enemies":"Shelled Parasite and Fungi","floor":24,"turns":4},{"damage":6,"enemies":"Centurion and Healer","floor":25,"turns":4},{"damage":18,"enemies":"Snake Plant","floor":27,"turns":4},{"damage":0,"enemies":"Snecko","floor":28,"turns":3},{"damage":9,"enemies":"Centurion and Healer","floor":30,"turns":2}],"seed_played":"6070811850151397056","potions_obtained":[{"floor":1,"key":"Energy Potion"},{"floor":7,"key":"SkillPotion"},{"floor":11,"key":"SkillPotion"},{"floor":27,"key":"EssenceOfSteel"}],"is_trial":true,"path_per_floor":["M","M","M","$","M","R","M","R","T","M","M","?","?","?","R","B",null,"M","M","$","?","$","R","M","M","T","M","M","?","M"],"character_chosen":"DEFECT","items_purchased":["Electrodynamics","Doom and Gloom"],"campfire_rested":2,"item_purchase_floors":[4,20],"current_hp_per_floor":[75,65,58,58,58,58,52,74,74,74,72,77,77,77,77,28,80,55,35,35,35,35,59,29,23,23,5,5,5,0],"gold":87,"neow_bonus":"","is_prod":false,"is_daily":false,"chose_seed":false,"campfire_upgraded":2,"win_rate":0,"timestamp":1543649526,"path_taken":["M","M","M","$","M","R","M","R","T","M","M","?","?","?","R","BOSS","M","M","$","?","$","R","M","M","T","M","?","?","?"],"build_version":"2018-11-15","purchased_purges":1,"victory":false,"max_hp_per_floor":[75,75,75,75,75,75,75,75,75,75,75,80,80,80,80,80,80,80,80,80,80,80,80,80,80,80,80,80,80,80],"card_choices":[{"not_picked":["Reinforced Body","Conserve Battery"],"picked":"Barrage","floor":0},{"not_picked":["Cold Snap","Gash"],"picked":"Redo","floor":0},{"not_picked":["Skim","Genetic Algorithm"],"picked":"Sweeping Beam","floor":0},{"not_picked":["Steam","Leap"],"picked":"BootSequence","floor":0},{"not_picked":["Steam","Sweeping Beam"],"picked":"Leap","floor":0},{"not_picked":["Coolheaded","Conserve Battery"],"picked":"Lockon","floor":0},{"not_picked":["Redo","Go for the Eyes"],"picked":"Streamline","floor":0},{"not_picked":["Rip and Tear","Storm"],"picked":"Streamline","floor":0},{"not_picked":["Cold Snap","Conserve Battery"],"picked":"Tempest","floor":0},{"not_picked":["Storm","Barrage"],"picked":"Gash","floor":0},{"not_picked":["Ball Lightning","Compile Driver"],"picked":"Defragment","floor":0},{"not_picked":["Tempest","Stack"],"picked":"Conserve Battery","floor":0},{"not_picked":["Go for the Eyes","Hologram"],"picked":"Melter","floor":0},{"not_picked":["Conserve Battery","Turbo"],"picked":"Cold Snap","floor":0},{"not_picked":["Stack","Turbo"],"picked":"Chaos","floor":0},{"not_picked":["Ball Lightning","Chaos","Gash"],"picked":"SKIP","floor":1},{"not_picked":["Hologram","Conserve Battery"],"picked":"Capacitor","floor":2},{"not_picked":["Capacitor","Steam"],"picked":"Defragment","floor":3},{"not_picked":["Hologram","Sweeping Beam","Ball Lightning"],"picked":"SKIP","floor":5},{"not_picked":["Gash","Glacier"],"picked":"Consume","floor":7},{"not_picked":["Glacier","Aggregate"],"picked":"Capacitor","floor":10},{"not_picked":["Sweeping Beam","Streamline","Chaos"],"picked":"SKIP","floor":11},{"not_picked":["Seek","Thunder Strike"],"picked":"Meteor Strike","floor":16},{"not_picked":["Stack","Double Energy"],"picked":"BootSequence+1","floor":18},{"not_picked":["Leap+1","Tempest+1"],"picked":"Darkness","floor":19},{"not_picked":["Cold Snap+1","Steam+1"],"picked":"Redo","floor":24},{"not_picked":["Beam Cell","Ball Lightning","Rip and Tear"],"picked":"SKIP","floor":25},{"not_picked":["Genetic Algorithm","Leap","Turbo"],"picked":"SKIP","floor":27},{"not_picked":["Coolheaded+1","Sweeping Beam+1","Leap"],"picked":"SKIP","floor":28}],"player_experience":101648,"relics_obtained":[{"floor":9,"key":"Pantograph"},{"floor":26,"key":"Molten Egg 2"}],"event_choices":[{"damage_healed":0,"gold_gain":0,"player_choice":"Donut","damage_taken":0,"max_hp_gain":5,"max_hp_loss":0,"event_name":"Big Fish","floor":12,"gold_loss":0},{"damage_healed":0,"gold_gain":0,"player_choice":"Searched \u00270\u0027 times","damage_taken":0,"max_hp_gain":0,"max_hp_loss":0,"event_name":"Dead Adventurer","floor":13,"gold_loss":0},{"cards_removed":["Consume"],"damage_healed":0,"gold_gain":0,"player_choice":"Card Removal","damage_taken":0,"max_hp_gain":0,"max_hp_loss":0,"event_name":"The Cleric","floor":14,"gold_loss":50},{"damage_healed":0,"gold_gain":0,"player_choice":"Copied","damage_taken":0,"max_hp_gain":0,"max_hp_loss":0,"event_name":"Duplicator","floor":21,"gold_loss":0,"cards_obtained":["Electrodynamics"]},{"damage_healed":0,"gold_gain":0,"player_choice":"1 cards matched","damage_taken":0,"max_hp_gain":0,"max_hp_loss":0,"event_name":"Match and Keep!","floor":29,"gold_loss":0,"cards_obtained":["Zap"]}],"is_beta":false,"boss_relics":[{"not_picked":["Black Star","Tiny House"],"picked":"Nuclear Battery"}],"items_purged_floors":[20],"is_endless":false,"potions_floor_spawned":[1,7,11,27],"killed_by":"Centurion and Healer","ascension_level":0}