{"gold_per_floor":[118,132,143,143,161,193,193,220,220,248,248,248,248,262,262,381,381,396,396,336,359,402,402,442,462,546,564,564,582,601,620,620,745,745,766,786,1008,11,11,44,59,59,59,75,75,91,424,438,438,438],"floor_reached":51,"playtime":2089,"items_purged":["Strike_R","Strike_R"],"score":846,"play_id":"f0877b90-4c7b-4a45-a3a7-9f21a2ec5f40","local_time":"20180917100231","is_ascension_mode":false,"campfire_choices":[{"data":"Flame Barrier","floor":7.0,"key":"SMITH"},{"data":"Rampage","floor":11.0,"key":"SMITH"},{"data":"Blood for Blood","floor":15.0,"key":"SMITH"},{"data":"Barricade","floor":23.0,"key":"SMITH"},{"floor":32,"key":"REST"},{"floor":49,"key":"REST"}],"neow_cost":"NONE","seed_source_timestamp":0,"circlet_count":0,"master_deck":["Strike_R","Strike_R","Defend_R","Defend_R","Defend_R","Bash+1","Flame Barrier+1","Iron Wave+1","Rampage+1","Blood for Blood+1","Barricade+1","Headbutt","Iron Wave+1","Metallicize","Body Slam+1","Madness","Madness"],"special_seed":0,"relics":["Black Blood","WingedGreaves","The Courier","Mercury Hourglass","Question Card","Busted Crown","Red Mask","Centennial Puzzle","Tiny Chest","Enchiridion","Bronze Scales","Singing Bowl","Art of War","Paper Frog","Oddly Smooth Stone","Lantern","Blue Candle"],"potions_floor_usage":[33,33,41,41,50],"damage_taken":[{"damage":8.0,"enemies":"Jaw Worm","floor":1.0,"turns":3.0},{"damage":1.0,"enemies":"Cultist","floor":2.0,"turns":4.0},{"damage":5.0,"enemies":"Small Slimes","floor":3.0,"turns":4.0},{"damage":15.0,"enemies":"Exordium Thugs","floor":5.0,"turns":7.0},{"damage":2.0,"enemies":"Gremlin Nob","floor":6.0,"turns":4.0},{"damage":17.0,"enemies":"3 Sentries","floor":8.0,"turns":9.0},{"damage":21.0,"enemies":"Gremlin Nob","floor":10.0,"turns":4.0},{"damage":8.0,"enemies":"Lots of Slimes","floor":14.0,"turns":3.0},{"damage":31.0,"enemies":"Hexaghost","floor":16.0,"turns":9.0},{"damage":14.0,"enemies":"2 Thieves","floor":18.0,"turns":3.0},{"damage":0.0,"enemies":"3 Byrds","floor":21.0,"turns":4.0},{"damage":10.0,"enemies":"Masked Bandits","floor":22.0,"turns":4.0},{"damage":18.0,"enemies":"Slavers","floor":24.0,"turns":4.0},{"damage":8.0,"enemies":"Shelled Parasite and Fungi","floor":25.0,"turns":7.0},{"damage":10.0,"enemies":"Snecko","floor":27.0,"turns":4.0},{"damage":5.0,"enemies":"Sentry and Sphere","floor":29.0,"turns":4.0},{"damage":2,"enemies":"Centurion and Healer","floor":30,"turns":6},{"damage":3,"enemies":"Cultist and Chosen","floor":31,"turns":5},{"damage":0,"enemies":"Champ","floor":33,"turns":15},{"damage":21,"enemies":"3 Darklings","floor":35,"turns":6},{"damage":0,"enemies":"3 Shapes","floor":36,"turns":8},{"damage":0,"enemies":"Nemesis","floor":40,"turns":7},{"damage":21,"enemies":"Transient","floor":41,"turns":5},{"damage":0,"enemies":"4 Shapes","floor":44,"turns":7},{"damage":7,"enemies":"Sphere and 2 Shapes","floor":46,"turns":6},{"damage":19,"enemies":"3 Darklings","floor":48,"turns":5},{"damage":66,"enemies":"Awakened One","floor":50,"turns":9}],"seed_played":"4688931858938290445","potions_obtained":[{"floor":3.0,"key":"Swift Potion"},{"floor":6.0,"key":"Regen Potion"},{"floor":14.0,"key":"Fire Potion"},{"floor":16.0,"key":"Poison Potion"},{"floor":22.0,"key":"Explosive Potion"},{"floor":24.0,"key":"SkillPotion"},{"floor":27.0,"key":"Energy Potion"},{"floor":29,"key":"Block Potion"},{"floor":31,"key":"LiquidBronze"},{"floor":35,"key":"SkillPotion"},{"floor":48,"key":"SteroidPotion"}],"is_trial":false,"path_per_floor":["M","M","M","?","M","E","R","E","T","E","R","?","?","M","R","B",null,"M","?","$","M","?","R","E","M","T","M","?","M","M","M","R","B",null,"M","M","?","$","?","E","M","?","T","M","$","M","?","M","R","B"],"character_chosen":"IRONCLAD","items_purchased":["Bronze Scales","Singing Bowl","Metallicize","Art of War","Paper Frog","Oddly Smooth Stone"],"campfire_rested":2,"item_purchase_floors":[38,38,38,38,38,38],"current_hp_per_floor":[78,80,80,80,71,75,75,64,64,61,61,61,41,39,39,14,80,72,72,72,78,74,74,62,60,60,56,40,41,45,48,72,78,80,69,79,79,79,79,80,71,61,61,73,73,78,78,71,88,32],"gold":438,"neow_bonus":"UPGRADE_CARD","is_prod":false,"is_daily":false,"chose_seed":false,"campfire_upgraded":4,"win_rate":0,"timestamp":1537203751,"path_taken":["M","M","M","?","M","E","R","E","T","E","R","?","?","M","R","BOSS","M","?","$","M","?","R","E","M","T","M","?","M","?","?","R","BOSS","M","?","?","$","?","E","M","?","T","?","$","M","?","M","R","BOSS"],"build_version":"2018-09-06","purchased_purges":2,"victory":true,"max_hp_per_floor":[80,80,80,80,80,80,80,80,80,80,80,80,80,80,80,80,80,80,80,80,80,80,80,80,80,80,80,80,80,80,80,80,80,80,80,80,80,80,80,80,82,82,82,84,84,86,86,88,88,88],"card_choices":[{"not_picked":["Clothesline","Wild Strike"],"picked":"Flame Barrier","floor":1.0},{"not_picked":["Shrug It Off","Uppercut"],"picked":"Iron Wave","floor":2.0},{"not_picked":["Power Through","Anger","True Grit"],"picked":"SKIP","floor":3.0},{"not_picked":["Seeing Red","Havoc"],"picked":"Rampage","floor":5.0},{"not_picked":["Anger","Fire Breathing","Evolve"],"picked":"SKIP","floor":6.0},{"not_picked":["Twin Strike","Combust","Body Slam"],"picked":"SKIP","floor":8.0},{"not_picked":["Impervious","Rupture","True Grit"],"picked":"SKIP","floor":10.0},{"not_picked":["Clothesline","Bloodletting","Blood for Blood","Heavy Blade"],"picked":"SKIP","floor":14.0},{"not_picked":["Juggernaut","Limit Break","Fiend Fire"],"picked":"Barricade","floor":16.0},{"not_picked":["Sentinel+1","Headbutt"],"picked":"SKIP","floor":18.0},{"not_picked":["Anger"],"picked":"Headbutt","floor":21.0},{"not_picked":["Feel No Pain+1","Juggernaut"],"picked":"SKIP","floor":24.0},{"not_picked":["Bloodletting","Havoc"],"picked":"SKIP","floor":25.0},{"not_picked":["Pommel Strike+1","Sever Soul"],"picked":"SKIP","floor":27.0},{"not_picked":["Combust","Corruption"],"picked":"SKIP","floor":29},{"not_picked":["Body Slam","Evolve"],"picked":"SKIP","floor":30},{"not_picked":["Heavy Blade","Wild Strike"],"picked":"SKIP","floor":31},{"not_picked":["Inflame"],"picked":"Iron Wave+1","floor":35},{"not_picked":["Havoc+1","Dropkick"],"picked":"SKIP","floor":36},{"not_picked":["Thunderclap+1"],"picked":"Body Slam+1","floor":40},{"not_picked":["Reckless Charge+1","Sword Boomerang+1"],"picked":"Singing Bowl","floor":41},{"not_picked":["Iron Wave","Dropkick"],"picked":"Singing Bowl","floor":44},{"not_picked":["Flex+1","Twin Strike"],"picked":"Singing Bowl","floor":46},{"not_picked":["Power Through","Infernal Blade+1"],"picked":"Singing Bowl","floor":48}],"player_experience":233114,"relics_obtained":[{"floor":6.0,"key":"WingedGreaves"},{"floor":8.0,"key":"The Courier"},{"floor":9.0,"key":"Mercury Hourglass"},{"floor":10.0,"key":"Question Card"},{"floor":22.0,"key":"Red Mask"},{"floor":24.0,"key":"Centennial Puzzle"},{"floor":26.0,"key":"Tiny Chest"},{"floor":28.0,"key":"Enchiridion"},{"floor":40,"key":"Lantern"},{"floor":43,"key":"Blue Candle"}],"event_choices":[{"event_name":"Upgrade Shrine","player_choice":"Upgraded","floor":4.0,"damage_taken":0.0},{"event_name":"Transmorgrifier","player_choice":"Transform","floor":12.0,"damage_taken":0.0},{"event_name":"Golden Idol","player_choice":"Take Damage","floor":13.0,"damage_taken":0.0},{"event_name":"Ghosts","player_choice":"Ignored","floor":19.0,"damage_taken":0.0},{"event_name":"Masked Bandits","player_choice":"Fought Bandits","floor":22.0,"damage_taken":0.0},{"event_name":"Cursed Tome","player_choice":"Obtained Book","floor":28.0,"damage_taken":0.0},{"event_name":"Tomb of Lord Red Mask","player_choice":"Wore Mask","floor":37,"damage_taken":0},{"event_name":"Falling","player_choice":"Removed Skill","floor":39,"damage_taken":0},{"event_name":"Winding Halls","player_choice":"Embrace Madness","floor":42,"damage_taken":0},{"event_name":"The Moai Head","player_choice":"Gave Idol","floor":47,"damage_taken":0}],"is_beta":false,"boss_relics":[{"not_picked":["Astrolabe","Orrery"],"picked":"Busted Crown"},{"not_picked":["Tiny House","Runic Cube"],"picked":"Black Blood"}],"items_purged_floors":[20,38],"is_endless":false,"potions_floor_spawned":[3,6,14,16,22,24,27,29,31,35,48],"ascension_level":0}