{"gold_per_floor":[112,130,145,160,172,205,221,221,273,283,313,11,41,57,57,57],"floor_reached":16,"playtime":504,"items_purged":[],"score":128,"play_id":"ea937cc8-3879-4672-b865-094fd55b34e8","local_time":"20190127003432","is_ascension_mode":true,"campfire_choices":[{"floor":8,"key":"REST"},{"floor":15,"key":"REST"}],"neow_cost":"NONE","seed_source_timestamp":466410093292460,"circlet_count":0,"master_deck":["Strike_B","Strike_B","Strike_B","Strike_B","Defend_B","Defend_B","Defend_B","Defend_B","Zap","Dualcast","Streamline","FTL","Doom and Gloom","Auto Shields","Static Discharge","Lockon","Consume","Rainbow","Stack","Conserve Battery","Rebound","Capacitor","BootSequence"],"relics":["Cracked Core","Strawberry","PreservedInsect","Anchor"],"potions_floor_usage":[5,6,10,14],"damage_taken":[{"damage":6,"enemies":"Cultist","floor":1,"turns":3},{"damage":6,"enemies":"2 Louse","floor":2,"turns":2},{"damage":5,"enemies":"Small Slimes","floor":3,"turns":2},{"damage":15,"enemies":"3 Louse","floor":4,"turns":2},{"damage":0,"enemies":"Exordium Thugs","floor":5,"turns":3},{"damage":20,"enemies":"Gremlin Nob","floor":6,"turns":4},{"damage":2,"enemies":"2 Fungi Beasts","floor":7,"turns":3},{"damage":18,"enemies":"Large Slime","floor":10,"turns":3},{"damage":25,"enemies":"Lagavulin","floor":11,"turns":5},{"damage":0,"enemies":"Lots of Slimes","floor":14,"turns":2},{"damage":44,"enemies":"Hexaghost","floor":16,"turns":8}],"seed_played":"-279221262210106548","potions_obtained":[{"floor":2,"key":"Energy Potion"},{"floor":4,"key":"Explosive Potion"},{"floor":7,"key":"Swift Potion"},{"floor":11,"key":"FocusPotion"},{"floor":14,"key":"SpeedPotion"}],"is_trial":false,"path_per_floor":["M","M","M","M","M","E","M","R","T","M","E","$","?","M","R","B"],"character_chosen":"DEFECT","items_purchased":["Anchor","Conserve Battery","Rebound","Capacitor"],"campfire_rested":2,"item_purchase_floors":[12,12,12,12],"current_hp_per_floor":[76,70,65,50,50,37,35,61,61,43,18,18,18,18,44,0],"gold":57,"neow_bonus":"TEN_PERCENT_HP_BONUS","is_prod":false,"is_daily":false,"chose_seed":false,"campfire_upgraded":0,"win_rate":0,"timestamp":1548578072,"path_taken":["M","M","?","?","M","E","M","R","T","M","E","$","?","M","R","BOSS"],"build_version":"2019-01-23","purchased_purges":0,"victory":false,"max_hp_per_floor":[82,82,82,82,82,89,89,89,89,89,89,89,89,89,89,89],"card_choices":[{"not_picked":["Rebound","Stack"],"picked":"Streamline","floor":1},{"not_picked":["Rebound","Hologram"],"picked":"FTL","floor":2},{"not_picked":["Storm","Reprogram"],"picked":"Doom and Gloom","floor":3},{"not_picked":["Stack","Cold Snap"],"picked":"Auto Shields","floor":4},{"not_picked":["Cold Snap","Scrape"],"picked":"Static Discharge","floor":5},{"not_picked":["Barrage","Steam"],"picked":"Lockon","floor":6},{"not_picked":["Barrage","Rebound"],"picked":"Consume","floor":7},{"not_picked":["Fusion","Coolheaded"],"picked":"Rainbow","floor":10},{"not_picked":["Turbo","Double Energy"],"picked":"Stack","floor":11},{"not_picked":["Turbo","Ball Lightning"],"picked":"BootSequence","floor":14}],"player_experience":341548,"relics_obtained":[{"floor":6,"key":"Strawberry"},{"floor":11,"key":"PreservedInsect"}],"event_choices":[{"damage_healed":0,"gold_gain":30,"player_choice":"Searched \u00271\u0027 times","damage_taken":0,"max_hp_gain":0,"max_hp_loss":0,"event_name":"Dead Adventurer","floor":13,"gold_loss":0}],"is_beta":false,"boss_relics":[],"items_purged_floors":[],"is_endless":false,"potions_floor_spawned":[2,4,7,11,14],"killed_by":"Hexaghost","ascension_level":2}