{"gold_per_floor":[13,26,26,26,40,68,88,88,159,178,178,14,24,44,44,147,147,162,162,10,10,10,10,38,56,86,86,114,139,139],"floor_reached":30,"playtime":1288,"items_purged":[],"score":281,"play_id":"dd5ef3af-f2ef-48d7-a168-da8cc0a76906","local_time":"20190424132954","is_ascension_mode":true,"campfire_choices":[{"data":"Zap","floor":8,"key":"SMITH"},{"floor":15,"key":"REST"},{"data":"RitualDagger","floor":23,"key":"SMITH"},{"data":"Metamorphosis","floor":27,"key":"SMITH"}],"neow_cost":"NO_GOLD","seed_source_timestamp":828528998152814,"circlet_count":0,"master_deck":["Strike_B","Strike_B","Defend_B+1","Defend_B","Defend_B+1","Defend_B","Zap+1","Dualcast","Ball Lightning+1","Gash+1","Gash","Metamorphosis+1","Reinforced Body","Electrodynamics","Cold Snap+1","RitualDagger+1","FTL","Go for the Eyes","Rip and Tear"],"relics":["Cracked Core","Gambling Chip","Smiling Mask","Ornamental Fan","Inserter","War Paint","Nloth\u0027s Gift","Bronze Scales","Tiny Chest","Nunchaku","Whetstone"],"potions_floor_usage":[5,7,16,28,28,30],"damage_taken":[{"damage":1,"enemies":"Cultist","floor":1,"turns":3},{"damage":0,"enemies":"Small Slimes","floor":2,"turns":2},{"damage":0,"enemies":"2 Louse","floor":5,"turns":2},{"damage":21,"enemies":"Lagavulin","floor":6,"turns":5},{"damage":6,"enemies":"Large Slime","floor":7,"turns":3},{"damage":8,"enemies":"Lots of Slimes","floor":10,"turns":3},{"damage":5,"enemies":"Exordium Wildlife","floor":13,"turns":3},{"damage":22,"enemies":"Gremlin Gang","floor":14,"turns":3},{"damage":8,"enemies":"Slime Boss","floor":16,"turns":7},{"damage":5,"enemies":"Chosen","floor":18,"turns":4},{"damage":14,"enemies":"Book of Stabbing","floor":24,"turns":4},{"damage":0,"enemies":"Spheric Guardian","floor":25,"turns":2},{"damage":11,"enemies":"Gremlin Leader","floor":28,"turns":4},{"damage":46,"enemies":"Slavers","floor":30,"turns":3}],"seed_played":"2744044302522728153","potions_obtained":[{"floor":1,"key":"AttackPotion"},{"floor":6,"key":"Fire Potion"},{"floor":10,"key":"EssenceOfSteel"},{"floor":18,"key":"Explosive Potion"},{"floor":24,"key":"SkillPotion"},{"floor":28,"key":"Fire Potion"}],"is_trial":false,"path_per_floor":["M","M","T","?","M","E","M","R","T","M","?","$","M","M","R","B",null,"M","?","$","?","?","R","E","M","T","R","E","T","E"],"character_chosen":"DEFECT","items_purchased":["Metamorphosis","War Paint"],"campfire_rested":1,"item_purchase_floors":[12,20],"current_hp_per_floor":[74,74,74,74,74,53,47,47,47,39,39,39,34,12,34,26,75,70,70,70,64,64,64,50,50,50,50,39,39,0],"gold":139,"neow_bonus":"ONE_RARE_RELIC","is_prod":false,"is_daily":false,"chose_seed":false,"campfire_upgraded":3,"win_rate":0,"timestamp":1556108994,"path_taken":["M","M","?","?","M","E","M","R","T","M","?","$","M","M","R","BOSS","M","?","$","?","?","R","E","?","T","R","E","?","E"],"build_version":"2019-01-23","purchased_purges":0,"victory":false,"max_hp_per_floor":[75,75,75,75,75,75,75,75,75,75,75,75,75,75,75,75,75,75,75,75,75,75,75,75,75,75,75,75,75,75],"card_choices":[{"not_picked":["Double Energy","Lockon"],"picked":"Ball Lightning","floor":1},{"not_picked":["Ball Lightning","Sweeping Beam"],"picked":"Gash","floor":2},{"not_picked":["Go for the Eyes","Melter"],"picked":"Gash","floor":5},{"not_picked":["Reboot","Conserve Battery","Stack"],"picked":"SKIP","floor":6},{"not_picked":["Skim","Leap","Aggregate"],"picked":"SKIP","floor":7},{"not_picked":["Skim","Conserve Battery","Hello World"],"picked":"SKIP","floor":10},{"not_picked":["Steam","Compile Driver","Rebound"],"picked":"SKIP","floor":13},{"not_picked":["Fusion","Hologram"],"picked":"Reinforced Body","floor":14},{"not_picked":["Echo Form","Biased Cognition"],"picked":"Electrodynamics","floor":16},{"not_picked":["Coolheaded","Barrage"],"picked":"Cold Snap+1","floor":18},{"not_picked":["Barrage+1","Meteor Strike"],"picked":"FTL","floor":24},{"not_picked":["Stack","Sunder"],"picked":"Go for the Eyes","floor":25},{"not_picked":["Thunder Strike","Hyperbeam"],"picked":"Rip and Tear","floor":28}],"player_experience":1834140,"relics_obtained":[{"floor":3,"key":"Smiling Mask"},{"floor":6,"key":"Juzu Bracelet"},{"floor":9,"key":"Ornamental Fan"},{"floor":24,"key":"Bronze Scales"},{"floor":26,"key":"Tiny Chest"},{"floor":28,"key":"Nunchaku"},{"floor":29,"key":"Whetstone"}],"event_choices":[{"cards_removed":["Strike_B"],"damage_healed":0,"gold_gain":0,"player_choice":"Offered Basic","damage_taken":0,"max_hp_gain":0,"max_hp_loss":0,"event_name":"Bonfire Elementals","floor":4,"gold_loss":0},{"cards_removed":["Strike_B"],"damage_healed":0,"gold_gain":0,"player_choice":"Purged","damage_taken":0,"max_hp_gain":0,"max_hp_loss":0,"event_name":"Purifier","floor":11,"gold_loss":0},{"damage_healed":0,"gold_gain":0,"player_choice":"Ignored","damage_taken":0,"max_hp_gain":0,"max_hp_loss":0,"event_name":"Vampires","floor":19,"gold_loss":0},{"damage_healed":0,"gold_gain":0,"player_choice":"Joined the Cult","damage_taken":6,"max_hp_gain":0,"max_hp_loss":0,"event_name":"Nest","floor":21,"gold_loss":0,"cards_obtained":["RitualDagger"]},{"damage_healed":0,"gold_gain":0,"player_choice":"Traded Relic","damage_taken":0,"relics_obtained":["Nloth\u0027s Gift"],"max_hp_gain":0,"max_hp_loss":0,"event_name":"N\u0027loth","floor":22,"relics_lost":["Juzu Bracelet"],"gold_loss":0}],"is_beta":false,"boss_relics":[{"not_picked":["Lizard Tail","Eternal Feather"],"picked":"Inserter"}],"items_purged_floors":[],"is_endless":false,"potions_floor_spawned":[1,6,10,18,24,28],"killed_by":"Slavers","ascension_level":1}