{"gold_per_floor":[114,114,132,19,19,50,50,79,102,102,134,134,149,165,165,242,242,252,269,124,139,153,183,183,183,232,264,276,288,315,345,357,369],"floor_reached":33,"playtime":1089,"items_purged":["Strike_G"],"score":590,"play_id":"e03efaf6-e63b-413d-8a0e-b1ee3fae0e49","local_time":"20190502212134","is_ascension_mode":true,"campfire_choices":[{"data":"Catalyst","floor":7,"key":"SMITH"},{"data":"Poisoned Stab","floor":10,"key":"SMITH"},{"floor":15,"key":"REST"},{"floor":25,"key":"REST"},{"floor":29,"key":"REST"},{"data":"Noxious Fumes","floor":32,"key":"SMITH"}],"neow_cost":"NONE","seed_source_timestamp":1677451087521150,"circlet_count":0,"master_deck":["AscendersBane","Defend_G","Defend_G","Defend_G","Defend_G","Defend_G","Strike_G","Strike_G","Strike_G","Survivor","Neutralize","Backstab","Poisoned Stab+1","Noxious Fumes+1","Catalyst+1","Noxious Fumes","Corpse Explosion","Deadly Poison","Corpse Explosion","Noxious Fumes+1","PiercingWail","Backflip+1","Leg Sweep","Catalyst"],"relics":["Ring of the Serpent","NeowsBlessing","Pen Nib","Ice Cream","Bottled Lightning","Bronze Scales","Frozen Egg 2","Snake Skull","Tingsha","MawBank"],"potions_floor_usage":[23,33],"damage_taken":[{"damage":0,"enemies":"Jaw Worm","floor":1,"turns":1},{"damage":0,"enemies":"Cultist","floor":3,"turns":1},{"damage":0,"enemies":"3 Sentries","floor":6,"turns":1},{"damage":18,"enemies":"Gremlin Nob","floor":8,"turns":4},{"damage":12,"enemies":"Lagavulin","floor":11,"turns":5},{"damage":0,"enemies":"Small Slimes","floor":13,"turns":3},{"damage":7,"enemies":"Red Slaver","floor":14,"turns":3},{"damage":25,"enemies":"Hexaghost","floor":16,"turns":6},{"damage":0,"enemies":"Spheric Guardian","floor":18,"turns":3},{"damage":0,"enemies":"3 Byrds","floor":19,"turns":2},{"damage":15,"enemies":"Centurion and Healer","floor":21,"turns":4},{"damage":5,"enemies":"Snecko","floor":22,"turns":4},{"damage":16,"enemies":"Gremlin Leader","floor":23,"turns":5},{"damage":0,"enemies":"3 Cultists","floor":27,"turns":3},{"damage":0,"enemies":"Chosen and Byrds","floor":30,"turns":3},{"damage":1,"enemies":"Centurion and Healer","floor":31,"turns":3},{"damage":61,"enemies":"Collector","floor":33,"turns":3}],"seed_played":"4904517297624535965","potions_obtained":[{"floor":8,"key":"Ancient Potion"},{"floor":13,"key":"AttackPotion"},{"floor":19,"key":"Fire Potion"},{"floor":21,"key":"Energy Potion"},{"floor":30,"key":"SpeedPotion"},{"floor":31,"key":"SkillPotion"}],"is_trial":false,"path_per_floor":["M","$","M","$","?","E","R","E","T","R","E","?","M","M","R","B",null,"M","M","$","M","M","E","?","R","T","M","?","R","M","M","R","B"],"character_chosen":"THE_SILENT","items_purchased":["Noxious Fumes","Snake Skull"],"campfire_rested":3,"item_purchase_floors":[4,20],"current_hp_per_floor":[59,59,59,59,48,48,48,30,30,30,18,18,18,11,30,5,51,51,51,51,36,31,15,15,34,34,34,30,49,49,48,48,0],"gold":369,"neow_bonus":"THREE_ENEMY_KILL","is_prod":false,"is_daily":false,"chose_seed":false,"campfire_upgraded":3,"win_rate":0,"timestamp":1556857294,"path_taken":["M","$","M","$","?","E","R","E","T","R","E","?","M","?","R","BOSS","M","M","$","M","M","E","?","R","T","?","?","R","?","M","R","BOSS"],"build_version":"2019-01-23","purchased_purges":1,"victory":false,"max_hp_per_floor":[66,66,66,66,66,66,66,66,66,66,66,66,66,66,66,66,66,66,66,66,66,66,66,66,66,66,66,66,66,66,66,66,66],"card_choices":[{"not_picked":["Quick Slash","Blade Dance"],"picked":"Backstab","floor":1},{"not_picked":["Outmaneuver","Cloak And Dagger"],"picked":"Poisoned Stab","floor":3},{"not_picked":["PiercingWail","Predator"],"picked":"Catalyst","floor":6},{"not_picked":["Setup","Quick Slash"],"picked":"Noxious Fumes","floor":8},{"not_picked":["Slice","Outmaneuver"],"picked":"Corpse Explosion","floor":11},{"not_picked":["Underhanded Strike","Escape Plan"],"picked":"Deadly Poison","floor":13},{"not_picked":["All Out Attack","Dagger Spray","Deflect"],"picked":"SKIP","floor":14},{"not_picked":["Night Terror","Glass Knife"],"picked":"Corpse Explosion","floor":16},{"not_picked":["Outmaneuver","Choke"],"picked":"Noxious Fumes+1","floor":18},{"not_picked":["Flechettes","Backstab"],"picked":"PiercingWail","floor":19},{"not_picked":["Flechettes","PiercingWail"],"picked":"Backflip+1","floor":21},{"not_picked":["Caltrops+1","Predator","Riddle With Holes"],"picked":"SKIP","floor":22},{"not_picked":["Heel Hook","Acrobatics"],"picked":"Leg Sweep","floor":23},{"not_picked":["Sucker Punch","Dagger Throw","Riddle With Holes"],"picked":"SKIP","floor":27},{"not_picked":["Quick Slash","PiercingWail"],"picked":"Catalyst","floor":30},{"not_picked":["Underhanded Strike","Dagger Throw","Terror"],"picked":"SKIP","floor":31}],"player_experience":383732,"relics_obtained":[{"floor":6,"key":"Ice Cream"},{"floor":8,"key":"Bottled Lightning"},{"floor":9,"key":"Bronze Scales"},{"floor":11,"key":"Frozen Egg 2"},{"floor":23,"key":"Tingsha"},{"floor":26,"key":"MawBank"}],"event_choices":[{"damage_healed":0,"gold_gain":0,"player_choice":"Success","damage_taken":11,"relics_obtained":["Pen Nib"],"max_hp_gain":0,"max_hp_loss":0,"event_name":"Scrap Ooze","floor":5,"gold_loss":0},{"damage_healed":0,"gold_gain":0,"player_choice":"Ignored","damage_taken":0,"max_hp_gain":0,"max_hp_loss":0,"event_name":"Liars Game","floor":12,"gold_loss":0},{"cards_removed":["Strike_G"],"damage_healed":0,"gold_gain":0,"player_choice":"Card Removal","damage_taken":0,"max_hp_gain":0,"max_hp_loss":0,"event_name":"Wheel of Change","floor":24,"gold_loss":0},{"damage_healed":0,"gold_gain":0,"player_choice":"Bought 0 Potions","damage_taken":0,"max_hp_gain":0,"max_hp_loss":0,"event_name":"The Woman in Blue","floor":28,"gold_loss":0}],"is_beta":false,"boss_relics":[{"not_picked":["Runic Dome","Orrery"],"picked":"Ring of the Serpent"}],"items_purged_floors":[4],"is_endless":false,"potions_floor_spawned":[8,13,14,18,19,21,22,30,31],"killed_by":"Collector","ascension_level":15}