{"gold_per_floor":[210,160,85,85,97,97,97,97,145,186,198,228,258,289,301,418,430,457,503,258,274,274,274,292,292,316,341,351,351,226,226,226,327,327,343,343,418,436,286,286,286],"floor_reached":41,"playtime":1778,"items_purged":["Strike_B","Strike_B","Strike_B","Dualcast"],"score":407,"play_id":"73e2e8e1-29d4-4670-b7d8-064c3e679058","local_time":"20190223102652","is_ascension_mode":false,"campfire_choices":[{"data":"Beam Cell","floor":6,"key":"SMITH"},{"data":"Gash","floor":11,"key":"SMITH"},{"floor":15,"key":"REST"},{"floor":23,"key":"REST"},{"floor":25,"key":"REST"},{"data":"Glacier","floor":29,"key":"SMITH"},{"floor":32,"key":"REST"},{"floor":40,"key":"REST"}],"neow_cost":"NONE","seed_source_timestamp":233558697763123,"circlet_count":0,"master_deck":["Defend_B+1","Defend_B+1","Zap+1","Beam Cell+1","Gash+1","Gash","Glacier+1"],"relics":["FrozenCore","MawBank","Bird Faced Urn","Black Star","Red Mask","Regal Pillow","Lantern","PreservedInsect","Kunai"],"potions_floor_usage":[16,19,24,27,33,33,41],"damage_taken":[{"damage":0,"enemies":"Cultist","floor":1,"turns":4},{"damage":0,"enemies":"Small Slimes","floor":5,"turns":3},{"damage":30,"enemies":"Gremlin Nob","floor":10,"turns":4},{"damage":6,"enemies":"Jaw Worm","floor":12,"turns":2},{"damage":4,"enemies":"Blue Slaver","floor":13,"turns":3},{"damage":18,"enemies":"Exordium Thugs","floor":14,"turns":4},{"damage":16,"enemies":"Slime Boss","floor":16,"turns":9},{"damage":6,"enemies":"Shell Parasite","floor":18,"turns":5},{"damage":38,"enemies":"Masked Bandits","floor":19,"turns":4},{"damage":20,"enemies":"Spheric Guardian","floor":21,"turns":4},{"damage":8,"enemies":"Chosen and Byrds","floor":24,"turns":6},{"damage":18,"enemies":"Gremlin Leader","floor":27,"turns":6},{"damage":3,"enemies":"Shelled Parasite and Fungi","floor":28,"turns":6},{"damage":26,"enemies":"Champ","floor":33,"turns":13},{"damage":33,"enemies":"3 Darklings","floor":35,"turns":13},{"damage":3,"enemies":"Orb Walker","floor":38,"turns":5},{"damage":99,"enemies":"Nemesis","floor":41,"turns":10}],"seed_played":"-4452232445018787295","potions_obtained":[{"floor":10,"key":"SteroidPotion"},{"floor":12,"key":"Ancient Potion"},{"floor":16,"key":"SteroidPotion"},{"floor":21,"key":"Poison Potion"},{"floor":24,"key":"Block Potion"},{"floor":27,"key":"Strength Potion"},{"floor":28,"key":"SkillPotion"}],"is_trial":false,"path_per_floor":["M","?","$","?","M","R","?","$","T","E","R","M","M","M","R","B",null,"M","?","$","M","?","R","M","R","T","E","M","R","$","?","R","B",null,"M","?","?","M","$","R","E"],"character_chosen":"DEFECT","items_purchased":["Regal Pillow"],"campfire_rested":5,"item_purchase_floors":[20],"current_hp_per_floor":[75,75,75,60,60,60,60,60,60,30,30,24,20,2,24,8,75,69,31,31,11,11,48,40,75,75,57,54,54,54,54,75,49,75,42,42,35,32,32,69,0],"gold":286,"neow_bonus":"HUNDRED_GOLD","is_prod":false,"is_daily":false,"chose_seed":false,"campfire_upgraded":3,"win_rate":0,"timestamp":1550946412,"path_taken":["M","?","$","?","M","R","?","$","T","E","R","M","?","M","R","BOSS","M","?","$","M","?","R","?","R","T","E","M","R","?","?","R","BOSS","M","?","?","M","$","R","E"],"build_version":"2019-01-23","purchased_purges":4,"victory":false,"max_hp_per_floor":[75,75,75,75,75,75,75,75,75,75,75,75,75,75,75,75,75,75,75,75,75,75,75,75,75,75,75,75,75,75,75,75,75,75,75,75,75,75,75,75,75],"card_choices":[{"not_picked":["Steam","Redo","Cold Snap"],"picked":"SKIP","floor":1},{"not_picked":["Sweeping Beam","Go for the Eyes"],"picked":"Beam Cell","floor":5},{"not_picked":["Chaos","Steam"],"picked":"Gash","floor":10},{"not_picked":["Leap","Scrape","Reboot"],"picked":"SKIP","floor":12},{"not_picked":["Self Repair","Sweeping Beam"],"picked":"Gash","floor":13},{"not_picked":["Barrage","Redo","Steam"],"picked":"SKIP","floor":14},{"not_picked":["Compile Driver","Steam","Heatsinks"],"picked":"SKIP","floor":18},{"not_picked":["Gash+1","Ball Lightning","Leap"],"picked":"SKIP","floor":21},{"not_picked":["Leap","Ball Lightning","Steam"],"picked":"SKIP","floor":24},{"not_picked":["Chill","Conserve Battery"],"picked":"Glacier","floor":27},{"not_picked":["Gash","Capacitor","Beam Cell"],"picked":"SKIP","floor":28},{"not_picked":["Ball Lightning+1","Cold Snap+1","Stack+1"],"picked":"SKIP","floor":35},{"not_picked":["Hologram+1","Leap","Sweeping Beam+1"],"picked":"SKIP","floor":38}],"player_experience":449152,"relics_obtained":[{"floor":9,"key":"MawBank"},{"floor":10,"key":"Bird Faced Urn"},{"floor":19,"key":"Red Mask"},{"floor":26,"key":"Lantern"},{"floor":27,"key":"PreservedInsect"},{"floor":27,"key":"Kunai"}],"event_choices":[{"cards_removed":["Defend_B"],"damage_healed":0,"gold_gain":0,"player_choice":"Card Removal","damage_taken":0,"max_hp_gain":0,"max_hp_loss":0,"event_name":"The Cleric","floor":2,"gold_loss":50},{"damage_healed":0,"gold_gain":0,"player_choice":"Entered Light","damage_taken":15,"max_hp_gain":0,"max_hp_loss":0,"event_name":"Shining Light","floor":4,"gold_loss":0,"cards_upgraded":["Zap","Defend_B"]},{"damage_healed":0,"gold_gain":0,"player_choice":"Forge","damage_taken":0,"max_hp_gain":0,"max_hp_loss":0,"event_name":"Accursed Blacksmith","floor":7,"gold_loss":0,"cards_upgraded":["Defend_B"]},{"damage_healed":0,"gold_gain":0,"player_choice":"Fought Bandits","damage_taken":0,"max_hp_gain":0,"max_hp_loss":0,"event_name":"Masked Bandits","floor":19,"gold_loss":0},{"cards_removed":["Strike_B"],"damage_healed":0,"gold_gain":0,"player_choice":"Elegance","damage_taken":0,"max_hp_gain":0,"max_hp_loss":0,"event_name":"Back to Basics","floor":22,"gold_loss":0},{"damage_healed":0,"gold_gain":0,"player_choice":"Ignored","damage_taken":0,"max_hp_gain":0,"max_hp_loss":0,"event_name":"Ghosts","floor":31,"gold_loss":0},{"cards_removed":["Defend_B"],"damage_healed":0,"gold_gain":0,"player_choice":"Removed Skill","damage_taken":0,"max_hp_gain":0,"max_hp_loss":0,"event_name":"Falling","floor":36,"gold_loss":0},{"damage_healed":0,"gold_gain":75,"player_choice":"Touch","damage_taken":7,"max_hp_gain":0,"max_hp_loss":0,"event_name":"FaceTrader","floor":37,"gold_loss":0}],"is_beta":false,"boss_relics":[{"not_picked":["Fusion Hammer","Inserter"],"picked":"Black Star"},{"not_picked":["Astrolabe","Pandora\u0027s Box"],"picked":"FrozenCore"}],"items_purged_floors":[3,20,30,39],"is_endless":false,"potions_floor_spawned":[10,12,16,21,24,27,28],"killed_by":"Nemesis","ascension_level":0}