{"gold_per_floor":[113,38,49,61,79,110,110,120,199,214,214,244,7,7,7,109,109,127,137,137,137,137,137,154,154,231,242,242,254,254,264,264,359,359,372,372],"floor_reached":36,"playtime":5769,"items_purged":["Strike_B"],"score":432,"play_id":"b513c3e2-c55e-40d1-b8e7-df947815fa41","local_time":"20190308213126","is_ascension_mode":true,"campfire_choices":[{"data":"Zap","floor":7.0,"key":"SMITH"},{"data":"Sweeping Beam","floor":11.0,"key":"SMITH"},{"floor":15.0,"key":"REST"},{"data":"Creative AI","floor":23.0,"key":"SMITH"},{"data":"Defragment","floor":25.0,"key":"SMITH"},{"floor":28.0,"key":"REST"},{"floor":32.0,"key":"REST"}],"neow_cost":"NONE","seed_source_timestamp":0,"circlet_count":0,"master_deck":["Strike_B+1","Strike_B+1","Strike_B+1","Defend_B+1","Defend_B+1","Defend_B+1","Defend_B+1","Zap+1","Dualcast","Sweeping Beam+1","Leap","Double Energy+1","Cold Snap","Seek","Conserve Battery","Static Discharge","Leap","Defragment+1","Metamorphosis","Creative AI+1","Gash","Loop","Go for the Eyes+1","Coolheaded","Chaos+1","Ball Lightning+1","Buffer","Barrage+1"],"special_seed":0,"relics":["Cracked Core","Regal Pillow","Ancient Tea Set","Letter Opener","Calipers","Runic Pyramid","Singing Bowl","Sundial","Snecko Eye"],"potions_floor_usage":[],"damage_taken":[{"damage":1.0,"enemies":"Cultist","floor":1.0,"turns":3.0},{"damage":0.0,"enemies":"Small Slimes","floor":3.0,"turns":2.0},{"damage":5.0,"enemies":"2 Louse","floor":4.0,"turns":3.0},{"damage":3.0,"enemies":"Blue Slaver","floor":5.0,"turns":4.0},{"damage":8.0,"enemies":"3 Sentries","floor":6.0,"turns":6.0},{"damage":9.0,"enemies":"Exordium Wildlife","floor":8.0,"turns":6.0},{"damage":4.0,"enemies":"Looter","floor":10.0,"turns":2.0},{"damage":22.0,"enemies":"Lagavulin","floor":12.0,"turns":4.0},{"damage":46.0,"enemies":"The Guardian","floor":16.0,"turns":12.0},{"damage":20.0,"enemies":"Spheric Guardian","floor":18.0,"turns":4.0},{"damage":20.0,"enemies":"2 Thieves","floor":19.0,"turns":3.0},{"damage":16.0,"enemies":"Centurion and Healer","floor":24.0,"turns":7.0},{"damage":21.0,"enemies":"Chosen and Byrds","floor":27.0,"turns":5.0},{"damage":17.0,"enemies":"Snake Plant","floor":29.0,"turns":5.0},{"damage":34.0,"enemies":"Centurion and Healer","floor":31.0,"turns":5.0},{"damage":21.0,"enemies":"Champ","floor":33.0,"turns":8.0},{"damage":36.0,"enemies":"Orb Walker","floor":35.0,"turns":4.0},{"damage":40,"enemies":"Mind Bloom Boss Battle","floor":36,"turns":7}],"seed_played":"7558934622566879118","potions_obtained":[{"floor":3.0,"key":"AttackPotion"},{"floor":4.0,"key":"Explosive Potion"},{"floor":8.0,"key":"FocusPotion"},{"floor":12.0,"key":"Explosive Potion"},{"floor":18.0,"key":"AttackPotion"},{"floor":31.0,"key":"SpeedPotion"},{"floor":33.0,"key":"Energy Potion"}],"is_trial":false,"path_per_floor":["$","M","?","$","?","T","M","?","?"],"character_chosen":"DEFECT","items_purchased":["Defragment","Metamorphosis"],"campfire_rested":3,"item_purchase_floors":[13,13],"current_hp_per_floor":[74,74,74,69,66,58,58,49,49,45,45,23,23,23,60,14,75,55,35,35,60,60,60,44,44,44,23,60,43,43,9,46,25,75,39,0],"gold":372,"neow_bonus":"RANDOM_COMMON_RELIC","is_prod":false,"is_daily":false,"chose_seed":false,"campfire_upgraded":4,"win_rate":0,"timestamp":1552105886,"path_taken":["M","?","M","?","M","E","R","M","T","M","R","E","$","?","R","BOSS","M","M","?","?","?","R","M","R","T","M","R","?","?","M","R","BOSS","M","?"],"build_version":"2019-01-23","purchased_purges":1,"victory":false,"max_hp_per_floor":[75,75,75,75,75,75,75,75,75,75,75,75,75,75,75,75,75,75,75,75,75,75,75,75,75,75,75,75,75,75,75,75,75,75,75,75],"card_choices":[{"not_picked":["Redo","Doom and Gloom"],"picked":"Sweeping Beam","floor":1.0},{"not_picked":["Go for the Eyes","Redo"],"picked":"Leap","floor":3.0},{"not_picked":["Compile Driver","Stack"],"picked":"Double Energy","floor":4.0},{"not_picked":["Rebound","Sweeping Beam"],"picked":"Cold Snap","floor":5.0},{"not_picked":["Skim","Cold Snap"],"picked":"Seek","floor":6.0},{"not_picked":["Lockon","Beam Cell"],"picked":"Conserve Battery","floor":8.0},{"not_picked":["Steam Power","Ball Lightning"],"picked":"Static Discharge","floor":10.0},{"not_picked":["Gash","Undo"],"picked":"Leap","floor":12.0},{"not_picked":["Seek","Buffer"],"picked":"Creative AI","floor":16.0},{"not_picked":["FTL","Chill"],"picked":"Gash","floor":18.0},{"not_picked":["Static Discharge","Conserve Battery"],"picked":"Loop","floor":19.0},{"not_picked":["Barrage","Rebound"],"picked":"Go for the Eyes+1","floor":24.0},{"not_picked":["Turbo","Doom and Gloom"],"picked":"Coolheaded","floor":27.0},{"not_picked":["Cold Snap","Melter"],"picked":"Chaos+1","floor":29.0},{"not_picked":["Steam Power","Rip and Tear"],"picked":"Ball Lightning+1","floor":31.0},{"not_picked":["Meteor Strike","Creative AI"],"picked":"Buffer","floor":33.0},{"not_picked":["Fusion","Rip and Tear+1"],"picked":"Barrage+1","floor":35.0}],"player_experience":166301,"relics_obtained":[{"floor":6.0,"key":"Ancient Tea Set"},{"floor":9.0,"key":"Letter Opener"},{"floor":12.0,"key":"Calipers"},{"floor":22.0,"key":"Singing Bowl"},{"floor":26.0,"key":"Sundial"}],"event_choices":[{"damage_healed":0.0,"max_hp_gain":0.0,"max_hp_loss":0.0,"gold_gain":0.0,"event_name":"Accursed Blacksmith","player_choice":"Forge","floor":14.0,"gold_loss":0.0,"damage_taken":0.0,"cards_upgraded":["Double Energy"]},{"damage_healed":25.0,"max_hp_gain":0.0,"max_hp_loss":0.0,"gold_gain":0.0,"event_name":"The Library","player_choice":"Heal","floor":21.0,"gold_loss":0.0,"damage_taken":0.0},{"damage_healed":0.0,"max_hp_gain":0.0,"max_hp_loss":0.0,"gold_gain":0.0,"event_name":"Back to Basics","player_choice":"Simplicity","floor":30.0,"gold_loss":0.0,"damage_taken":0.0,"cards_upgraded":["Strike_B","Strike_B","Strike_B","Defend_B","Defend_B","Defend_B","Defend_B"]},{"damage_healed":0,"gold_gain":0,"player_choice":"Fight","damage_taken":0,"max_hp_gain":0,"max_hp_loss":0,"event_name":"MindBloom","floor":36,"gold_loss":0}],"is_beta":false,"boss_relics":[{"not_picked":["Astrolabe","Calling Bell"],"picked":"Runic Pyramid"},{"not_picked":["Busted Crown","Velvet Choker"],"picked":"Snecko Eye"}],"items_purged_floors":[2],"is_endless":false,"potions_floor_spawned":[3,4,8,12,18,31,33],"killed_by":"Mind Bloom Boss Battle","ascension_level":3}