{"gold_per_floor":[15,28,48,48,58,58,93,93,93,111,111,134,150,150,150,281,281,304,317,91,115,93,93],"floor_reached":23,"playtime":875,"items_purged":["Strike_B"],"score":273,"play_id":"2a39dec5-a08e-494b-9bc6-915161fe8478","local_time":"20190422213059","is_ascension_mode":true,"campfire_choices":[{"data":"Zap","floor":6.0,"key":"SMITH"},{"data":"Darkness","floor":11.0,"key":"SMITH"},{"data":"Madness","floor":15.0,"key":"SMITH"}],"neow_cost":"NO_GOLD","seed_source_timestamp":821038489551384,"circlet_count":0,"master_deck":["Strike_B+1","Strike_B","Defend_B","Defend_B","Defend_B+1","Defend_B","Zap+1","Dualcast","Dark Shackles","Madness+1","Cold Snap","Darkness+1","Darkness+1","Self Repair","Leap","Turbo","Conserve Battery","Glacier","Force Field","Electrodynamics","Redo+1","Coolheaded","Skim+1","Hologram"],"special_seed":0,"relics":["FrozenCore","Strawberry","Golden Idol","Cables","War Paint"],"potions_floor_usage":[21],"damage_taken":[{"damage":4.0,"enemies":"Jaw Worm","floor":1.0,"turns":4.0},{"damage":0.0,"enemies":"Small Slimes","floor":2.0,"turns":3.0},{"damage":8.0,"enemies":"Cultist","floor":3.0,"turns":4.0},{"damage":0.0,"enemies":"Exordium Wildlife","floor":5.0,"turns":2.0},{"damage":13.0,"enemies":"Lagavulin","floor":7.0,"turns":6.0},{"damage":7.0,"enemies":"Gremlin Gang","floor":10.0,"turns":4.0},{"damage":1.0,"enemies":"Blue Slaver","floor":12.0,"turns":3.0},{"damage":13.0,"enemies":"2 Fungi Beasts","floor":13.0,"turns":3.0},{"damage":13.0,"enemies":"Hexaghost","floor":16.0,"turns":12.0},{"damage":28.0,"enemies":"Chosen","floor":18.0,"turns":6.0},{"damage":15.0,"enemies":"Spheric Guardian","floor":19.0,"turns":5.0},{"damage":14,"enemies":"Shelled Parasite and Fungi","floor":21,"turns":5},{"damage":36,"enemies":"Gremlin Leader","floor":23,"turns":5}],"seed_played":"4820226687214268536","potions_obtained":[{"floor":3.0,"key":"Dexterity Potion"},{"floor":7.0,"key":"Regen Potion"},{"floor":12.0,"key":"Energy Potion"},{"floor":13.0,"key":"Swift Potion"},{"floor":19.0,"key":"FocusPotion"}],"is_trial":false,"path_per_floor":["M","M","M","?","M","R","E","?","T","M","R","M","M","?","R","B",null,"M","M","$","M","$","E"],"character_chosen":"DEFECT","items_purchased":["War Paint","Hologram"],"campfire_rested":0,"item_purchase_floors":[20,22],"current_hp_per_floor":[64,64,56,41,41,41,42,42,42,54,54,53,47,47,47,41,67,46,38,38,24,24,0],"gold":93,"neow_bonus":"RANDOM_COLORLESS_2","is_prod":false,"is_daily":false,"chose_seed":false,"campfire_upgraded":3,"win_rate":0,"timestamp":1555936259,"path_taken":["M","M","M","?","M","R","E","?","T","M","R","M","M","?","R","BOSS","M","?","$","M","$","E"],"build_version":"2019-01-23","purchased_purges":1,"victory":false,"max_hp_per_floor":[75,75,75,75,75,75,82,76,76,76,76,76,76,76,76,76,76,76,76,76,76,76,76],"card_choices":[{"not_picked":["Gash","Stack"],"picked":"Cold Snap","floor":1.0},{"not_picked":["Double Energy","Beam Cell"],"picked":"Darkness","floor":2.0},{"not_picked":["Aggregate","Steam"],"picked":"Darkness","floor":3.0},{"not_picked":["Hello World","Barrage"],"picked":"Self Repair","floor":5.0},{"not_picked":["FTL","Creative AI"],"picked":"Leap","floor":7.0},{"not_picked":["Sweeping Beam","Loop"],"picked":"Turbo","floor":10.0},{"not_picked":["Redo","Sweeping Beam"],"picked":"Conserve Battery","floor":12.0},{"not_picked":["Double Energy","Consume"],"picked":"Glacier","floor":13.0},{"not_picked":["All For One","Core Surge"],"picked":"Electrodynamics","floor":16.0},{"not_picked":["Leap","Hello World"],"picked":"Redo","floor":18.0},{"not_picked":["FTL","Go for the Eyes"],"picked":"Coolheaded","floor":19.0},{"not_picked":["Leap","Redo+1"],"picked":"Skim+1","floor":21}],"player_experience":414204,"relics_obtained":[{"floor":7.0,"key":"Strawberry"},{"floor":9.0,"key":"Cables"}],"event_choices":[{"damage_healed":0.0,"max_hp_gain":0.0,"max_hp_loss":0.0,"gold_gain":0.0,"event_name":"Shining Light","player_choice":"Entered Light","floor":4.0,"gold_loss":0.0,"damage_taken":15.0,"cards_upgraded":["Darkness","Strike_B"]},{"damage_healed":0.0,"max_hp_gain":0.0,"max_hp_loss":6.0,"gold_gain":0.0,"event_name":"Golden Idol","player_choice":"Lose Max HP","floor":8.0,"gold_loss":0.0,"damage_taken":0.0,"relics_obtained":["Golden Idol"]},{"damage_healed":0.0,"max_hp_gain":0.0,"max_hp_loss":0.0,"gold_gain":0.0,"cards_transformed":["Strike_B"],"event_name":"Transmorgrifier","player_choice":"Transformed","floor":14.0,"gold_loss":0.0,"damage_taken":0.0,"cards_obtained":["Force Field"]}],"is_beta":false,"boss_relics":[{"not_picked":["Cursed Key","Empty Cage"],"picked":"FrozenCore"}],"items_purged_floors":[20],"is_endless":false,"potions_floor_spawned":[3,7,12,13,19],"killed_by":"Gremlin Leader","ascension_level":8}