{"gold_per_floor":[113,126,139,154,254,280,292,292,338,308],"floor_reached":10,"playtime":413,"items_purged":[],"score":70,"play_id":"bb7c253e-8a2d-4421-a2e3-84ee51c06332","local_time":"20180907172516","is_ascension_mode":false,"campfire_choices":[{"data":"Searing Blow","floor":8,"key":"SMITH"}],"neow_cost":"NONE","seed_source_timestamp":421283389520813,"circlet_count":0,"master_deck":["Strike_R","Strike_R","Strike_R","Strike_R","Strike_R","Defend_R","Defend_R","Defend_R","Bash","Searing Blow+1","Clash"],"relics":["Burning Blood","Toxic Egg 2","Art of War"],"potions_floor_usage":[],"damage_taken":[{"damage":8,"enemies":"Jaw Worm","floor":1,"turns":4},{"damage":1,"enemies":"Cultist","floor":2,"turns":4},{"damage":0,"enemies":"Small Slimes","floor":3,"turns":3},{"damage":5,"enemies":"Red Slaver","floor":4,"turns":5},{"damage":61,"enemies":"3 Sentries","floor":6,"turns":12},{"damage":22,"enemies":"Exordium Thugs","floor":7,"turns":6},{"damage":10,"enemies":"Looter","floor":10,"turns":2}],"seed_played":"6054790013453900914","potions_obtained":[{"floor":4,"key":"SpeedPotion"},{"floor":6,"key":"Strength Potion"}],"is_trial":false,"path_per_floor":["M","M","M","M","?","E","M","R","T"],"character_chosen":"IRONCLAD","items_purchased":[],"campfire_rested":0,"item_purchase_floors":[],"current_hp_per_floor":[78,80,80,80,80,25,9,9,9,0],"gold":308,"neow_bonus":"REMOVE_CARD","is_prod":false,"is_daily":false,"chose_seed":false,"campfire_upgraded":1,"win_rate":0,"timestamp":1536366316,"path_taken":["M","M","M","M","?","E","?","R","T","M"],"build_version":"2018-09-06","purchased_purges":0,"victory":false,"max_hp_per_floor":[80,80,80,80,80,80,80,80,80,80],"card_choices":[{"not_picked":["Perfected Strike","Thunderclap","Battle Trance"],"picked":"SKIP","floor":1},{"not_picked":["Clothesline","Perfected Strike","Pommel Strike"],"picked":"SKIP","floor":2},{"not_picked":["Pummel","Anger","Armaments"],"picked":"SKIP","floor":3},{"not_picked":["Thunderclap","Armaments","Wild Strike"],"picked":"SKIP","floor":4},{"not_picked":["Warcry","Dual Wield"],"picked":"Searing Blow","floor":6},{"not_picked":["Spot Weakness+1","Searing Blow"],"picked":"Clash","floor":7}],"player_experience":185674,"relics_obtained":[{"floor":6,"key":"Toxic Egg 2"},{"floor":9,"key":"Art of War"}],"event_choices":[{"event_name":"Golden Shrine","player_choice":"Pray","floor":5,"damage_taken":0}],"is_beta":false,"boss_relics":[],"items_purged_floors":[],"is_endless":false,"potions_floor_spawned":[4,6],"killed_by":"Looter","ascension_level":0}