{"gold_per_floor":[119,294,313,263,223,223,254,254,254,280,280,292,303,303],"floor_reached":14,"playtime":709,"items_purged":[],"score":108,"play_id":"bdd009d2-3f8b-439d-b7fb-aa3e66a0d725","local_time":"20190410104513","is_ascension_mode":true,"campfire_choices":[{"data":"Body Slam","floor":6,"key":"SMITH"},{"data":"Spot Weakness","floor":8,"key":"SMITH"},{"floor":11,"key":"REST"}],"neow_cost":"TEN_PERCENT_HP_LOSS","seed_source_timestamp":44286426779900,"circlet_count":0,"master_deck":["Strike_R","Strike_R","Strike_R","Strike_R","Strike_R","Defend_R","Defend_R","Defend_R","Defend_R","Bash","Body Slam+1","Disarm","Spot Weakness+1","Burning Pact","Shrug It Off","Reckless Charge+1"],"relics":["Burning Blood","Bird Faced Urn","Magic Flower","Molten Egg 2","Gambling Chip"],"potions_floor_usage":[7,10,10,14,14],"damage_taken":[{"damage":1,"enemies":"Cultist","floor":1,"turns":3},{"damage":4,"enemies":"Small Slimes","floor":3,"turns":4},{"damage":54,"enemies":"Lagavulin","floor":7,"turns":11},{"damage":23,"enemies":"3 Sentries","floor":10,"turns":7},{"damage":12,"enemies":"Jaw Worm","floor":12,"turns":3},{"damage":18,"enemies":"Lots of Slimes","floor":13,"turns":6},{"damage":18,"enemies":"Lagavulin","floor":14,"turns":6}],"seed_played":"-4504599210793734808","potions_obtained":[{"floor":5,"key":"AttackPotion"},{"floor":5,"key":"Block Potion"},{"floor":5,"key":"Weak Potion"},{"floor":12,"key":"Dexterity Potion"},{"floor":13,"key":"SpeedPotion"}],"is_trial":false,"path_per_floor":["M","?","M","?","?","R","E","R","T","E","R","M","M","E"],"character_chosen":"IRONCLAD","items_purchased":[],"campfire_rested":1,"item_purchase_floors":[],"current_hp_per_floor":[72,72,72,72,72,72,24,24,24,10,31,28,19,1],"gold":303,"neow_bonus":"ONE_RARE_RELIC","is_prod":false,"is_daily":false,"chose_seed":false,"campfire_upgraded":2,"win_rate":0,"timestamp":1554885913,"path_taken":["M","?","M","?","?","R","E","R","T","E","R","M","M","E"],"build_version":"2019-01-23","purchased_purges":0,"victory":false,"max_hp_per_floor":[72,72,72,72,72,72,72,72,72,72,72,72,72,72],"card_choices":[{"not_picked":["Shockwave","True Grit"],"picked":"Body Slam","floor":1},{"not_picked":["Anger","Evolve"],"picked":"Disarm","floor":3},{"not_picked":["Iron Wave","Corruption"],"picked":"Spot Weakness","floor":7},{"not_picked":["Metallicize","Combust"],"picked":"Burning Pact","floor":10},{"not_picked":["Twin Strike+1","Inflame"],"picked":"Shrug It Off","floor":12},{"not_picked":["Rampage+1","Uppercut+1"],"picked":"Reckless Charge+1","floor":13}],"player_experience":333240,"relics_obtained":[{"floor":7,"key":"Magic Flower"},{"floor":9,"key":"Molten Egg 2"},{"floor":10,"key":"Gambling Chip"}],"event_choices":[{"damage_healed":0,"gold_gain":175,"player_choice":"AGREE","damage_taken":0,"max_hp_gain":0,"max_hp_loss":0,"event_name":"Liars Game","floor":2,"gold_loss":0,"cards_obtained":["Doubt"]},{"cards_removed":["Doubt"],"damage_healed":0,"gold_gain":0,"player_choice":"Card Removal","damage_taken":0,"max_hp_gain":0,"max_hp_loss":0,"event_name":"The Cleric","floor":4,"gold_loss":50},{"damage_healed":0,"gold_gain":0,"player_choice":"Bought 3 Potions","damage_taken":0,"max_hp_gain":0,"max_hp_loss":0,"event_name":"The Woman in Blue","floor":5,"gold_loss":0}],"is_beta":false,"boss_relics":[],"items_purged_floors":[],"is_endless":false,"potions_floor_spawned":[12,13],"killed_by":"Lagavulin","ascension_level":2}