{"gold_per_floor":[118,135,149,163,31,63,63,73,73,73,105,170,187,207,207,303,303,318,334,114,114,133,167,167,195,195,226,246,261,271,290,290,394,394,414,433,79,79,79,79,108,123,123,123,136,152,152,36,36,36],"floor_reached":51,"playtime":3433,"items_purged":["Strike_G","Strike_G"],"score":960,"play_id":"ddad5e22-c02f-4c6d-816f-c387ce2ec0e5","local_time":"20180819094249","is_ascension_mode":true,"campfire_choices":[{"data":"Noxious Fumes","floor":7,"key":"SMITH"},{"data":"Noxious Fumes","floor":10,"key":"SMITH"},{"floor":15,"key":"REST"},{"floor":24,"key":"REST"},{"floor":32,"key":"REST"},{"floor":40,"key":"REST"},{"floor":44,"key":"REST"},{"floor":47,"key":"REST"},{"floor":49,"key":"REST"}],"neow_cost":"NONE","seed_source_timestamp":35580287088310,"circlet_count":0,"master_deck":["Defend_G","Defend_G","Defend_G","Defend_G","Defend_G","Survivor","Neutralize+1","Noxious Fumes+1","Dagger Spray","Cloak And Dagger","Noxious Fumes+1","Flying Knee","All Out Attack","Leg Sweep","Dagger Throw","Bullet Time","Footwork+1","Dash+1","Malaise+1","Catalyst+1","Crippling Poison","Expertise+1","Burst","Night Terror","Calculated Gamble","Backstab+1","Die Die Die+1","Bane+1","Backflip+1","Acrobatics","Catalyst+1","Madness","Madness","Enlightenment","Panache","Mind Blast+1","Well Laid Plans+1","Backflip","Backflip+1","Flying Knee+1","Flying Knee+1","Cloak And Dagger+1"],"relics":["Ring of the Snake","Orichalcum","Bag of Marbles","Regal Pillow","Astrolabe","Bronze Scales","Molten Egg 2","Ancient Tea Set","Bottled Lightning","Oddly Smooth Stone","Sozu","DollysMirror","Prayer Wheel","The Courier","Strawberry"],"potions_floor_usage":[11,16,25,27,31,33,33,50],"damage_taken":[{"damage":3,"enemies":"2 Louse","floor":1,"turns":4},{"damage":3,"enemies":"Small Slimes","floor":2,"turns":4},{"damage":0,"enemies":"Jaw Worm","floor":3,"turns":4},{"damage":0,"enemies":"Exordium Thugs","floor":4,"turns":4},{"damage":25,"enemies":"Lagavulin","floor":6,"turns":9},{"damage":6,"enemies":"Looter","floor":8,"turns":4},{"damage":12,"enemies":"Gremlin Nob","floor":11,"turns":4},{"damage":15,"enemies":"Exordium Wildlife","floor":13,"turns":5},{"damage":0,"enemies":"2 Fungi Beasts","floor":14,"turns":3},{"damage":5,"enemies":"Slime Boss","floor":16,"turns":7},{"damage":14,"enemies":"2 Thieves","floor":18,"turns":3},{"damage":9,"enemies":"Shell Parasite","floor":19,"turns":6},{"damage":9,"enemies":"3 Cultists","floor":22,"turns":5},{"damage":8,"enemies":"Slavers","floor":23,"turns":4},{"damage":15,"enemies":"Book of Stabbing","floor":25,"turns":7},{"damage":5,"enemies":"Slavers","floor":27,"turns":4},{"damage":0,"enemies":"Snecko","floor":28,"turns":3},{"damage":0,"enemies":"Centurion and Healer","floor":29,"turns":5},{"damage":8,"enemies":"Shelled Parasite and Fungi","floor":30,"turns":8},{"damage":0,"enemies":"Snecko","floor":31,"turns":4},{"damage":6,"enemies":"Automaton","floor":33,"turns":11},{"damage":7,"enemies":"3 Shapes","floor":35,"turns":4},{"damage":20,"enemies":"Flame Bruiser 1 Orb","floor":36,"turns":7},{"damage":44,"enemies":"Giant Head","floor":41,"turns":7},{"damage":0,"enemies":"4 Shapes","floor":42,"turns":7},{"damage":6,"enemies":"3 Darklings","floor":45,"turns":4},{"damage":23,"enemies":"Spire Growth","floor":46,"turns":5},{"damage":31,"enemies":"Awakened One","floor":50,"turns":15}],"seed_played":"-8238284643942717444","potions_obtained":[{"floor":1,"key":"Strength Potion"},{"floor":2,"key":"EssenceOfSteel"},{"floor":6,"key":"Regen Potion"},{"floor":13,"key":"Weak Potion"},{"floor":22,"key":"GamblersBrew"},{"floor":25,"key":"Energy Potion"},{"floor":28,"key":"GamblersBrew"},{"floor":29,"key":"GhostInAJar"},{"floor":33,"key":"Weak Potion"}],"is_trial":false,"path_per_floor":["M","M","M","M","$","E","R","M","T","R","E","?","M","M","R","B",null,"M","M","$","?","M","E","R","E","T","E","M","M","M","M","R","B",null,"M","M","$","?","?","R","E","M","T","R","M","M","R","$","R","B"],"character_chosen":"THE_SILENT","items_purchased":["Noxious Fumes","Flying Knee","Bronze Scales","Acrobatics","DollysMirror","Strawberry"],"campfire_rested":7,"item_purchase_floors":[5,5,20,37,37,48],"current_hp_per_floor":[67,64,64,64,64,39,39,33,33,33,35,35,20,20,56,51,65,51,42,42,42,33,25,61,46,46,41,41,41,33,33,69,63,68,61,41,41,32,22,58,14,14,14,50,44,21,57,64,77,46],"gold":36,"neow_bonus":"UPGRADE_CARD","is_prod":false,"is_daily":false,"chose_seed":false,"campfire_upgraded":2,"win_rate":0,"timestamp":1534696969,"path_taken":["M","M","M","M","$","E","R","M","T","R","E","?","M","M","R","BOSS","M","M","$","?","M","E","R","E","T","E","M","M","M","?","R","BOSS","M","M","$","?","?","R","E","M","T","R","M","M","R","$","R","BOSS"],"build_version":"2018-08-16","purchased_purges":2,"victory":true,"max_hp_per_floor":[70,70,70,70,70,70,70,70,70,70,70,70,70,70,70,70,70,70,70,70,70,70,70,70,70,70,70,70,70,70,70,70,70,70,70,70,70,70,70,70,70,70,70,70,70,70,70,77,77,77],"card_choices":[{"not_picked":["Sucker Punch","Deflect"],"picked":"Noxious Fumes","floor":1},{"not_picked":["Predator","Caltrops","Endless Agony"],"picked":"SKIP","floor":2},{"not_picked":["Dodge and Roll","Blade Dance"],"picked":"Dagger Spray","floor":3},{"not_picked":["Riddle With Holes","Outmaneuver"],"picked":"Cloak And Dagger","floor":4},{"not_picked":["Prepared","Deadly Poison"],"picked":"All Out Attack","floor":6},{"not_picked":["All Out Attack","Eviscerate"],"picked":"Leg Sweep","floor":8},{"not_picked":["Bane","Phantasmal Killer","Unload"],"picked":"SKIP","floor":11},{"not_picked":["Acrobatics","Deflect","PiercingWail"],"picked":"SKIP","floor":13},{"not_picked":["Outmaneuver","Concentrate"],"picked":"Dagger Throw","floor":14},{"not_picked":["Doppelganger","Adrenaline"],"picked":"Bullet Time","floor":16},{"not_picked":["Noxious Fumes+1","Dagger Throw"],"picked":"Catalyst+1","floor":18},{"not_picked":["Endless Agony","Dagger Throw+1","Underhanded Strike+1"],"picked":"SKIP","floor":19},{"not_picked":["Prepared","Tactician"],"picked":"Crippling Poison","floor":22},{"not_picked":["Masterful Stab","Distraction"],"picked":"Expertise+1","floor":23},{"not_picked":["PiercingWail","Dagger Spray+1"],"picked":"Burst","floor":25},{"not_picked":["Reflex","Caltrops"],"picked":"Night Terror","floor":27},{"not_picked":["Blade Dance","PiercingWail"],"picked":"Calculated Gamble","floor":28},{"not_picked":["Deflect","Dodge and Roll","Calculated Gamble"],"picked":"SKIP","floor":29},{"not_picked":["Reflex","Dagger Throw+1"],"picked":"Backstab+1","floor":30},{"not_picked":["Slice+1","Choke+1","Outmaneuver"],"picked":"SKIP","floor":31},{"not_picked":["Night Terror","Adrenaline"],"picked":"Die Die Die+1","floor":33},{"not_picked":["Poisoned Stab+1","Finisher+1"],"picked":"Bane+1","floor":35},{"not_picked":["Skewer+1","Prepared+1"],"picked":"Backflip+1","floor":36},{"not_picked":["PanicButton","Impatience"],"picked":"Enlightenment","floor":39},{"not_picked":["Swift Strike+1","Good Instincts"],"picked":"Panache","floor":39},{"not_picked":["Flash of Steel+1","Good Instincts"],"picked":"Mind Blast+1","floor":39},{"not_picked":["Dagger Throw+1","Dodge and Roll"],"picked":"Well Laid Plans+1","floor":41},{"not_picked":["Outmaneuver","Choke+1"],"picked":"Backflip","floor":42},{"not_picked":["Bouncing Flask","Choke+1"],"picked":"Backflip+1","floor":42},{"not_picked":["Underhanded Strike+1","Dagger Throw+1"],"picked":"Flying Knee+1","floor":45},{"not_picked":["Predator+1","Bane+1","Sucker Punch+1"],"picked":"SKIP","floor":45},{"not_picked":["Backflip","Bane+1"],"picked":"Flying Knee+1","floor":46},{"not_picked":["Dagger Throw+1","Calculated Gamble+1"],"picked":"Cloak And Dagger+1","floor":46}],"player_experience":101460,"relics_obtained":[{"floor":6,"key":"Orichalcum"},{"floor":9,"key":"Bag of Marbles"},{"floor":11,"key":"Regal Pillow"},{"floor":23,"key":"Molten Egg 2"},{"floor":25,"key":"Ancient Tea Set"},{"floor":26,"key":"Bottled Lightning"},{"floor":27,"key":"Oddly Smooth Stone"},{"floor":41,"key":"Prayer Wheel"},{"floor":43,"key":"The Courier"}],"event_choices":[{"event_name":"Golden Wing","player_choice":"Gained Gold","floor":12,"damage_taken":0},{"event_name":"Drug Dealer","player_choice":"Ignored","floor":21,"damage_taken":0},{"event_name":"Winding Halls","player_choice":"Embrace Madness","floor":38,"damage_taken":0},{"event_name":"SensoryStone","player_choice":"Memory 3","floor":39,"damage_taken":0}],"is_beta":false,"boss_relics":[{"not_picked":["HoveringKite","Runic Dome"],"picked":"Astrolabe"},{"not_picked":["White Beast Statue","Busted Crown"],"picked":"Sozu"}],"items_purged_floors":[20,37],"is_endless":false,"potions_floor_spawned":[1,2,6,13,22,25,28,29,33,42,45],"ascension_level":5}