{"gold_per_floor":[111,130,145,160,171,171,186,212,212,312,339,349,349,368,368,469,469,481,468,468,33,47,47,65,37,62,80,80,107,107,51,51,155,155,170,186,186,186,202,202],"floor_reached":40,"playtime":3533,"items_purged":[],"score":612,"play_id":"ffb93678-81ce-4e85-9b32-de1bd769e65f","local_time":"20190506135710","is_ascension_mode":true,"campfire_choices":[{"data":"True Grit","floor":6.0,"key":"SMITH"},{"data":"Sentinel","floor":13.0,"key":"SMITH"},{"data":"Iron Wave","floor":15.0,"key":"SMITH"},{"floor":23,"key":"REST"},{"floor":30,"key":"REST"},{"floor":32,"key":"RECALL"}],"neow_cost":"PERCENT_DAMAGE","seed_source_timestamp":0,"circlet_count":0,"master_deck":["Strike_R","Strike_R","Strike_R","Defend_R","Defend_R","Defend_R","Defend_R","Bash","Pommel Strike","Sentinel+1","Clothesline","True Grit+1","Immolate","Cleave","Battle Trance","Iron Wave+1","Feel No Pain+1","Infernal Blade","Corruption+1","Demon Form+1","Evolve+1","Wild Strike","RitualDagger","Armaments","Reckless Charge","Carnage","Spot Weakness","Pommel Strike","Barricade+1","Entrench+1","The Bomb","Body Slam+1"],"special_seed":0,"relics":["Burning Blood","The Courier","Frozen Egg 2","Fusion Hammer","Blood Vial","Bag of Preparation","Gremlin Horn","PreservedInsect","Nloth\u0027s Gift","Question Card","Snecko Eye"],"potions_floor_usage":[16,16,22,29,33,33,39],"damage_taken":[{"damage":1.0,"enemies":"Cultist","floor":1.0,"turns":3.0},{"damage":3.0,"enemies":"2 Louse","floor":2.0,"turns":4.0},{"damage":8.0,"enemies":"Small Slimes","floor":3.0,"turns":4.0},{"damage":1.0,"enemies":"Red Slaver","floor":4.0,"turns":6.0},{"damage":5.0,"enemies":"Looter","floor":5.0,"turns":3.0},{"damage":8.0,"enemies":"Large Slime","floor":7.0,"turns":6.0},{"damage":12.0,"enemies":"Gremlin Nob","floor":8.0,"turns":3.0},{"damage":26.0,"enemies":"Lagavulin","floor":11.0,"turns":6.0},{"damage":1.0,"enemies":"Red Slaver","floor":12.0,"turns":2.0},{"damage":2.0,"enemies":"Looter","floor":14.0,"turns":3.0},{"damage":38,"enemies":"Hexaghost","floor":16,"turns":10},{"damage":4,"enemies":"Chosen","floor":18,"turns":5},{"damage":4,"enemies":"2 Thieves","floor":19,"turns":4},{"damage":15,"enemies":"Snake Plant","floor":22,"turns":4},{"damage":12,"enemies":"Chosen and Byrds","floor":24,"turns":6},{"damage":19,"enemies":"Snecko","floor":27,"turns":6},{"damage":25,"enemies":"Slavers","floor":29,"turns":3},{"damage":64,"enemies":"Automaton","floor":33,"turns":11},{"damage":5,"enemies":"3 Shapes","floor":35,"turns":3},{"damage":30,"enemies":"Orb Walker","floor":36,"turns":4},{"damage":20,"enemies":"Transient","floor":39,"turns":5},{"damage":46,"enemies":"Giant Head","floor":40,"turns":6}],"seed_played":"-4552817678824040577","potions_obtained":[{"floor":4.0,"key":"SpeedPotion"},{"floor":7.0,"key":"FearPotion"},{"floor":11.0,"key":"BloodPotion"},{"floor":14.0,"key":"SkillPotion"},{"floor":16,"key":"Dexterity Potion"},{"floor":18,"key":"FearPotion"},{"floor":19,"key":"BloodPotion"},{"floor":29,"key":"SpeedPotion"},{"floor":36,"key":"Weak Potion"}],"is_trial":false,"path_per_floor":["M","?","M","?","?","?","?"],"character_chosen":"IRONCLAD","items_purchased":["Blood Vial","Bag of Preparation","Gremlin Horn","Carnage","Intimidate"],"campfire_rested":2,"item_purchase_floors":[21,21,21,25,31],"current_hp_per_floor":[56,59,57,62,63,63,61,55,55,55,35,40,40,44,44,20,65,67,69,63,63,64,80,74,74,74,63,63,46,70,70,70,14,64,67,45,45,45,33,0],"gold":202,"neow_bonus":"TRANSFORM_TWO_CARDS","is_prod":false,"is_daily":false,"chose_seed":false,"campfire_upgraded":3,"win_rate":0,"timestamp":1557172630,"path_taken":["M","?","M","M","M","R","M","E","T","?","E","M","R","?","R","BOSS","M","M","?","$","M","R","M","$","T","M","?","E","R","$","R","BOSS","M","M","?","?","M","E"],"build_version":"2019-01-23","purchased_purges":0,"victory":false,"max_hp_per_floor":[80,80,80,80,80,80,80,80,80,80,80,80,80,80,80,80,80,80,80,80,80,80,80,80,80,80,80,80,80,80,80,80,80,80,80,80,80,80,80,80],"card_choices":[{"not_picked":["Thunderclap","Havoc"],"picked":"Clothesline","floor":1.0},{"not_picked":["Infernal Blade","Iron Wave"],"picked":"True Grit","floor":2.0},{"not_picked":["Warcry","Dual Wield","True Grit"],"picked":"SKIP","floor":3.0},{"not_picked":["Clash","Inflame"],"picked":"Immolate","floor":4.0},{"not_picked":["Reckless Charge","Havoc"],"picked":"Cleave","floor":5.0},{"not_picked":["Cleave","Shockwave"],"picked":"Battle Trance","floor":7.0},{"not_picked":["Perfected Strike","Headbutt"],"picked":"Iron Wave","floor":8.0},{"not_picked":["Pummel","Iron Wave"],"picked":"Feel No Pain+1","floor":11.0},{"not_picked":["Clothesline","Havoc"],"picked":"Infernal Blade","floor":12.0},{"not_picked":["Cleave","True Grit"],"picked":"Corruption+1","floor":14.0},{"not_picked":["Double Tap","Brutality+1"],"picked":"Demon Form+1","floor":16},{"not_picked":["Armaments","Iron Wave"],"picked":"Evolve+1","floor":18},{"not_picked":["Clash","Carnage"],"picked":"Wild Strike","floor":19},{"not_picked":["Corruption+1","Twin Strike"],"picked":"Armaments","floor":22},{"not_picked":["Sentinel","Perfected Strike"],"picked":"Reckless Charge","floor":24},{"not_picked":["Feed","Wild Strike"],"picked":"Spot Weakness","floor":27},{"not_picked":["Iron Wave","True Grit"],"picked":"Pommel Strike","floor":29},{"not_picked":["Berserk+1","Reaper","Impervious"],"picked":"Barricade+1","floor":33},{"not_picked":["Perfected Strike+1","Berserk+1","Flex"],"picked":"Entrench+1","floor":35},{"not_picked":["Seeing Red","Combust+1","Anger","Thunderclap"],"picked":"SKIP","floor":36},{"not_picked":["Purity","Good Instincts","Magnetism+1"],"picked":"The Bomb","floor":37},{"not_picked":["Warcry+1","Headbutt+1","Anger+1"],"picked":"Body Slam+1","floor":39}],"player_experience":681091,"relics_obtained":[{"floor":8.0,"key":"The Courier"},{"floor":9.0,"key":"Frozen Egg 2"},{"floor":11.0,"key":"Turnip"},{"floor":26,"key":"PreservedInsect"},{"floor":29,"key":"Question Card"}],"event_choices":[{"damage_healed":0.0,"max_hp_gain":0.0,"max_hp_loss":0.0,"gold_gain":100.0,"event_name":"Golden Shrine","player_choice":"Pray","floor":10.0,"gold_loss":0.0,"damage_taken":0.0},{"damage_healed":0,"gold_gain":0,"player_choice":"Joined the Cult","damage_taken":6,"max_hp_gain":0,"max_hp_loss":0,"event_name":"Nest","floor":20,"gold_loss":0,"cards_obtained":["RitualDagger"]},{"damage_healed":0,"gold_gain":0,"player_choice":"Traded Relic","damage_taken":0,"relics_obtained":["Nloth\u0027s Gift"],"max_hp_gain":0,"max_hp_loss":0,"event_name":"N\u0027loth","floor":28,"relics_lost":["Turnip"],"gold_loss":0},{"damage_healed":0,"gold_gain":0,"player_choice":"Memory 1","damage_taken":0,"max_hp_gain":0,"max_hp_loss":0,"event_name":"SensoryStone","floor":37,"gold_loss":0},{"cards_removed":["Intimidate"],"damage_healed":0,"gold_gain":0,"player_choice":"Purged","damage_taken":0,"max_hp_gain":0,"max_hp_loss":0,"event_name":"Purifier","floor":38,"gold_loss":0}],"is_beta":false,"boss_relics":[{"not_picked":["Tiny House","Runic Cube"],"picked":"Fusion Hammer"},{"not_picked":["Empty Cage","Velvet Choker"],"picked":"Snecko Eye"}],"items_purged_floors":[],"is_endless":false,"potions_floor_spawned":[4,7,11,14,16,18,19,29,36],"killed_by":"Giant Head","ascension_level":9}