{"gold_per_floor":[113,125,138,148,167,167,186,186,186,216,216,231,245,264,264,264],"floor_reached":16,"playtime":850,"items_purged":[],"score":124,"play_id":"a4838af8-afe3-4985-842f-14d65d4ff38d","local_time":"20190315205621","is_ascension_mode":true,"campfire_choices":[{"data":"Cloak And Dagger","floor":6,"key":"SMITH"},{"data":"Dagger Spray","floor":11,"key":"SMITH"},{"data":"Dash","floor":15,"key":"SMITH"}],"neow_cost":"NONE","seed_source_timestamp":1197616293663209,"circlet_count":0,"master_deck":["Defend_G","Defend_G","Defend_G","Defend_G","Defend_G","Strike_G","Strike_G","Strike_G","Strike_G","Strike_G","Survivor","Neutralize","Cloak And Dagger+1","Dodge and Roll","Dagger Spray+1","Dodge and Roll","Blade Dance","Sucker Punch","Leg Sweep","Crippling Poison","Dash+1"],"relics":["Ring of the Snake","Centennial Puzzle","Ginger","FossilizedHelix"],"potions_floor_usage":[10,16],"damage_taken":[{"damage":1,"enemies":"Cultist","floor":1,"turns":4},{"damage":0,"enemies":"Small Slimes","floor":2,"turns":3},{"damage":0,"enemies":"2 Louse","floor":3,"turns":4},{"damage":2,"enemies":"Blue Slaver","floor":4,"turns":5},{"damage":20,"enemies":"Exordium Thugs","floor":5,"turns":8},{"damage":5,"enemies":"Looter","floor":7,"turns":4},{"damage":12,"enemies":"3 Sentries","floor":10,"turns":9},{"damage":0,"enemies":"Blue Slaver","floor":12,"turns":4},{"damage":0,"enemies":"Lots of Slimes","floor":13,"turns":1},{"damage":9,"enemies":"Large Slime","floor":14,"turns":8},{"damage":26,"enemies":"Hexaghost","floor":16,"turns":15}],"seed_played":"-6582330673785710368","potions_obtained":[{"floor":1,"key":"SpeedPotion"},{"floor":7,"key":"Poison Potion"},{"floor":10,"key":"SkillPotion"},{"floor":13,"key":"Explosive Potion"}],"is_trial":false,"path_per_floor":["M","M","M","M","M","R","M","?","T","E","R","M","M","M","R","B"],"character_chosen":"THE_SILENT","items_purchased":[],"campfire_rested":0,"item_purchase_floors":[],"current_hp_per_floor":[69,69,69,67,47,47,42,47,47,35,35,35,35,26,26,0],"gold":264,"neow_bonus":"RANDOM_COMMON_RELIC","is_prod":false,"is_daily":false,"chose_seed":false,"campfire_upgraded":3,"win_rate":0,"timestamp":1552708581,"path_taken":["M","M","M","M","?","R","M","?","T","E","R","M","M","M","R","BOSS"],"build_version":"2019-01-23","purchased_purges":0,"victory":false,"max_hp_per_floor":[70,70,70,70,70,70,70,75,75,75,75,75,75,75,75,75],"card_choices":[{"not_picked":["Catalyst","Reflex"],"picked":"Cloak And Dagger","floor":1},{"not_picked":["Blur","Prepared"],"picked":"Dodge and Roll","floor":2},{"not_picked":["Prepared","Masterful Stab"],"picked":"Dagger Spray","floor":3},{"not_picked":["Tactician","Reflex"],"picked":"Dodge and Roll","floor":4},{"not_picked":["Dagger Spray","Outmaneuver"],"picked":"Blade Dance","floor":5},{"not_picked":["Slice","Calculated Gamble"],"picked":"Sucker Punch","floor":7},{"not_picked":["Phantasmal Killer","Acrobatics"],"picked":"Leg Sweep","floor":10},{"not_picked":["Quick Slash","Distraction"],"picked":"Crippling Poison","floor":12},{"not_picked":["Acrobatics","Underhanded Strike","Tactician"],"picked":"SKIP","floor":13},{"not_picked":["Deadly Poison","Backflip"],"picked":"Dash","floor":14}],"player_experience":41770,"relics_obtained":[{"floor":9,"key":"Ginger"},{"floor":10,"key":"FossilizedHelix"}],"event_choices":[{"damage_healed":0,"gold_gain":0,"player_choice":"Donut","damage_taken":0,"max_hp_gain":5,"max_hp_loss":0,"event_name":"Big Fish","floor":8,"gold_loss":0}],"is_beta":false,"boss_relics":[],"items_purged_floors":[],"is_endless":false,"potions_floor_spawned":[1,7,10,13,14],"killed_by":"Hexaghost","ascension_level":3}