{"gold_per_floor":[112,112,37,48,61,92,92,126,126,146,209,209,209,14,14,116,116,128,148,175,18,18,18,47,71,95,117,129,157,169,181,193,205],"floor_reached":33,"playtime":2375,"items_purged":["Pain"],"score":320,"play_id":"0ceba5a4-78c0-4fd9-9ab8-75ad2b10553f","local_time":"20190416181048","is_ascension_mode":true,"campfire_choices":[{"data":"Jack Of All Trades","floor":7,"key":"SMITH"},{"floor":15,"key":"REST"},{"data":"Demon Form","floor":23,"key":"SMITH"},{"floor":30,"key":"REST"},{"data":"Double Tap","floor":32,"key":"SMITH"}],"neow_cost":"CURSE","seed_source_timestamp":153044720850475,"circlet_count":0,"master_deck":["Strike_R","Strike_R","Strike_R","Strike_R","Strike_R","Defend_R","Defend_R","Defend_R","Defend_R","Bash","Jack Of All Trades+1","Bandage Up","Ghostly Armor","Cleave","Thunderclap","Feed","Demon Form+1","Armaments","Reaper","Double Tap+1"],"relics":["Burning Blood","GremlinMask","Question Card","Oddly Smooth Stone","Singing Bowl","Tiny Chest","Sozu","Centennial Puzzle","Ancient Tea Set","Darkstone Periapt","Pen Nib","Omamori","MawBank","Bag of Preparation"],"potions_floor_usage":[10,11,16],"damage_taken":[{"damage":8,"enemies":"2 Louse","floor":1,"turns":3},{"damage":6,"enemies":"Cultist","floor":4,"turns":3},{"damage":6,"enemies":"Jaw Worm","floor":5,"turns":5},{"damage":56,"enemies":"Gremlin Nob","floor":6,"turns":6},{"damage":24,"enemies":"Lagavulin","floor":8,"turns":11},{"damage":10,"enemies":"Looter","floor":10,"turns":2},{"damage":20,"enemies":"Gremlin Nob","floor":11,"turns":4},{"damage":10,"enemies":"Hexaghost","floor":16,"turns":8},{"damage":24,"enemies":"3 Byrds","floor":18,"turns":6},{"damage":17,"enemies":"Shell Parasite","floor":19,"turns":9},{"damage":83,"enemies":"Gremlin Leader","floor":24,"turns":8},{"damage":12,"enemies":"Cultist and Chosen","floor":27,"turns":6},{"damage":32,"enemies":"Centurion and Healer","floor":29,"turns":11},{"damage":88,"enemies":"Automaton","floor":33,"turns":10}],"seed_played":"-2752462666472518814","potions_obtained":[{"floor":6,"key":"Dexterity Potion"},{"floor":8,"key":"AttackPotion"},{"floor":11,"key":"Dexterity Potion"}],"is_trial":false,"path_per_floor":["M","?","$","M","M","E","R","E","T","M","E","?","?","$","R","B",null,"M","M","T","$","T","R","E","T","T","M","$","M","R","T","R","B"],"character_chosen":"IRONCLAD","items_purchased":["Demon Form","Armaments","Ancient Tea Set"],"campfire_rested":2,"item_purchase_floors":[14,14,21],"current_hp_per_floor":[80,80,80,80,80,34,34,20,20,18,10,10,10,10,35,35,84,71,69,69,69,69,69,14,14,14,28,28,39,71,71,71,0],"gold":205,"neow_bonus":"RANDOM_COLORLESS_2","is_prod":false,"is_daily":false,"chose_seed":false,"campfire_upgraded":3,"win_rate":0,"timestamp":1555434648,"path_taken":["M","?","$","M","?","E","R","E","T","M","E","?","?","$","R","BOSS","M","M","?","?","?","R","E","?","T","M","$","M","R","?","R","BOSS"],"build_version":"2019-01-23","purchased_purges":1,"victory":false,"max_hp_per_floor":[80,80,80,80,80,80,80,80,80,82,84,84,84,84,84,84,84,89,94,94,94,94,94,97,97,97,102,102,107,107,107,107,107],"card_choices":[{"not_picked":["Clash","Sever Soul"],"picked":"Ghostly Armor","floor":1},{"not_picked":["Perfected Strike","Dropkick"],"picked":"Cleave","floor":4},{"not_picked":["Body Slam","Warcry","Perfected Strike"],"picked":"SKIP","floor":5},{"not_picked":["Pommel Strike","Rampage"],"picked":"Thunderclap","floor":6},{"not_picked":["Sword Boomerang","Infernal Blade","Pommel Strike"],"picked":"Feed","floor":8},{"not_picked":["Pommel Strike","Headbutt","Thunderclap","Combust"],"picked":"Singing Bowl","floor":10},{"not_picked":["Pommel Strike","Fire Breathing","Havoc","Warcry"],"picked":"Singing Bowl","floor":11},{"not_picked":["Limit Break","Berserk","Fiend Fire"],"picked":"Reaper","floor":16},{"not_picked":["Anger","Headbutt+1","Body Slam+1","Cleave+1"],"picked":"Singing Bowl","floor":18},{"not_picked":["Corruption","Flex","Pommel Strike","Havoc"],"picked":"Singing Bowl","floor":19},{"not_picked":["Pommel Strike+1","Havoc","Armaments"],"picked":"Double Tap","floor":24},{"not_picked":["Feel No Pain","True Grit","Clash","Havoc"],"picked":"Singing Bowl","floor":27},{"not_picked":["Flex","Flame Barrier","Dropkick","Perfected Strike"],"picked":"Singing Bowl","floor":29}],"player_experience":1765466,"relics_obtained":[{"floor":6,"key":"Question Card"},{"floor":8,"key":"Oddly Smooth Stone"},{"floor":9,"key":"Singing Bowl"},{"floor":11,"key":"Tiny Chest"},{"floor":20,"key":"Centennial Puzzle"},{"floor":22,"key":"Darkstone Periapt"},{"floor":24,"key":"Pen Nib"},{"floor":25,"key":"Omamori"},{"floor":26,"key":"MawBank"},{"floor":31,"key":"Bag of Preparation"}],"event_choices":[{"damage_healed":0,"gold_gain":0,"player_choice":"Trade","damage_taken":0,"relics_obtained":["GremlinMask"],"max_hp_gain":0,"max_hp_loss":0,"event_name":"FaceTrader","floor":2,"gold_loss":0},{"damage_healed":0,"gold_gain":0,"player_choice":"Fled","damage_taken":0,"max_hp_gain":0,"max_hp_loss":0,"event_name":"Scrap Ooze","floor":12,"gold_loss":0},{"damage_healed":0,"gold_gain":0,"player_choice":"Ignored","damage_taken":0,"max_hp_gain":0,"max_hp_loss":0,"event_name":"NoteForYourself","floor":13,"gold_loss":0}],"is_beta":false,"boss_relics":[{"not_picked":["Empty Cage","Ectoplasm"],"picked":"Sozu"}],"items_purged_floors":[3],"is_endless":false,"potions_floor_spawned":[6,8,11,18,24,29],"killed_by":"Automaton","ascension_level":1}