{"gold_per_floor":[118,173,188,201,201,201,201,234,234,265,279,314,314,329,329,430,430,449,449,481,20,36,36,67,67,144,234,263,280,280,293,293,394,444,461,480,496,216,236,265,265,280,304,322,222,241,275,292,292,292,292,292,167,198,198],"floor_reached":55,"playtime":3275,"items_purged":["Strike_B","Strike_B","Defend_B"],"score":1165,"play_id":"215fe527-6755-43a9-96d6-4a0ccdd61714","local_time":"20181202125316","is_ascension_mode":true,"campfire_choices":[{"data":"Sunder","floor":7,"key":"SMITH"},{"floor":15,"key":"REST"},{"floor":23,"key":"REST"},{"floor":30,"key":"DIG"},{"floor":32,"key":"DIG"},{"floor":41,"key":"DIG"},{"floor":49,"key":"RECALL"},{"data":"Defragment","floor":52,"key":"SMITH"}],"neow_cost":"NONE","seed_source_timestamp":120688505111635,"circlet_count":0,"master_deck":["Strike_B+1","Strike_B+1","Defend_B","Defend_B","Defend_B","Zap","Dualcast","Sunder+1","Tempest","Redo+1","Cold Snap","Core Surge","Redo","Glacier+1","Self Repair","Storm+1","Defragment+1","Force Field+1","Electrodynamics","Coolheaded+1","Redo+1","Capacitor+1","Echo Form","Heatsinks+1"],"relics":["Cracked Core","NeowsBlessing","PreservedInsect","Bag of Preparation","Symbiotic Virus","Happy Flower","DataDisk","Black Star","Red Mask","Shovel","Regal Pillow","Ice Cream","Mango","MutagenicStrength","Tiny Chest","Lantern","Vajra","Whetstone","Dodecahedron","Tiny House","Chemical X","Boot","Art of War","Anchor","Omamori","Potion Belt","Calipers","Bird Faced Urn"],"potions_floor_usage":[8,16,16,18,18,22,29,37,39,42,46,50,54],"damage_taken":[{"damage":0,"enemies":"Cultist","floor":1,"turns":1},{"damage":0,"enemies":"Small Slimes","floor":3,"turns":1},{"damage":0,"enemies":"2 Louse","floor":4,"turns":1},{"damage":25,"enemies":"Lagavulin","floor":8,"turns":5},{"damage":0,"enemies":"3 Sentries","floor":10,"turns":3},{"damage":12,"enemies":"Lots of Slimes","floor":11,"turns":2},{"damage":0,"enemies":"Gremlin Nob","floor":12,"turns":2},{"damage":1,"enemies":"Looter","floor":14,"turns":2},{"damage":25,"enemies":"The Guardian","floor":16,"turns":6},{"damage":0,"enemies":"Chosen","floor":18,"turns":3},{"damage":47,"enemies":"Masked Bandits","floor":20,"turns":4},{"damage":3,"enemies":"Spheric Guardian","floor":22,"turns":3},{"damage":59,"enemies":"Book of Stabbing","floor":24,"turns":8},{"damage":37,"enemies":"Slavers","floor":28,"turns":4},{"damage":9,"enemies":"Snake Plant","floor":29,"turns":3},{"damage":0,"enemies":"Snecko","floor":31,"turns":3},{"damage":102,"enemies":"Automaton","floor":33,"turns":11},{"damage":10,"enemies":"Orb Walker","floor":35,"turns":4},{"damage":6,"enemies":"3 Shapes","floor":36,"turns":4},{"damage":33,"enemies":"Jaw Worm Horde","floor":37,"turns":3},{"damage":29,"enemies":"Writhing Mass","floor":39,"turns":5},{"damage":32,"enemies":"Reptomancer","floor":40,"turns":4},{"damage":10,"enemies":"Maw","floor":42,"turns":6},{"damage":1,"enemies":"Jaw Worm Horde","floor":44,"turns":2},{"damage":9,"enemies":"Transient","floor":46,"turns":5},{"damage":13,"enemies":"Giant Head","floor":47,"turns":7},{"damage":25,"enemies":"Maw","floor":48,"turns":7},{"damage":51,"enemies":"Donu and Deca","floor":50,"turns":7},{"damage":73,"enemies":"Shield and Spear","floor":54,"turns":4},{"damage":25,"enemies":"The Heart","floor":55,"turns":2}],"seed_played":"-5469693761435441253","potions_obtained":[{"floor":4,"key":"Fire Potion"},{"floor":10,"key":"EssenceOfSteel"},{"floor":11,"key":"SteroidPotion"},{"floor":12,"key":"Dexterity Potion"},{"floor":16,"key":"Energy Potion"},{"floor":20,"key":"Poison Potion"},{"floor":28,"key":"FocusPotion"},{"floor":33,"key":"FearPotion"},{"floor":34,"key":"SpeedPotion"},{"floor":39,"key":"PowerPotion"},{"floor":42,"key":"Fire Potion"},{"floor":46,"key":"SpeedPotion"},{"floor":48,"key":"AttackPotion"},{"floor":54,"key":"FearPotion"}],"is_trial":false,"path_per_floor":["M","T","M","M","$","?","R","E","T","E","M","E","?","M","R","B",null,"M","?","?","$","M","R","E","?","T","?","E","M","R","M","R","B",null,"M","M","M","$","M","E","R","M","T","M","$","M","E","M","R","B",null,"R","$","E","B"],"character_chosen":"DEFECT","items_purchased":["Shovel","Regal Pillow","Chemical X"],"campfire_rested":2,"item_purchase_floors":[21,21,38],"current_hp_per_floor":[68,68,68,68,68,68,68,43,43,43,31,31,31,30,52,27,63,63,63,16,16,13,50,52,52,52,36,66,64,64,71,71,37,81,71,72,39,39,92,67,67,64,64,70,70,75,69,51,51,75,89,89,89,16,0],"gold":198,"neow_bonus":"THREE_ENEMY_KILL","is_prod":false,"is_daily":false,"chose_seed":false,"campfire_upgraded":2,"win_rate":0,"timestamp":1543751596,"path_taken":["M","?","M","?","$","?","R","E","T","E","M","E","?","M","R","BOSS","M","?","?","$","M","R","E","?","T","?","E","M","R","M","R","BOSS","M","?","M","$","M","E","R","M","T","M","$","M","E","M","R","BOSS","R","$","E","BOSS"],"build_version":"2018-11-15","purchased_purges":3,"victory":false,"max_hp_per_floor":[75,75,75,75,75,75,75,75,75,75,75,75,75,75,75,75,75,75,75,75,75,75,75,89,89,89,89,89,89,89,89,89,89,94,94,94,94,94,94,94,94,94,94,94,94,94,94,94,94,94,94,94,94,94,94],"card_choices":[{"not_picked":["Sweeping Beam","Rip and Tear","Turbo"],"picked":"SKIP","floor":1},{"not_picked":["Stack","Fusion"],"picked":"Sunder","floor":3},{"not_picked":["Steam","Compile Driver","Rainbow"],"picked":"SKIP","floor":4},{"not_picked":["Beam Cell","Steam Power"],"picked":"Tempest","floor":8},{"not_picked":["Force Field","Chill"],"picked":"Redo","floor":10},{"not_picked":["Go for the Eyes","Recycle","Leap"],"picked":"SKIP","floor":11},{"not_picked":["Cold Snap","Steam","Steam Power"],"picked":"SKIP","floor":12},{"not_picked":["Aggregate","Ball Lightning"],"picked":"Cold Snap","floor":14},{"not_picked":["Meteor Strike","Machine Learning"],"picked":"Core Surge","floor":16},{"not_picked":["Double Energy","Sunder"],"picked":"Redo","floor":18},{"not_picked":["Doom and Gloom","Streamline"],"picked":"Glacier+1","floor":20},{"not_picked":["Rip and Tear+1","Cold Snap"],"picked":"Self Repair","floor":22},{"not_picked":["Creative AI","Steam"],"picked":"Storm+1","floor":24},{"not_picked":["Turbo","Compile Driver","Chaos"],"picked":"SKIP","floor":28},{"not_picked":["Doom and Gloom+1","FTL"],"picked":"Defragment","floor":29},{"not_picked":["Lockon+1","Ball Lightning"],"picked":"Force Field","floor":31},{"not_picked":["Creative AI","Buffer"],"picked":"Electrodynamics","floor":33},{"not_picked":["Auto Shields","Chaos+1"],"picked":"Coolheaded+1","floor":35},{"not_picked":["Gash","Steam+1"],"picked":"Redo+1","floor":36},{"not_picked":["Redo","Leap"],"picked":"Capacitor+1","floor":37},{"not_picked":["Blizzard","Cold Snap+1","Reprogram"],"picked":"SKIP","floor":39},{"not_picked":["Auto Shields","FTL+1","Gash"],"picked":"SKIP","floor":40},{"not_picked":["Go for the Eyes","Rebound","Fusion"],"picked":"SKIP","floor":42},{"not_picked":["Consume","Steam"],"picked":"Echo Form","floor":44},{"not_picked":["Rebound","Cold Snap+1"],"picked":"Heatsinks+1","floor":46},{"not_picked":["Leap","Rebound","Glacier+1"],"picked":"SKIP","floor":47},{"not_picked":["Conserve Battery","Tempest","BootSequence"],"picked":"SKIP","floor":48},{"not_picked":["Rebound","Turbo+1","Glacier+1"],"picked":"SKIP","floor":54}],"player_experience":317184,"relics_obtained":[{"floor":2,"key":"PreservedInsect"},{"floor":8,"key":"Bag of Preparation"},{"floor":9,"key":"Symbiotic Virus"},{"floor":10,"key":"Happy Flower"},{"floor":12,"key":"DataDisk"},{"floor":20,"key":"Red Mask"},{"floor":24,"key":"Ice Cream"},{"floor":24,"key":"Mango"},{"floor":26,"key":"Tiny Chest"},{"floor":28,"key":"Lantern"},{"floor":28,"key":"Vajra"},{"floor":30,"key":"Whetstone"},{"floor":32,"key":"Dodecahedron"},{"floor":40,"key":"Boot"},{"floor":40,"key":"Art of War"},{"floor":41,"key":"Anchor"},{"floor":47,"key":"Omamori"},{"floor":47,"key":"Potion Belt"},{"floor":54,"key":"Calipers"},{"floor":54,"key":"Bird Faced Urn"}],"event_choices":[{"damage_healed":0,"gold_gain":0,"player_choice":"Ignored","damage_taken":0,"max_hp_gain":0,"max_hp_loss":0,"event_name":"Shining Light","floor":6,"gold_loss":0},{"damage_healed":0,"gold_gain":0,"player_choice":"Upgraded","damage_taken":0,"max_hp_gain":0,"max_hp_loss":0,"event_name":"Upgrade Shrine","floor":13,"gold_loss":0,"cards_upgraded":["Redo"]},{"damage_healed":0,"gold_gain":0,"player_choice":"Ignored","damage_taken":0,"max_hp_gain":0,"max_hp_loss":0,"event_name":"Vampires","floor":19,"gold_loss":0},{"damage_healed":0,"gold_gain":0,"player_choice":"Fought Bandits","damage_taken":0,"max_hp_gain":0,"max_hp_loss":0,"event_name":"Masked Bandits","floor":20,"gold_loss":0},{"damage_healed":0,"gold_gain":0,"player_choice":"Inject Mutagens","damage_taken":0,"relics_obtained":["MutagenicStrength"],"max_hp_gain":0,"max_hp_loss":0,"event_name":"Drug Dealer","floor":25,"gold_loss":0},{"damage_healed":0,"gold_gain":90,"player_choice":"GOLD ","damage_taken":16,"max_hp_gain":0,"max_hp_loss":0,"event_name":"Knowing Skull","floor":27,"potions_obtained":[],"gold_loss":0,"cards_obtained":[]}],"is_beta":false,"boss_relics":[{"not_picked":["Snecko Eye","Eternal Feather"],"picked":"Black Star"},{"not_picked":["FrozenCore","Busted Crown"],"picked":"Tiny House"}],"items_purged_floors":[38,45,53],"is_endless":false,"potions_floor_spawned":[4,10,11,12,16,20,28,33,39,42,46,48,54],"killed_by":"The Heart","ascension_level":6}