{"gold_per_floor":[119,137,36,36,36,36,63,63,63,88,119,131,161,191,203,311,323,349,361,390,418,449,386,412,424,436,458,249,249,34,34,34,129,129,147,147,166,266,281,309,320,41,41,41,41,59,59,71,71,71],"floor_reached":50,"playtime":2802,"items_purged":["Strike_R","Strike_R","Strike_R"],"score":668,"play_id":"51e46699-3412-441e-a3fe-1b79ca006c63","local_time":"20190412231856","is_ascension_mode":true,"campfire_choices":[{"data":"Armaments","floor":6,"key":"SMITH"},{"data":"True Grit","floor":12,"key":"SMITH"},{"data":"Body Slam","floor":15,"key":"SMITH"},{"data":"Clothesline","floor":25,"key":"SMITH"},{"data":"Inflame","floor":29,"key":"SMITH"},{"floor":32,"key":"REST"},{"floor":45,"key":"REST"},{"data":"Double Tap","floor":47,"key":"SMITH"},{"floor":49,"key":"RECALL"}],"neow_cost":"NONE","seed_source_timestamp":537523800314902,"circlet_count":0,"master_deck":["Defend_R","Defend_R","Defend_R","Defend_R","Clothesline+1","Body Slam+1","Armaments+1","Whirlwind+1","True Grit+1","Body Slam+1","Inflame+1","Bludgeon+1","Evolve+1","Warcry+1","Shrug It Off","Dark Shackles","Uppercut+1","Double Tap+1","Barricade","Impatience","Pommel Strike+1","True Grit+1","Inflame+1"],"relics":["Burning Blood","Molten Egg 2","Omamori","MawBank","Busted Crown","Bottled Flame","Girya","Sozu","Mango","Art of War","Bag of Marbles"],"potions_floor_usage":[16,16,21,22,33],"damage_taken":[{"damage":6,"enemies":"Cultist","floor":1,"turns":3},{"damage":2,"enemies":"2 Louse","floor":2,"turns":4},{"damage":23,"enemies":"Lagavulin","floor":7,"turns":8},{"damage":2,"enemies":"Jaw Worm","floor":10,"turns":3},{"damage":0,"enemies":"3 Louse","floor":11,"turns":1},{"damage":6,"enemies":"2 Fungi Beasts","floor":13,"turns":2},{"damage":21,"enemies":"Large Slime","floor":14,"turns":6},{"damage":9,"enemies":"The Guardian","floor":16,"turns":10},{"damage":0,"enemies":"Chosen","floor":18,"turns":3},{"damage":22,"enemies":"Shell Parasite","floor":20,"turns":5},{"damage":2,"enemies":"Shelled Parasite and Fungi","floor":21,"turns":2},{"damage":19,"enemies":"Centurion and Healer","floor":22,"turns":5},{"damage":22,"enemies":"Snake Plant","floor":24,"turns":3},{"damage":7,"enemies":"3 Cultists","floor":27,"turns":3},{"damage":76,"enemies":"Champ","floor":33,"turns":10},{"damage":0,"enemies":"3 Shapes","floor":35,"turns":1},{"damage":8,"enemies":"Orb Walker","floor":37,"turns":2},{"damage":0,"enemies":"Mind Bloom Boss Battle","floor":38,"turns":6},{"damage":13,"enemies":"Spire Growth","floor":39,"turns":5},{"damage":15,"enemies":"Nemesis","floor":40,"turns":9},{"damage":38,"enemies":"Jaw Worm Horde","floor":41,"turns":3},{"damage":5,"enemies":"Transient","floor":46,"turns":5},{"damage":0,"enemies":"3 Darklings","floor":48,"turns":1},{"damage":83,"enemies":"Time Eater","floor":50,"turns":8}],"seed_played":"-1661757466653383001","potions_obtained":[{"floor":10,"key":"FearPotion"},{"floor":11,"key":"FearPotion"},{"floor":16,"key":"Block Potion"},{"floor":20,"key":"FairyPotion"},{"floor":21,"key":"Poison Potion"},{"floor":27,"key":"Swift Potion"}],"is_trial":false,"path_per_floor":["M","M","$","?","?","R","E","$","T","M","M","R","M","M","R","B",null,"M","?","M","M","M","?","M","R","T","M","$","R","$","?","R","B",null,"M","?","M","?","M","E","M","$","T","?","R","M","R","M","R","B"],"character_chosen":"IRONCLAD","items_purchased":["Armaments","Shrug It Off","Dark Shackles","Uppercut+1","Double Tap","Bag of Marbles"],"campfire_rested":2,"item_purchase_floors":[3,28,28,30,30,42],"current_hp_per_floor":[80,84,84,77,74,74,57,57,57,61,67,67,67,52,52,49,78,84,84,68,72,59,59,43,43,43,42,42,42,42,42,68,14,70,76,76,74,94,87,78,46,46,46,46,76,77,77,83,83,0],"gold":71,"neow_bonus":"TEN_PERCENT_HP_BONUS","is_prod":false,"is_daily":false,"chose_seed":false,"campfire_upgraded":6,"win_rate":0,"timestamp":1555078736,"path_taken":["M","M","$","?","?","R","E","$","T","M","M","R","M","M","R","BOSS","M","?","M","M","M","?","M","R","T","M","$","R","$","?","R","BOSS","M","?","M","?","M","E","M","$","T","?","R","M","R","M","R","BOSS"],"build_version":"2019-01-23","purchased_purges":3,"victory":false,"max_hp_per_floor":[88,88,88,88,88,88,88,88,88,88,88,88,88,88,88,88,88,88,88,88,88,88,88,88,88,88,88,88,88,88,88,88,88,88,88,88,88,102,102,102,102,102,102,102,102,102,102,102,102,102],"card_choices":[{"not_picked":["True Grit","Warcry"],"picked":"Clothesline","floor":1},{"not_picked":["Perfected Strike","Iron Wave"],"picked":"Body Slam","floor":2},{"not_picked":["Power Through","Second Wind","Fire Breathing"],"picked":"SKIP","floor":7},{"not_picked":["Fire Breathing","Warcry"],"picked":"Whirlwind+1","floor":10},{"not_picked":["Blood for Blood+1","Sword Boomerang+1"],"picked":"True Grit","floor":11},{"not_picked":["Headbutt+1","Twin Strike+1"],"picked":"Body Slam+1","floor":13},{"not_picked":["Havoc","Flame Barrier"],"picked":"Inflame","floor":14},{"not_picked":["Double Tap","Berserk"],"picked":"Bludgeon+1","floor":16},{"not_picked":[],"picked":"Evolve+1","floor":18},{"not_picked":["Armaments"],"picked":"SKIP","floor":20},{"not_picked":["Cleave+1"],"picked":"SKIP","floor":21},{"not_picked":["True Grit"],"picked":"SKIP","floor":22},{"not_picked":[],"picked":"Warcry+1","floor":24},{"not_picked":["Perfected Strike+1"],"picked":"SKIP","floor":27},{"not_picked":[],"picked":"Barricade","floor":33},{"not_picked":["Perfected Strike+1"],"picked":"SKIP","floor":35},{"not_picked":[],"picked":"Impatience","floor":36},{"not_picked":[],"picked":"Pommel Strike+1","floor":37},{"not_picked":[],"picked":"True Grit+1","floor":38},{"not_picked":["Clothesline+1"],"picked":"SKIP","floor":39},{"not_picked":["Evolve"],"picked":"SKIP","floor":40},{"not_picked":[],"picked":"Inflame+1","floor":41},{"not_picked":["Shrug It Off"],"picked":"SKIP","floor":46},{"not_picked":["Brutality"],"picked":"SKIP","floor":48}],"player_experience":311246,"relics_obtained":[{"floor":7,"key":"Omamori"},{"floor":9,"key":"MawBank"},{"floor":26,"key":"Bottled Flame"},{"floor":38,"key":"Mango"},{"floor":40,"key":"Art of War"}],"event_choices":[{"cards_removed":["Strike_R"],"damage_healed":0,"gold_gain":0,"player_choice":"Card Removal","damage_taken":7,"max_hp_gain":0,"max_hp_loss":0,"event_name":"Golden Wing","floor":4,"gold_loss":0},{"damage_healed":0,"gold_gain":0,"player_choice":"Success","damage_taken":3,"relics_obtained":["Molten Egg 2"],"max_hp_gain":0,"max_hp_loss":0,"event_name":"Scrap Ooze","floor":5,"gold_loss":0},{"damage_healed":0,"gold_gain":0,"player_choice":"Ignored","damage_taken":0,"max_hp_gain":0,"max_hp_loss":0,"event_name":"Ghosts","floor":19,"gold_loss":0},{"cards_removed":["Strike_R"],"damage_healed":0,"gold_gain":0,"player_choice":"Gave Gold","damage_taken":0,"max_hp_gain":0,"max_hp_loss":0,"event_name":"Beggar","floor":23,"gold_loss":75},{"damage_healed":0,"gold_gain":0,"player_choice":"Opened","damage_taken":0,"relics_obtained":["Girya"],"max_hp_gain":0,"max_hp_loss":0,"event_name":"The Mausoleum","floor":31,"gold_loss":0,"cards_obtained":["Writhe"]},{"damage_healed":0,"gold_gain":0,"player_choice":"Memory 1","damage_taken":0,"max_hp_gain":0,"max_hp_loss":0,"event_name":"SensoryStone","floor":36,"gold_loss":0},{"damage_healed":0,"gold_gain":0,"player_choice":"Fight","damage_taken":0,"max_hp_gain":0,"max_hp_loss":0,"event_name":"MindBloom","floor":38,"gold_loss":0},{"cards_removed":["Bash"],"damage_healed":0,"gold_gain":0,"player_choice":"Removed Attack","damage_taken":0,"max_hp_gain":0,"max_hp_loss":0,"event_name":"Falling","floor":44,"gold_loss":0}],"is_beta":false,"boss_relics":[{"not_picked":["Fusion Hammer","Runic Dome"],"picked":"Busted Crown"},{"not_picked":["Empty Cage","Mark of Pain"],"picked":"Sozu"}],"items_purged_floors":[3,28,42],"is_endless":false,"potions_floor_spawned":[10,11,16,20,21,27,37,40,46],"killed_by":"Time Eater","ascension_level":7}