{"gold_per_floor":[109,124,51,10,10,10,10,10,33,64,108,85,127,156,168,281,293,321,346,377,408,420,452,492,504,516,553,580,603,630,418,418,514,514,526,546,559,573,584,617,361,361,361,395,395,408,424,65,65,65],"floor_reached":51,"playtime":3522,"items_purged":["Strike_B","Strike_B"],"score":774,"play_id":"1209ca32-e48c-4afb-8db6-8f64829c0a26","local_time":"20190406212126","is_ascension_mode":true,"campfire_choices":[{"data":"Genetic Algorithm","floor":6,"key":"SMITH"},{"data":"Consume","floor":8,"key":"SMITH"},{"floor":15,"key":"REST"},{"data":"Streamline","floor":25,"key":"SMITH"},{"floor":32,"key":"REST"},{"floor":42,"key":"REST"},{"floor":45,"key":"REST"},{"data":"Seek","floor":49,"key":"SMITH"}],"neow_cost":"TEN_PERCENT_HP_LOSS","seed_source_timestamp":2250781404895812,"circlet_count":0,"master_deck":["Strike_B","Strike_B","Defend_B","Defend_B","Defend_B","Defend_B","Zap","Dualcast","Genetic Algorithm+1","Reinforced Body","Consume+1","Streamline+1","Cold Snap","Capacitor","Electrodynamics","BootSequence","Capacitor","Seek+1","Ball Lightning","Barrage+1","Core Surge","Chill+1","Echo Form"],"relics":["Cracked Core","Pocketwatch","Darkstone Periapt","MawBank","Vajra","Art of War","Velvet Choker","Thread and Needle","Mercury Hourglass","DataDisk","Ancient Tea Set","White Beast Statue","Mummified Hand","Lantern","Gremlin Horn","Toxic Egg 2","Runic Capacitor"],"potions_floor_usage":[11,21,27,27,36,37,38,38,39,40,40,44,50],"damage_taken":[{"damage":0,"enemies":"Small Slimes","floor":1,"turns":3},{"damage":7,"enemies":"Jaw Worm","floor":2,"turns":3},{"damage":0,"enemies":"2 Louse","floor":10,"turns":2},{"damage":31,"enemies":"Lagavulin","floor":11,"turns":7},{"damage":10,"enemies":"3 Sentries","floor":13,"turns":7},{"damage":7,"enemies":"Blue Slaver","floor":14,"turns":3},{"damage":2,"enemies":"The Guardian","floor":16,"turns":9},{"damage":0,"enemies":"2 Thieves","floor":18,"turns":2},{"damage":4,"enemies":"Shell Parasite","floor":19,"turns":5},{"damage":10,"enemies":"Chosen and Byrds","floor":20,"turns":5},{"damage":8,"enemies":"Snecko","floor":21,"turns":4},{"damage":0,"enemies":"Cultist and Chosen","floor":23,"turns":3},{"damage":22,"enemies":"Slavers","floor":24,"turns":3},{"damage":8,"enemies":"Book of Stabbing","floor":27,"turns":6},{"damage":1,"enemies":"Chosen and Byrds","floor":28,"turns":5},{"damage":0,"enemies":"Centurion and Healer","floor":29,"turns":5},{"damage":0,"enemies":"Snecko","floor":30,"turns":5},{"damage":4,"enemies":"Collector","floor":33,"turns":7},{"damage":13,"enemies":"Orb Walker","floor":35,"turns":4},{"damage":0,"enemies":"3 Darklings","floor":36,"turns":3},{"damage":2,"enemies":"Spire Growth","floor":37,"turns":5},{"damage":0,"enemies":"Sphere and 2 Shapes","floor":38,"turns":4},{"damage":33,"enemies":"Jaw Worm Horde","floor":39,"turns":4},{"damage":14,"enemies":"Giant Head","floor":40,"turns":9},{"damage":5,"enemies":"Reptomancer","floor":44,"turns":6},{"damage":0,"enemies":"Maw","floor":46,"turns":6},{"damage":1,"enemies":"Writhing Mass","floor":47,"turns":6},{"damage":28,"enemies":"Donu and Deca","floor":50,"turns":7}],"seed_played":"-6978975413789414120","potions_obtained":[{"floor":2,"key":"SkillPotion"},{"floor":13,"key":"SpeedPotion"},{"floor":14,"key":"Weak Potion"},{"floor":16,"key":"Strength Potion"},{"floor":18,"key":"Ancient Potion"},{"floor":24,"key":"LiquidBronze"},{"floor":28,"key":"SpeedPotion"},{"floor":29,"key":"LiquidBronze"},{"floor":36,"key":"EssenceOfSteel"},{"floor":37,"key":"EssenceOfSteel"},{"floor":38,"key":"Regen Potion"},{"floor":39,"key":"Ancient Potion"},{"floor":40,"key":"FearPotion"},{"floor":44,"key":"Fruit Juice"},{"floor":46,"key":"Ancient Potion"},{"floor":47,"key":"Energy Potion"}],"is_trial":false,"path_per_floor":["M","M","$","?","?","R","T","R","T","M","E","?","E","M","R","B",null,"M","M","M","M","?","M","E","R","T","E","M","M","M","$","R","B",null,"M","M","M","M","M","E","$","R","T","E","R","M","M","$","R","B",null],"character_chosen":"DEFECT","items_purchased":["Consume","Ancient Tea Set","Lantern","Echo Form","Runic Capacitor"],"campfire_rested":4,"item_purchase_floors":[3,31,41,48,48],"current_hp_per_floor":[68,61,61,61,61,61,61,61,61,61,30,47,37,30,50,48,68,68,64,54,46,78,78,56,56,56,48,47,47,47,47,70,66,78,65,65,63,63,39,25,25,48,48,48,72,72,71,71,71,43],"gold":65,"neow_bonus":"ONE_RARE_RELIC","is_prod":false,"is_daily":false,"chose_seed":false,"campfire_upgraded":4,"win_rate":0,"timestamp":1554582086,"path_taken":["M","M","$","?","?","R","?","R","T","M","E","?","E","M","R","BOSS","M","M","M","M","?","?","E","R","T","E","M","M","?","$","R","BOSS","M","?","?","M","M","E","$","R","T","E","R","M","M","$","R","BOSS"],"build_version":"2019-01-23","purchased_purges":2,"victory":true,"max_hp_per_floor":[68,68,68,68,68,68,68,68,68,68,68,68,68,68,68,68,68,68,68,68,68,78,78,78,78,78,78,78,78,78,78,78,78,78,78,78,78,78,78,78,78,78,78,83,83,83,83,83,83,83],"card_choices":[{"not_picked":["Streamline","Hologram"],"picked":"Genetic Algorithm","floor":1},{"not_picked":["Rebound","Steam"],"picked":"Reinforced Body","floor":2},{"not_picked":["Auto Shields","Skim"],"picked":"Streamline","floor":10},{"not_picked":["Static Discharge","Hologram","Fusion"],"picked":"SKIP","floor":11},{"not_picked":["Thunder Strike","Turbo"],"picked":"Cold Snap","floor":13},{"not_picked":["Go for the Eyes","Gash"],"picked":"Capacitor","floor":14},{"not_picked":["Reboot","Seek"],"picked":"Electrodynamics","floor":16},{"not_picked":["Heatsinks","Gash","Lockon"],"picked":"SKIP","floor":18},{"not_picked":["Doom and Gloom+1","Force Field"],"picked":"BootSequence","floor":19},{"not_picked":["Redo","Conserve Battery+1","Gash"],"picked":"SKIP","floor":20},{"not_picked":["Hello World+1","Aggregate"],"picked":"Rainbow","floor":21},{"not_picked":["Turbo+1","Sweeping Beam"],"picked":"Capacitor","floor":23},{"not_picked":["Turbo","Beam Cell","Hello World"],"picked":"SKIP","floor":24},{"not_picked":["All For One","Beam Cell+1","Sweeping Beam"],"picked":"SKIP","floor":27},{"not_picked":["Genetic Algorithm","Cold Snap+1","Conserve Battery"],"picked":"SKIP","floor":28},{"not_picked":["Blizzard","Conserve Battery","Static Discharge+1"],"picked":"SKIP","floor":29},{"not_picked":["Cold Snap","Streamline","Leap+1"],"picked":"SKIP","floor":30},{"not_picked":["Amplify","Meteor Strike"],"picked":"Seek","floor":33},{"not_picked":["Stack","Hologram+1"],"picked":"Ball Lightning","floor":35},{"not_picked":["Aggregate","Melter","Consume"],"picked":"SKIP","floor":36},{"not_picked":["Conserve Battery+1","Storm","Aggregate+1"],"picked":"SKIP","floor":37},{"not_picked":["Gash","BootSequence"],"picked":"Barrage+1","floor":38},{"not_picked":["Amplify","Heatsinks","Leap"],"picked":"SKIP","floor":39},{"not_picked":["Reprogram+1","White Noise"],"picked":"Core Surge","floor":40},{"not_picked":["Ball Lightning+1","Force Field"],"picked":"Chill+1","floor":44},{"not_picked":["Undo+1","Gash+1","Sweeping Beam+1"],"picked":"SKIP","floor":46},{"not_picked":["Gash","Rebound","Lockon"],"picked":"SKIP","floor":47}],"player_experience":1722193,"relics_obtained":[{"floor":7,"key":"Darkstone Periapt"},{"floor":9,"key":"MawBank"},{"floor":11,"key":"Vajra"},{"floor":13,"key":"Art of War"},{"floor":24,"key":"Thread and Needle"},{"floor":26,"key":"Mercury Hourglass"},{"floor":27,"key":"DataDisk"},{"floor":40,"key":"Mummified Hand"},{"floor":43,"key":"Gremlin Horn"},{"floor":44,"key":"Toxic Egg 2"}],"event_choices":[{"damage_healed":0,"gold_gain":0,"player_choice":"Left Gold","damage_taken":0,"max_hp_gain":0,"max_hp_loss":0,"event_name":"World of Goop","floor":4,"gold_loss":41},{"damage_healed":0,"gold_gain":0,"player_choice":"Ignored","damage_taken":0,"max_hp_gain":0,"max_hp_loss":0,"event_name":"Shining Light","floor":5,"gold_loss":0},{"damage_healed":17,"gold_gain":0,"player_choice":"Healed","damage_taken":0,"max_hp_gain":0,"max_hp_loss":0,"event_name":"The Cleric","floor":12,"gold_loss":35},{"cards_removed":["Rainbow"],"damage_healed":22,"gold_gain":0,"player_choice":"Offered Rare","damage_taken":0,"max_hp_gain":10,"max_hp_loss":0,"event_name":"Bonfire Elementals","floor":22,"gold_loss":0}],"is_beta":false,"boss_relics":[{"not_picked":["Eternal Feather","Pandora\u0027s Box"],"picked":"Velvet Choker"},{"not_picked":["Philosopher\u0027s Stone","Runic Dome"],"picked":"White Beast Statue"}],"items_purged_floors":[31,41],"is_endless":false,"potions_floor_spawned":[2,13,14,16,18,24,28,29,30,35,36,37,38,39,40,44,46,47],"ascension_level":1}