{"gold_per_floor":[112,128,128,144,75,110,125,154,202,212,222,252,327,360,360,464,464,480,480,371,381,398,426,826,859,859,859,958,969,1004,1020,1020,1020],"floor_reached":33,"playtime":2114,"items_purged":["Strike_R"],"score":546,"play_id":"236fe443-d9f6-4062-87a6-e7616a7a9590","local_time":"20190329185321","is_ascension_mode":true,"campfire_choices":[{"data":"Armaments","floor":15,"key":"SMITH"},{"data":"Rupture","floor":27,"key":"SMITH"},{"floor":32,"key":"REST"}],"neow_cost":"NONE","seed_source_timestamp":753306484825667,"circlet_count":0,"master_deck":["Strike_R","Strike_R","Strike_R","Strike_R","Defend_R","Defend_R","Defend_R","Defend_R","Bash","Wild Strike","Armaments+1","Feel No Pain","Combust","Juggernaut","Thunderclap","Anger","Clothesline","Feed","Sentinel","Dark Embrace","Disarm","Flame Barrier","Sever Soul","Pommel Strike","Pommel Strike","Inflame","Combust","Infernal Blade+1","Rupture+1","Flex+1","Headbutt","Infernal Blade","Battle Trance+1","Armaments+1","Ghostly Armor+1"],"relics":["Burning Blood","Self Forming Clay","Meat on the Bone","Bronze Scales","Red Skull","Omamori","Charon\u0027s Ashes","Orrery","WarpedTongs","Anchor","Old Coin","Bottled Flame","Blue Candle","Toxic Egg 2","Letter Opener"],"potions_floor_usage":[6,8,16,16,24,24,30,33,33],"damage_taken":[{"damage":1,"enemies":"Cultist","floor":1,"turns":4},{"damage":6,"enemies":"Jaw Worm","floor":2,"turns":4},{"damage":0,"enemies":"Small Slimes","floor":4,"turns":3},{"damage":16,"enemies":"Lagavulin","floor":6,"turns":6},{"damage":2,"enemies":"Red Slaver","floor":7,"turns":4},{"damage":11,"enemies":"3 Sentries","floor":8,"turns":5},{"damage":6,"enemies":"2 Fungi Beasts","floor":10,"turns":3},{"damage":16,"enemies":"3 Louse","floor":11,"turns":3},{"damage":16,"enemies":"Gremlin Nob","floor":12,"turns":4},{"damage":16,"enemies":"Lagavulin","floor":14,"turns":5},{"damage":56,"enemies":"The Guardian","floor":16,"turns":10},{"damage":14,"enemies":"Spheric Guardian","floor":18,"turns":4},{"damage":10,"enemies":"Chosen","floor":21,"turns":4},{"damage":6,"enemies":"3 Cultists","floor":22,"turns":3},{"damage":34,"enemies":"Slavers","floor":23,"turns":5},{"damage":25,"enemies":"Colosseum Slavers","floor":24,"turns":5},{"damage":25,"enemies":"Colosseum Nobs","floor":24,"turns":4},{"damage":5,"enemies":"Gremlin Leader","floor":25,"turns":6},{"damage":14,"enemies":"Centurion and Healer","floor":29,"turns":7},{"damage":17,"enemies":"Book of Stabbing","floor":30,"turns":6},{"damage":9,"enemies":"Snake Plant","floor":31,"turns":4},{"damage":94,"enemies":"Automaton","floor":33,"turns":9}],"seed_played":"-8116734674603877751","potions_obtained":[{"floor":2,"key":"AttackPotion"},{"floor":6,"key":"Energy Potion"},{"floor":8,"key":"SpeedPotion"},{"floor":10,"key":"Regen Potion"},{"floor":11,"key":"BloodPotion"},{"floor":16,"key":"EssenceOfSteel"},{"floor":23,"key":"FearPotion"},{"floor":29,"key":"Weak Potion"},{"floor":30,"key":"Swift Potion"}],"is_trial":false,"path_per_floor":["M","M","?","M","$","E","M","E","T","M","M","E","?","E","R","B",null,"M","?","$","M","M","E","?","E","T","R","?","M","E","M","R","B"],"character_chosen":"IRONCLAD","items_purchased":["Combust","Combust"],"campfire_rested":1,"item_purchase_floors":[5,20],"current_hp_per_floor":[85,85,85,88,88,78,82,77,77,77,67,57,46,48,48,25,72,64,64,64,60,63,51,37,54,54,54,54,58,59,56,85,0],"gold":1020,"neow_bonus":"TEN_PERCENT_HP_BONUS","is_prod":false,"is_daily":false,"chose_seed":false,"campfire_upgraded":2,"win_rate":0,"timestamp":1553910801,"path_taken":["M","M","?","M","$","E","?","E","T","M","M","E","?","E","R","BOSS","M","?","$","?","M","E","?","E","T","R","?","M","E","M","R","BOSS"],"build_version":"2019-01-23","purchased_purges":1,"victory":false,"max_hp_per_floor":[88,88,88,88,88,88,88,88,88,88,88,88,88,88,88,88,88,88,88,88,88,91,95,95,99,99,99,99,99,99,99,99,99],"card_choices":[{"not_picked":["Warcry","Ghostly Armor"],"picked":"Wild Strike","floor":1},{"not_picked":["Flex","Clash"],"picked":"Armaments","floor":2},{"not_picked":["Seeing Red","Flex"],"picked":"Feel No Pain","floor":4},{"not_picked":["Rage","Shrug It Off"],"picked":"Juggernaut","floor":6},{"not_picked":["Havoc","Sever Soul","Seeing Red"],"picked":"SKIP","floor":7},{"not_picked":["Havoc","Blood for Blood"],"picked":"Thunderclap","floor":8},{"not_picked":["Flex","Headbutt"],"picked":"Anger","floor":10},{"not_picked":["Armaments","Sword Boomerang"],"picked":"Clothesline","floor":11},{"not_picked":["Armaments","Twin Strike"],"picked":"Feed","floor":12},{"not_picked":["Headbutt","Anger"],"picked":"Sentinel","floor":14},{"not_picked":["Juggernaut","Feed"],"picked":"Dark Embrace","floor":16},{"not_picked":["Ghostly Armor","Armaments"],"picked":"Disarm","floor":17},{"not_picked":["Disarm","Twin Strike"],"picked":"Flame Barrier","floor":17},{"not_picked":["Whirlwind","Iron Wave"],"picked":"Sever Soul","floor":17},{"not_picked":["Blood for Blood","Rage"],"picked":"Pommel Strike","floor":17},{"not_picked":["Perfected Strike","Sword Boomerang"],"picked":"Pommel Strike","floor":17},{"not_picked":["Blood for Blood","Twin Strike+1"],"picked":"Inflame","floor":18},{"not_picked":["Berserk","Sever Soul"],"picked":"Infernal Blade+1","floor":21},{"not_picked":["Heavy Blade","Pommel Strike"],"picked":"Rupture","floor":22},{"not_picked":["Demon Form","Whirlwind"],"picked":"Flex+1","floor":23},{"not_picked":["Searing Blow+1","Armaments"],"picked":"Headbutt","floor":24},{"not_picked":["Havoc","Blood for Blood"],"picked":"Infernal Blade","floor":25},{"not_picked":["Whirlwind","Pummel"],"picked":"Battle Trance+1","floor":29},{"not_picked":["Whirlwind","Perfected Strike"],"picked":"Armaments+1","floor":30},{"not_picked":["Body Slam+1","Rampage+1"],"picked":"Ghostly Armor+1","floor":31}],"player_experience":92227,"relics_obtained":[{"floor":3,"key":"Self Forming Clay"},{"floor":6,"key":"Meat on the Bone"},{"floor":8,"key":"Bronze Scales"},{"floor":9,"key":"Red Skull"},{"floor":12,"key":"Omamori"},{"floor":14,"key":"Charon\u0027s Ashes"},{"floor":23,"key":"Anchor"},{"floor":24,"key":"Old Coin"},{"floor":24,"key":"Bottled Flame"},{"floor":25,"key":"Blue Candle"},{"floor":26,"key":"Toxic Egg 2"},{"floor":30,"key":"Letter Opener"}],"event_choices":[{"damage_healed":0,"gold_gain":0,"player_choice":"Relic","damage_taken":0,"max_hp_gain":0,"max_hp_loss":0,"event_name":"Wheel of Change","floor":3,"gold_loss":0},{"damage_healed":0,"gold_gain":75,"player_choice":"Gather Gold","damage_taken":11,"max_hp_gain":0,"max_hp_loss":0,"event_name":"World of Goop","floor":13,"gold_loss":0},{"damage_healed":0,"gold_gain":0,"player_choice":"Rummage","damage_taken":0,"relics_obtained":["WarpedTongs"],"max_hp_gain":0,"max_hp_loss":0,"event_name":"Accursed Blacksmith","floor":19,"gold_loss":0,"cards_obtained":["Pain"]},{"damage_healed":0,"gold_gain":0,"player_choice":"Fight","damage_taken":0,"max_hp_gain":0,"max_hp_loss":0,"event_name":"Colosseum","floor":24,"gold_loss":0},{"damage_healed":0,"gold_gain":0,"player_choice":"Fought Nobs","damage_taken":0,"max_hp_gain":0,"max_hp_loss":0,"event_name":"Colosseum","floor":24,"gold_loss":0},{"damage_healed":0,"gold_gain":99,"player_choice":"Stole From Cult","damage_taken":0,"max_hp_gain":0,"max_hp_loss":0,"event_name":"Nest","floor":28,"gold_loss":0}],"is_beta":false,"boss_relics":[{"not_picked":["Pandora\u0027s Box","Velvet Choker"],"picked":"Orrery"}],"items_purged_floors":[20],"is_endless":false,"potions_floor_spawned":[2,6,8,10,11,16,23,24,29,30],"killed_by":"Automaton","ascension_level":6}