{"gold_per_floor":[210,210,210,210,223,223,223,236,315,326,346,346,362,396,396,396],"floor_reached":16,"playtime":1489,"items_purged":[],"score":107,"play_id":"56f2a1ff-fe2e-4d5c-bc3c-f0fdca76c864","local_time":"20190304194747","is_ascension_mode":true,"campfire_choices":[{"data":"Neutralize","floor":6,"key":"SMITH"},{"floor":12,"key":"REST"},{"data":"Well Laid Plans","floor":15,"key":"SMITH"}],"neow_cost":"NONE","seed_source_timestamp":214856675713865,"circlet_count":0,"master_deck":["Defend_G","Defend_G","Defend_G","Defend_G","Defend_G","Strike_G","Strike_G","Strike_G+1","Strike_G","Survivor","Neutralize+1","Well Laid Plans+1","Footwork","Flying Knee","Backflip","Sucker Punch+1","Adrenaline"],"relics":["Ring of the Snake","The Specimen","Meat on the Bone","CultistMask","Bottled Tornado","Whetstone"],"potions_floor_usage":[11,14,14],"damage_taken":[{"damage":1,"enemies":"2 Louse","floor":1,"turns":4},{"damage":2,"enemies":"Jaw Worm","floor":5,"turns":7},{"damage":0,"enemies":"Cultist","floor":8,"turns":6},{"damage":0,"enemies":"Blue Slaver","floor":10,"turns":4},{"damage":6,"enemies":"3 Louse","floor":11,"turns":3},{"damage":7,"enemies":"Gremlin Gang","floor":13,"turns":6},{"damage":14,"enemies":"Gremlin Nob","floor":14,"turns":4},{"damage":44,"enemies":"Hexaghost","floor":16,"turns":16}],"seed_played":"65379655885189897","potions_obtained":[{"floor":1,"key":"SteroidPotion"},{"floor":8,"key":"LiquidBronze"},{"floor":13,"key":"Swift Potion"}],"is_trial":false,"path_per_floor":["?","?","T","M","?"],"character_chosen":"THE_SILENT","items_purchased":[],"campfire_rested":1,"item_purchase_floors":[],"current_hp_per_floor":[69,62,50,50,48,48,48,48,48,48,42,63,56,42,42,0],"gold":396,"neow_bonus":"HUNDRED_GOLD","is_prod":false,"is_daily":false,"chose_seed":false,"campfire_upgraded":2,"win_rate":0,"timestamp":1551754067,"path_taken":["M","?","?","?","?","R","?","M","T","M","M","R","M","E","R","BOSS"],"build_version":"2019-01-23","purchased_purges":0,"victory":false,"max_hp_per_floor":[70,70,70,70,70,70,70,70,70,70,70,70,70,70,70,70],"card_choices":[{"not_picked":["Underhanded Strike","Predator"],"picked":"Well Laid Plans","floor":1},{"not_picked":["Eviscerate","Skewer"],"picked":"Footwork","floor":5},{"not_picked":["Blade Dance","Sucker Punch"],"picked":"Flying Knee","floor":8},{"not_picked":["Heel Hook","Cloak And Dagger"],"picked":"Backflip","floor":10},{"not_picked":["Backflip","Accuracy"],"picked":"Sucker Punch","floor":11},{"not_picked":["Blade Dance","Outmaneuver","Slice"],"picked":"SKIP","floor":13},{"not_picked":["Tactician","Quick Slash"],"picked":"Adrenaline","floor":14}],"player_experience":96470,"relics_obtained":[{"floor":4,"key":"Meat on the Bone"},{"floor":9,"key":"Bottled Tornado"},{"floor":14,"key":"Whetstone"}],"event_choices":[{"cards_removed":["Strike_G"],"damage_healed":0,"gold_gain":0,"player_choice":"Card Removal","damage_taken":7,"max_hp_gain":0,"max_hp_loss":0,"event_name":"Golden Wing","floor":2,"gold_loss":0},{"damage_healed":0,"gold_gain":0,"player_choice":"Success","damage_taken":12,"relics_obtained":["The Specimen"],"max_hp_gain":0,"max_hp_loss":0,"event_name":"Scrap Ooze","floor":3,"gold_loss":0},{"damage_healed":0,"gold_gain":0,"player_choice":"Trade","damage_taken":0,"relics_obtained":["CultistMask"],"max_hp_gain":0,"max_hp_loss":0,"event_name":"FaceTrader","floor":7,"gold_loss":0}],"is_beta":false,"boss_relics":[],"items_purged_floors":[],"is_endless":false,"potions_floor_spawned":[1,8,13],"killed_by":"Hexaghost","ascension_level":1}