{"gold_per_floor":[118,118,128,1,1,30,30,63,113,124,42,42,71,56,56,157,157,171,32,32,32,44,76,87,113,194,194,211,211,246,257,257,359,359,377,1376,774,792,51,51,62,62,108,108,121,166,166,180,180,180],"floor_reached":51,"playtime":3018,"items_purged":["Pain","Strike_G","Normality","Normality"],"score":1018,"play_id":"f577f141-8074-4f14-8bfd-5ec780bac3a4","local_time":"20190112184212","is_ascension_mode":true,"campfire_choices":[{"data":"Survivor","floor":7,"key":"SMITH"},{"data":"Well Laid Plans","floor":12,"key":"SMITH"},{"data":"Dash","floor":15,"key":"SMITH"},{"data":"After Image","floor":27,"key":"SMITH"},{"floor":29,"key":"REST"},{"data":"J.A.X.","floor":32,"key":"SMITH"},{"data":"After Image","floor":40,"key":"SMITH"},{"data":"Envenom","floor":42,"key":"SMITH"},{"floor":47,"key":"REST"},{"data":"Dodge and Roll","floor":49,"key":"SMITH"}],"neow_cost":"NONE","seed_source_timestamp":598194550716415,"circlet_count":0,"master_deck":["Defend_G","Defend_G","Defend_G+1","Defend_G","Defend_G","Strike_G","Strike_G","Survivor+1","Neutralize+1","Doppelganger+1","Flying Knee","Quick Slash","Cloak And Dagger","Cloak And Dagger","Dash+1","Well Laid Plans+1","Tactician","Deflect","After Image+1","Predator","Infinite Blades","J.A.X.+1","Footwork+1","Envenom+1","Footwork","Dash","Envenom","Dodge and Roll+1","After Image+1","Infinite Blades+1","Leg Sweep","Cloak And Dagger","Dodge and Roll+1","Backflip+1","Blur","Backflip+1"],"relics":["Ring of the Snake","WarpedTongs","War Paint","Potion Belt","Blood Vial","StoneCalendar","Empty Cage","Bag of Marbles","Bronze Scales","Letter Opener","Ornamental Fan","Lizard Tail","TwistedFunnel","Tiny Chest","Pen Nib","Regal Pillow","Tingsha","Oddly Smooth Stone","Tough Bandages"],"potions_floor_usage":[6,18,30,33,38,38,46,46,50,50,50,50],"damage_taken":[{"damage":0,"enemies":"2 Louse","floor":1,"turns":3},{"damage":9,"enemies":"Cultist","floor":3,"turns":4},{"damage":5,"enemies":"Gremlin Nob","floor":6,"turns":3},{"damage":10,"enemies":"3 Sentries","floor":8,"turns":7},{"damage":0,"enemies":"Small Slimes","floor":10,"turns":2},{"damage":17,"enemies":"Gremlin Nob","floor":13,"turns":4},{"damage":2,"enemies":"Exordium Thugs","floor":14,"turns":4},{"damage":6,"enemies":"The Guardian","floor":16,"turns":12},{"damage":0,"enemies":"3 Byrds","floor":18,"turns":7},{"damage":4,"enemies":"2 Thieves","floor":21,"turns":4},{"damage":0,"enemies":"Centurion and Healer","floor":22,"turns":7},{"damage":3,"enemies":"Book of Stabbing","floor":23,"turns":7},{"damage":9,"enemies":"Sentry and Sphere","floor":24,"turns":7},{"damage":3,"enemies":"Gremlin Leader","floor":25,"turns":9},{"damage":18,"enemies":"Chosen and Byrds","floor":28,"turns":6},{"damage":6,"enemies":"Book of Stabbing","floor":30,"turns":6},{"damage":0,"enemies":"Snake Plant","floor":31,"turns":5},{"damage":10,"enemies":"Collector","floor":33,"turns":12},{"damage":0,"enemies":"3 Shapes","floor":35,"turns":6},{"damage":13,"enemies":"3 Darklings","floor":38,"turns":7},{"damage":3,"enemies":"Maw","floor":41,"turns":8},{"damage":5,"enemies":"Spire Growth","floor":45,"turns":6},{"damage":14,"enemies":"2 Orb Walkers","floor":46,"turns":7},{"damage":0,"enemies":"Sphere and 2 Shapes","floor":48,"turns":7},{"damage":54,"enemies":"Donu and Deca","floor":50,"turns":15}],"seed_played":"-4456023724685742644","potions_obtained":[{"floor":6,"key":"Weak Potion"},{"floor":10,"key":"EssenceOfSteel"},{"floor":14,"key":"Weak Potion"},{"floor":16,"key":"Ancient Potion"},{"floor":22,"key":"SteroidPotion"},{"floor":23,"key":"SteroidPotion"},{"floor":31,"key":"Dexterity Potion"},{"floor":41,"key":"Ancient Potion"},{"floor":45,"key":"Energy Potion"},{"floor":46,"key":"Strength Potion"}],"is_trial":false,"path_per_floor":["M","?","M","$","?","E","R","E","T","M","$","R","E","M","R","B",null,"M","$","?","M","M","E","M","E","T","R","M","R","E","M","R","B",null,"M","?","$","M","$","R","M","R","T","?","M","?","R","M","R","B",null],"character_chosen":"THE_SILENT","items_purchased":["Fire Potion","Well Laid Plans","Infinite Blades","TwistedFunnel","Tiny Chest","Pen Nib","Leg Sweep","Regal Pillow","Tingsha","Cloak And Dagger","PowerPotion"],"campfire_rested":2,"item_purchase_floors":[4,11,19,37,37,37,39,39,39,39,39],"current_hp_per_floor":[63,63,54,54,54,49,49,39,39,41,41,41,26,26,26,22,58,60,60,60,58,60,59,52,51,51,51,35,56,52,54,54,46,64,66,66,66,55,55,55,54,54,54,54,51,39,70,70,70,16],"gold":180,"neow_bonus":"ONE_RANDOM_RARE_CARD","is_prod":false,"is_daily":false,"chose_seed":false,"campfire_upgraded":8,"win_rate":0,"timestamp":1547318532,"path_taken":["M","?","?","?","?","E","R","E","T","M","$","R","E","?","R","BOSS","M","$","?","M","M","E","M","E","T","R","M","R","E","M","R","BOSS","M","?","$","M","$","R","M","R","T","?","?","?","R","M","R","BOSS"],"build_version":"2019-01-10","purchased_purges":4,"victory":true,"max_hp_per_floor":[70,70,70,70,70,70,70,70,70,70,70,70,70,70,70,70,70,70,70,70,70,70,70,70,70,70,70,70,70,70,70,70,70,70,70,70,70,70,70,70,70,70,70,70,70,70,70,70,70,70],"card_choices":[{"not_picked":["Bane","Slice"],"picked":"Flying Knee","floor":1},{"not_picked":["Underhanded Strike","Calculated Gamble"],"picked":"Quick Slash","floor":3},{"not_picked":["Heel Hook","Expertise"],"picked":"Cloak And Dagger","floor":6},{"not_picked":["Blade Dance","Masterful Stab"],"picked":"Cloak And Dagger","floor":8},{"not_picked":["Bouncing Flask","Blade Dance"],"picked":"Dash","floor":10},{"not_picked":["Tools of the Trade","Acrobatics"],"picked":"Tactician","floor":13},{"not_picked":["Catalyst","Bane"],"picked":"Deflect","floor":14},{"not_picked":["Storm of Steel","Venomology"],"picked":"After Image","floor":16},{"not_picked":["Endless Agony","Dagger Spray"],"picked":"Predator","floor":18},{"not_picked":["Blur","Deadly Poison"],"picked":"Footwork+1","floor":21},{"not_picked":["Prepared","Dagger Throw+1"],"picked":"Envenom","floor":22},{"not_picked":["Poisoned Stab","Crippling Poison"],"picked":"Footwork","floor":23},{"not_picked":["Eviscerate","Predator+1","Catalyst"],"picked":"SKIP","floor":24},{"not_picked":["Outmaneuver","Backstab"],"picked":"Dash","floor":25},{"not_picked":["Noxious Fumes+1","Catalyst","Skewer"],"picked":"SKIP","floor":28},{"not_picked":["Sucker Punch+1","Eviscerate"],"picked":"Envenom","floor":30},{"not_picked":["Eviscerate+1","Choke+1"],"picked":"Dodge and Roll+1","floor":31},{"not_picked":["Malaise","Bullet Time"],"picked":"After Image","floor":33},{"not_picked":["Underhanded Strike+1","Expertise","Choke"],"picked":"SKIP","floor":35},{"not_picked":["Concentrate+1","Slice"],"picked":"Infinite Blades+1","floor":38},{"not_picked":["Poisoned Stab","Underhanded Strike"],"picked":"Dodge and Roll","floor":41},{"not_picked":["Sucker Punch","Slice+1"],"picked":"Backflip+1","floor":45},{"not_picked":["Underhanded Strike","Venomology"],"picked":"Blur","floor":46},{"not_picked":["Poisoned Stab","Blur"],"picked":"Backflip+1","floor":48}],"player_experience":66038,"relics_obtained":[{"floor":6,"key":"War Paint"},{"floor":8,"key":"Potion Belt"},{"floor":9,"key":"Blood Vial"},{"floor":13,"key":"StoneCalendar"},{"floor":23,"key":"Bag of Marbles"},{"floor":25,"key":"Bronze Scales"},{"floor":26,"key":"Letter Opener"},{"floor":30,"key":"Ornamental Fan"},{"floor":43,"key":"Oddly Smooth Stone"},{"floor":46,"key":"Tough Bandages"}],"event_choices":[{"damage_healed":0,"gold_gain":0,"player_choice":"Rummage","damage_taken":0,"relics_obtained":["WarpedTongs"],"max_hp_gain":0,"max_hp_loss":0,"event_name":"Accursed Blacksmith","floor":2,"gold_loss":0,"cards_obtained":["Pain"]},{"damage_healed":0,"gold_gain":0,"player_choice":"Upgraded","damage_taken":0,"max_hp_gain":0,"max_hp_loss":0,"event_name":"Upgrade Shrine","floor":5,"gold_loss":0,"cards_upgraded":["Neutralize"]},{"damage_healed":0,"gold_gain":0,"player_choice":"Obtain J.A.X.","damage_taken":0,"max_hp_gain":0,"max_hp_loss":0,"event_name":"Drug Dealer","floor":20,"gold_loss":0,"cards_obtained":["J.A.X."]},{"damage_healed":0,"gold_gain":999,"player_choice":"Gold","damage_taken":0,"max_hp_gain":0,"max_hp_loss":0,"event_name":"MindBloom","floor":36,"gold_loss":0,"cards_obtained":["Normality","Normality"]},{"damage_healed":0,"gold_gain":0,"player_choice":"Ignored","damage_taken":0,"max_hp_gain":0,"max_hp_loss":0,"event_name":"SecretPortal","floor":44,"gold_loss":0},{"damage_healed":0,"gold_gain":0,"player_choice":"Fight","damage_taken":0,"max_hp_gain":0,"max_hp_loss":0,"event_name":"Mysterious Sphere","floor":46,"gold_loss":0}],"is_beta":false,"boss_relics":[{"not_picked":["Fusion Hammer","Tiny House"],"picked":"Empty Cage"},{"not_picked":["Calling Bell","Black Star"],"picked":"Lizard Tail"}],"items_purged_floors":[4,19,37,39],"is_endless":false,"potions_floor_spawned":[6,10,14,16,22,23,24,31,41,45,46],"ascension_level":6}