{"gold_per_floor":[111,211,223,239,43,76,96,96,96,96,109,136,136,88,88,88],"floor_reached":16,"playtime":651,"items_purged":[],"score":143,"play_id":"0c111277-6cf5-4023-9ee1-44b2617249ee","local_time":"20190423133847","is_ascension_mode":true,"campfire_choices":[{"floor":8,"key":"REST"},{"data":"True Grit","floor":10,"key":"SMITH"},{"floor":15,"key":"REST"}],"neow_cost":"NONE","seed_source_timestamp":15972220808202,"circlet_count":0,"master_deck":["Strike_R","Strike_R","Strike_R","Strike_R","Strike_R","Defend_R","Defend_R","Defend_R","Defend_R","Bash","Reaper","True Grit+1","Headbutt","Pommel Strike","Feel No Pain","Burning Pact","Rampage"],"relics":["Burning Blood","Medical Kit","Darkstone Periapt","Du-Vu Doll","Peace Pipe"],"potions_floor_usage":[6,7],"damage_taken":[{"damage":13,"enemies":"Jaw Worm","floor":1,"turns":6},{"damage":4,"enemies":"Cultist","floor":3,"turns":4},{"damage":3,"enemies":"2 Louse","floor":4,"turns":4},{"damage":53,"enemies":"Lagavulin","floor":6,"turns":8},{"damage":16,"enemies":"Large Slime","floor":7,"turns":6},{"damage":10,"enemies":"2 Fungi Beasts","floor":11,"turns":4},{"damage":52,"enemies":"Gremlin Nob","floor":12,"turns":5},{"damage":61,"enemies":"Slime Boss","floor":16,"turns":11}],"seed_played":"5146074176015160466","potions_obtained":[{"floor":4,"key":"Fire Potion"},{"floor":6,"key":"SteroidPotion"},{"floor":11,"key":"Swift Potion"}],"is_trial":false,"path_per_floor":["M","?","M","M","$","E","M","R","T","R","M","E","?","?","R","B"],"character_chosen":"IRONCLAD","items_purchased":["Medical Kit"],"campfire_rested":2,"item_purchase_floors":[5],"current_hp_per_floor":[69,69,71,80,80,36,32,56,56,56,62,16,16,16,40,0],"gold":88,"neow_bonus":"ONE_RANDOM_RARE_CARD","is_prod":false,"is_daily":false,"chose_seed":false,"campfire_upgraded":1,"win_rate":0,"timestamp":1556019527,"path_taken":["M","?","?","M","$","E","M","R","T","R","M","E","?","?","R","BOSS"],"build_version":"2019-01-23","purchased_purges":0,"victory":false,"max_hp_per_floor":[80,80,80,80,80,80,80,80,80,80,80,80,80,80,80,80],"card_choices":[{"not_picked":["Reckless Charge","Headbutt"],"picked":"True Grit","floor":1},{"not_picked":["Clothesline","Anger"],"picked":"Headbutt","floor":3},{"not_picked":["Clash","Perfected Strike"],"picked":"Pommel Strike","floor":4},{"not_picked":["Thunderclap","Rage"],"picked":"Feel No Pain","floor":6},{"not_picked":["Twin Strike","Rupture"],"picked":"Burning Pact","floor":7},{"not_picked":["Heavy Blade","Twin Strike"],"picked":"Rampage","floor":11},{"not_picked":["Heavy Blade","Twin Strike","Flex"],"picked":"SKIP","floor":12}],"player_experience":363262,"relics_obtained":[{"floor":6,"key":"Darkstone Periapt"},{"floor":9,"key":"Du-Vu Doll"},{"floor":12,"key":"Peace Pipe"}],"event_choices":[{"damage_healed":0,"gold_gain":100,"player_choice":"Pray","damage_taken":0,"max_hp_gain":0,"max_hp_loss":0,"event_name":"Golden Shrine","floor":2,"gold_loss":0},{"damage_healed":0,"gold_gain":0,"player_choice":"Ignored","damage_taken":0,"max_hp_gain":0,"max_hp_loss":0,"event_name":"Shining Light","floor":13,"gold_loss":0},{"damage_healed":0,"gold_gain":0,"player_choice":"Left Gold","damage_taken":0,"max_hp_gain":0,"max_hp_loss":0,"event_name":"World of Goop","floor":14,"gold_loss":48}],"is_beta":false,"boss_relics":[],"items_purged_floors":[],"is_endless":false,"potions_floor_spawned":[4,6,11],"killed_by":"Slime Boss","ascension_level":6}