{"gold_per_floor":[118,133,133,158,158,158,158,197,197,49,14,29,63,238,238,366,366,390,390,405,405,424,424,424,87,133,154,172,195,215,33,33,33],"floor_reached":33,"playtime":1250,"items_purged":["Strike_R+1","Strike_R+1"],"score":295,"play_id":"7fda8f39-4447-4f0f-9783-1838d707cd88","local_time":"20190317171719","is_ascension_mode":true,"campfire_choices":[{"data":"Cleave","floor":6,"key":"SMITH"},{"floor":15,"key":"REST"},{"data":"Armaments","floor":23,"key":"SMITH"},{"floor":32,"key":"DIG"}],"neow_cost":"NONE","seed_source_timestamp":352688901671180,"circlet_count":0,"master_deck":["Strike_R+1","Strike_R+1","Strike_R+1","Defend_R+1","Defend_R+1","Defend_R+1","Defend_R+1","Bash","Cleave+1","Clothesline","Clothesline+1","Inflame","Iron Wave","Twin Strike","Feed","Armaments+1","True Grit","Flash of Steel","Heavy Blade","Flame Barrier+1","True Grit","Inflame+1","Dramatic Entrance"],"relics":["Burning Blood","Golden Idol","Shovel","Frozen Egg 2","PreservedInsect","Ginger","Lizard Tail","Happy Flower","Blood Vial","Ancient Tea Set"],"potions_floor_usage":[12,16,28,30,30,33],"damage_taken":[{"damage":6,"enemies":"2 Louse","floor":1,"turns":5},{"damage":3,"enemies":"Jaw Worm","floor":2,"turns":4},{"damage":5,"enemies":"Small Slimes","floor":4,"turns":3},{"damage":32,"enemies":"3 Sentries","floor":8,"turns":7},{"damage":11,"enemies":"Exordium Wildlife","floor":12,"turns":3},{"damage":26,"enemies":"Lagavulin","floor":13,"turns":5},{"damage":26,"enemies":"Slime Boss","floor":16,"turns":6},{"damage":20,"enemies":"Chosen","floor":18,"turns":5},{"damage":26,"enemies":"Spheric Guardian","floor":20,"turns":5},{"damage":29,"enemies":"Snake Plant","floor":22,"turns":5},{"damage":23,"enemies":"Sentry and Sphere","floor":27,"turns":6},{"damage":34,"enemies":"Shelled Parasite and Fungi","floor":28,"turns":8},{"damage":5,"enemies":"Snake Plant","floor":29,"turns":4},{"damage":18,"enemies":"Sentry and Sphere","floor":30,"turns":6},{"damage":64,"enemies":"Champ","floor":33,"turns":12}],"seed_played":"-7045091843460699859","potions_obtained":[{"floor":4,"key":"AttackPotion"},{"floor":13,"key":"AttackPotion"},{"floor":16,"key":"AttackPotion"},{"floor":22,"key":"Energy Potion"},{"floor":27,"key":"SteroidPotion"},{"floor":29,"key":"AttackPotion"}],"is_trial":false,"path_per_floor":["M","M","?","M","?","R","?","E","T","$","?","M","E","?","R","B",null,"M","?","M","?","M","R","T","$","T","M","M","M","M","$","R","B"],"character_chosen":"IRONCLAD","items_purchased":["PreservedInsect","True Grit","Happy Flower","Flash of Steel","Dramatic Entrance"],"campfire_rested":1,"item_purchase_floors":[10,25,25,25,31],"current_hp_per_floor":[88,88,88,88,81,81,63,37,37,37,59,54,34,34,60,40,88,74,74,57,57,34,34,34,34,34,22,49,52,42,42,42,0],"gold":33,"neow_bonus":"TEN_PERCENT_HP_BONUS","is_prod":false,"is_daily":false,"chose_seed":false,"campfire_upgraded":2,"win_rate":0,"timestamp":1552864639,"path_taken":["M","M","?","M","?","R","?","E","T","?","?","?","E","?","R","BOSS","M","?","?","?","M","R","?","$","T","M","M","M","?","$","R","BOSS"],"build_version":"2019-01-23","purchased_purges":2,"victory":false,"max_hp_per_floor":[88,88,88,88,88,88,88,88,88,88,88,88,88,88,88,88,88,88,88,91,91,91,91,91,91,91,94,97,97,97,97,97,97],"card_choices":[{"not_picked":["Carnage","Sever Soul"],"picked":"Cleave","floor":1},{"not_picked":["Perfected Strike","Thunderclap"],"picked":"Clothesline","floor":2},{"not_picked":["Pommel Strike","Burning Pact"],"picked":"Clothesline","floor":4},{"not_picked":["Body Slam","Warcry"],"picked":"Inflame","floor":8},{"not_picked":["Twin Strike","Havoc"],"picked":"Iron Wave","floor":12},{"not_picked":["Burning Pact","Reckless Charge"],"picked":"Twin Strike","floor":13},{"not_picked":["Exhume","Fiend Fire"],"picked":"Feed","floor":16},{"not_picked":["Flex","Hemokinesis","Evolve+1"],"picked":"SKIP","floor":18},{"not_picked":["Iron Wave","Wild Strike"],"picked":"Armaments","floor":20},{"not_picked":["Whirlwind","Perfected Strike","Combust+1"],"picked":"SKIP","floor":22},{"not_picked":["Anger","Wild Strike"],"picked":"Heavy Blade","floor":27},{"not_picked":["Thunderclap","Heavy Blade"],"picked":"Flame Barrier+1","floor":28},{"not_picked":["Havoc","Clothesline"],"picked":"True Grit","floor":29},{"not_picked":["Searing Blow","Dark Embrace+1"],"picked":"Inflame+1","floor":30}],"player_experience":241698,"relics_obtained":[{"floor":8,"key":"Shovel"},{"floor":9,"key":"Frozen Egg 2"},{"floor":13,"key":"Ginger"},{"floor":26,"key":"Blood Vial"},{"floor":32,"key":"Ancient Tea Set"}],"event_choices":[{"damage_healed":0,"gold_gain":0,"player_choice":"Take Wound","damage_taken":0,"relics_obtained":["Golden Idol"],"max_hp_gain":0,"max_hp_loss":0,"event_name":"Golden Idol","floor":3,"gold_loss":0,"cards_obtained":["Injury"]},{"cards_removed":["Injury"],"damage_healed":0,"gold_gain":0,"player_choice":"Card Removal","damage_taken":7,"max_hp_gain":0,"max_hp_loss":0,"event_name":"Golden Wing","floor":5,"gold_loss":0},{"damage_healed":0,"gold_gain":0,"player_choice":"Entered Light","damage_taken":18,"max_hp_gain":0,"max_hp_loss":0,"event_name":"Shining Light","floor":7,"gold_loss":0,"cards_upgraded":["Clothesline","Defend_R"]},{"damage_healed":22,"gold_gain":0,"player_choice":"Healed","damage_taken":0,"max_hp_gain":0,"max_hp_loss":0,"event_name":"The Cleric","floor":11,"gold_loss":35},{"damage_healed":0,"gold_gain":175,"player_choice":"AGREE","damage_taken":0,"max_hp_gain":0,"max_hp_loss":0,"event_name":"Liars Game","floor":14,"gold_loss":0,"cards_obtained":["Doubt"]},{"cards_removed":["Doubt"],"damage_healed":0,"gold_gain":0,"player_choice":"Purged","damage_taken":0,"max_hp_gain":0,"max_hp_loss":0,"event_name":"Purifier","floor":19,"gold_loss":0},{"damage_healed":0,"gold_gain":0,"player_choice":"Simplicity","damage_taken":0,"max_hp_gain":0,"max_hp_loss":0,"event_name":"Back to Basics","floor":21,"gold_loss":0,"cards_upgraded":["Strike_R","Strike_R","Strike_R","Strike_R","Strike_R","Defend_R","Defend_R","Defend_R"]}],"is_beta":false,"boss_relics":[{"not_picked":["Calling Bell","Mark of Pain"],"picked":"Lizard Tail"}],"items_purged_floors":[25,31],"is_endless":false,"potions_floor_spawned":[4,13,16,22,27,29],"killed_by":"Champ","ascension_level":1}