{"gold_per_floor":[111,122,139,156,116,116,116,116,140,170,73,87,100,21,21,125,125,141,141,153,153,169,169,169],"floor_reached":24,"playtime":929,"items_purged":["Strike_R"],"score":360,"play_id":"ed2674cf-b3b7-4131-b2bf-9e293451a0f4","local_time":"20190425214814","is_ascension_mode":true,"campfire_choices":[{"data":"True Grit","floor":6.0,"key":"SMITH"},{"data":"Bash","floor":8.0,"key":"SMITH"},{"data":"Barricade","floor":15.0,"key":"SMITH"},{"data":"Body Slam","floor":23.0,"key":"SMITH"}],"neow_cost":"PERCENT_DAMAGE","seed_source_timestamp":1081069915670638,"circlet_count":0,"master_deck":["Strike_R","Strike_R","Strike_R","Strike_R","Defend_R","Defend_R","Defend_R","Defend_R","Bash+1","Barricade+1","Inflame","Rage","True Grit+1","Twin Strike","Body Slam+1","Headbutt","Armaments","Body Slam","Impervious","Offering","Dual Wield"],"special_seed":0,"relics":["Burning Blood","Eternal Feather","Nloth\u0027s Gift"],"potions_floor_usage":[24,24],"damage_taken":[{"damage":10.0,"enemies":"2 Louse","floor":1.0,"turns":4.0},{"damage":1.0,"enemies":"Cultist","floor":2.0,"turns":3.0},{"damage":3.0,"enemies":"Jaw Worm","floor":3.0,"turns":4.0},{"damage":6.0,"enemies":"Large Slime","floor":4.0,"turns":10.0},{"damage":18.0,"enemies":"Gremlin Nob","floor":10.0,"turns":4.0},{"damage":14.0,"enemies":"Gremlin Gang","floor":12.0,"turns":6.0},{"damage":4.0,"enemies":"Exordium Wildlife","floor":13.0,"turns":4.0},{"damage":0.0,"enemies":"Slime Boss","floor":16.0,"turns":7.0},{"damage":25.0,"enemies":"Spheric Guardian","floor":18.0,"turns":5.0},{"damage":0.0,"enemies":"2 Thieves","floor":20.0,"turns":4.0},{"damage":37.0,"enemies":"Snecko","floor":22.0,"turns":5.0},{"damage":52,"enemies":"Book of Stabbing","floor":24,"turns":5}],"seed_played":"6815907812597655812","potions_obtained":[{"floor":1.0,"key":"EssenceOfSteel"},{"floor":2.0,"key":"SkillPotion"},{"floor":5.0,"key":"EntropicBrew"},{"floor":5.0,"key":"Dexterity Potion"},{"floor":5.0,"key":"SneckoOil"},{"floor":13.0,"key":"Block Potion"},{"floor":20.0,"key":"BloodPotion"}],"is_trial":false,"path_per_floor":["M","M","M","M","?","R","$","R","T","E","$","M","M","$","R","B",null,"M","?","M","?","M","R","E"],"character_chosen":"IRONCLAD","items_purchased":["Headbutt","Impervious"],"campfire_rested":0,"item_purchase_floors":[11,14],"current_hp_per_floor":[47,52,55,55,55,55,55,55,55,43,43,35,37,37,37,43,71,52,52,58,58,27,39,0],"gold":169,"neow_bonus":"THREE_RARE_CARDS","is_prod":false,"is_daily":false,"chose_seed":false,"campfire_upgraded":4,"win_rate":0,"timestamp":1556196494,"path_taken":["M","M","M","M","?","R","$","R","T","E","$","M","M","?","R","BOSS","M","?","M","?","M","R","E"],"build_version":"2019-01-23","purchased_purges":1,"victory":false,"max_hp_per_floor":[80,80,80,80,80,80,80,80,80,80,80,80,80,80,80,80,80,80,80,80,80,80,80,80],"card_choices":[{"not_picked":["Juggernaut","Limit Break"],"picked":"Barricade","floor":0.0},{"not_picked":["Sever Soul","Flame Barrier"],"picked":"Inflame","floor":1.0},{"not_picked":["Twin Strike","Anger"],"picked":"Rage","floor":2.0},{"not_picked":["Warcry","Carnage"],"picked":"True Grit","floor":3.0},{"not_picked":["Havoc","Flex"],"picked":"Twin Strike","floor":4.0},{"not_picked":["True Grit","Juggernaut"],"picked":"Body Slam","floor":10.0},{"not_picked":["Wild Strike","Inflame"],"picked":"Armaments","floor":12.0},{"not_picked":["Pommel Strike","True Grit"],"picked":"Body Slam","floor":13.0},{"not_picked":["Immolate","Bludgeon"],"picked":"Offering","floor":16.0},{"not_picked":["Spot Weakness+1","Twin Strike","Flex"],"picked":"SKIP","floor":18.0},{"not_picked":["Thunderclap","Bloodletting"],"picked":"Dual Wield","floor":20.0},{"not_picked":["Body Slam","True Grit","Wild Strike"],"picked":"SKIP","floor":22.0}],"player_experience":431081,"relics_obtained":[{"floor":10.0,"key":"Red Skull"}],"event_choices":[{"damage_healed":0.0,"max_hp_gain":0.0,"max_hp_loss":0.0,"gold_gain":0.0,"event_name":"The Woman in Blue","player_choice":"Bought 3 Potions","floor":5.0,"gold_loss":0.0,"damage_taken":0.0},{"damage_healed":0.0,"max_hp_gain":0.0,"max_hp_loss":0.0,"gold_gain":0.0,"event_name":"Ghosts","player_choice":"Ignored","floor":19.0,"gold_loss":0.0,"damage_taken":0.0},{"damage_healed":0.0,"max_hp_gain":0.0,"max_hp_loss":0.0,"gold_gain":0.0,"event_name":"N\u0027loth","player_choice":"Traded Relic","floor":21.0,"relics_lost":["Red Skull"],"gold_loss":0.0,"damage_taken":0.0,"relics_obtained":["Nloth\u0027s Gift"]}],"is_beta":false,"boss_relics":[{"not_picked":["Velvet Choker","Runic Pyramid"],"picked":"Eternal Feather"}],"items_purged_floors":[11],"is_endless":false,"potions_floor_spawned":[1,2,13,20],"killed_by":"Book of Stabbing","ascension_level":9}