{"gold_per_floor":[112,287,287,297,316,316,351,351,351,367,2,35,35,35,35,134,134,152,0,0,0,18,18,18,18,95,115,115,115,18,18,18,123,123,138,50,62,62],"floor_reached":38,"playtime":1087,"items_purged":[],"score":416,"play_id":"8507cf8a-7e1b-48b7-97ed-bcf072a87f77","local_time":"20190328144410","is_ascension_mode":true,"campfire_choices":[{"data":"Darkness","floor":6,"key":"SMITH"},{"floor":8,"key":"REST"},{"floor":15,"key":"REST"},{"floor":23,"key":"REST"},{"floor":25,"key":"RECALL"},{"floor":28,"key":"REST"},{"floor":32,"key":"REST"}],"neow_cost":"NONE","seed_source_timestamp":835873075577212,"circlet_count":0,"master_deck":["Strike_B","Strike_B","Strike_B","Defend_B","Defend_B","Defend_B","Defend_B","Zap","Dualcast","Melter","Lockon","Darkness+1","Tempest","Lockon","Apotheosis","Sweeping Beam","Darkness","Rainbow","Sunder+1","Loop","Auto Shields","Decay","Shame","Darkness","Loop","FTL","Bandage Up","Echo Form","Aggregate+1","Forethought"],"relics":["Cracked Core","NeowsBlessing","Sundial","Bottled Lightning","Bronze Scales","Shovel","Lizard Tail","Prayer Wheel","Symbiotic Virus","Eternal Feather"],"potions_floor_usage":[7,16,22,33,35],"damage_taken":[{"damage":0,"enemies":"Cultist","floor":1,"turns":1},{"damage":0,"enemies":"Jaw Worm","floor":4,"turns":1},{"damage":0,"enemies":"Small Slimes","floor":5,"turns":1},{"damage":40,"enemies":"3 Sentries","floor":7,"turns":6},{"damage":21,"enemies":"3 Louse","floor":10,"turns":3},{"damage":8,"enemies":"Gremlin Nob","floor":12,"turns":3},{"damage":29,"enemies":"The Guardian","floor":16,"turns":6},{"damage":44,"enemies":"2 Thieves","floor":18,"turns":4},{"damage":12,"enemies":"Chosen","floor":22,"turns":4},{"damage":56,"enemies":"Snecko","floor":27,"turns":5},{"damage":116,"enemies":"Automaton","floor":33,"turns":9},{"damage":48,"enemies":"3 Darklings","floor":35,"turns":6},{"damage":24,"enemies":"3 Shapes","floor":37,"turns":3},{"damage":16,"enemies":"Writhing Mass","floor":38,"turns":1}],"seed_played":"8456285851239584342","potions_obtained":[{"floor":5,"key":"AttackPotion"},{"floor":12,"key":"Swift Potion"},{"floor":18,"key":"SteroidPotion"},{"floor":27,"key":"Strength Potion"},{"floor":33,"key":"Explosive Potion"}],"is_trial":false,"path_per_floor":["M","?","?","M","M","R","E","R","T","M","$","E","$","?","R","B",null,"M","$","?","?","M","R","?","R","T","M","R","?","$","$","R","B",null,"M","$","M","M"],"character_chosen":"DEFECT","items_purchased":["Apotheosis","Bronze Scales","Sweeping Beam","Loop","Auto Shields","Bandage Up","Forethought"],"campfire_rested":5,"item_purchase_floors":[11,11,11,19,19,30,36],"current_hp_per_floor":[75,75,68,68,68,68,28,50,50,29,29,21,21,21,43,14,75,31,31,31,31,19,41,66,66,66,10,32,32,32,32,54,11,75,31,31,7,0],"gold":62,"neow_bonus":"THREE_ENEMY_KILL","is_prod":false,"is_daily":false,"chose_seed":false,"campfire_upgraded":1,"win_rate":0,"timestamp":1553809450,"path_taken":["M","?","?","M","M","R","E","R","T","M","$","E","$","?","R","BOSS","M","?","?","?","M","R","?","R","T","M","R","?","?","$","R","BOSS","M","$","M","M"],"build_version":"2019-01-23","purchased_purges":0,"victory":false,"max_hp_per_floor":[75,75,75,75,75,75,75,75,75,75,75,75,75,75,75,75,75,75,75,75,75,75,75,75,75,75,75,75,75,75,75,75,75,75,75,75,75,75],"card_choices":[{"not_picked":["Steam","Redo"],"picked":"Melter","floor":1},{"not_picked":["Redo","Storm"],"picked":"Lockon","floor":4},{"not_picked":["Gash","Melter"],"picked":"Darkness","floor":5},{"not_picked":["Barrage","Beam Cell"],"picked":"Tempest","floor":7},{"not_picked":["Ball Lightning","Reprogram"],"picked":"Lockon","floor":10},{"not_picked":["Beam Cell","Streamline"],"picked":"Darkness","floor":12},{"not_picked":["Biased Cognition","All For One"],"picked":"Rainbow","floor":16},{"not_picked":["Conserve Battery+1","Heatsinks"],"picked":"Sunder+1","floor":18},{"not_picked":["Go for the Eyes","Reprogram+1"],"picked":"Darkness","floor":22},{"not_picked":["Stack+1","Streamline"],"picked":"Loop","floor":22},{"not_picked":["Lockon+1","Storm"],"picked":"FTL","floor":27},{"not_picked":["Tempest","Rebound","Force Field"],"picked":"SKIP","floor":27},{"not_picked":["Amplify","Hyperbeam"],"picked":"Echo Form","floor":33},{"not_picked":["Rebound","Coolheaded"],"picked":"Aggregate+1","floor":35},{"not_picked":["Loop+1","Conserve Battery","Cold Snap+1"],"picked":"SKIP","floor":35},{"not_picked":["Sunder","Consume+1","Redo+1"],"picked":"SKIP","floor":37},{"not_picked":["FTL","Machine Learning","Glacier"],"picked":"SKIP","floor":37}],"player_experience":373701,"relics_obtained":[{"floor":7,"key":"Sundial"},{"floor":9,"key":"Bottled Lightning"},{"floor":12,"key":"Shovel"},{"floor":26,"key":"Symbiotic Virus"}],"event_choices":[{"damage_healed":0,"gold_gain":175,"player_choice":"AGREE","damage_taken":0,"max_hp_gain":0,"max_hp_loss":0,"event_name":"Liars Game","floor":2,"gold_loss":0,"cards_obtained":["Doubt"]},{"cards_removed":["Doubt"],"damage_healed":0,"gold_gain":0,"player_choice":"Card Removal","damage_taken":7,"max_hp_gain":0,"max_hp_loss":0,"event_name":"Golden Wing","floor":3,"gold_loss":0},{"cards_removed":["Strike_B"],"damage_healed":0,"gold_gain":0,"player_choice":"Card Removal","damage_taken":0,"max_hp_gain":0,"max_hp_loss":0,"event_name":"Wheel of Change","floor":14,"gold_loss":0},{"damage_healed":0,"gold_gain":0,"player_choice":"Smashed Altar","damage_taken":0,"max_hp_gain":0,"max_hp_loss":0,"event_name":"Forgotten Altar","floor":20,"gold_loss":0,"cards_obtained":["Decay"]},{"damage_healed":0,"gold_gain":0,"player_choice":"Stole Relic","damage_taken":0,"relics_obtained":["Prayer Wheel"],"max_hp_gain":0,"max_hp_loss":0,"event_name":"Addict","floor":21,"gold_loss":0,"cards_obtained":["Shame"]},{"damage_healed":25,"gold_gain":0,"player_choice":"Heal","damage_taken":0,"max_hp_gain":0,"max_hp_loss":0,"event_name":"The Library","floor":24,"gold_loss":0},{"damage_healed":0,"gold_gain":0,"player_choice":"Ignored","damage_taken":0,"max_hp_gain":0,"max_hp_loss":0,"event_name":"Vampires","floor":29,"gold_loss":0}],"is_beta":false,"boss_relics":[{"not_picked":["Snecko Eye","Philosopher\u0027s Stone"],"picked":"Lizard Tail"},{"not_picked":["Astrolabe","White Beast Statue"],"picked":"Eternal Feather"}],"items_purged_floors":[],"is_endless":false,"potions_floor_spawned":[5,12,18,27,33],"killed_by":"Writhing Mass","ascension_level":2}