{"gold_per_floor":[116,266,266,280,291,291,323,25,51,28,61,79,92,106,106,180,180,198,217,232,232,232,252,252,252],"floor_reached":25,"playtime":1181,"items_purged":["Doubt"],"score":376,"play_id":"926fe56e-199b-40a6-93a7-aba23b15c1aa","local_time":"20190503182028","is_ascension_mode":true,"campfire_choices":[{"data":"Crippling Poison","floor":6,"key":"SMITH"},{"floor":15,"key":"REST"},{"data":"RitualDagger","floor":24,"key":"SMITH"}],"neow_cost":"NONE","seed_source_timestamp":1752892824005205,"circlet_count":0,"master_deck":["AscendersBane","Defend_G","Defend_G","Defend_G","Defend_G","Defend_G","Strike_G","Strike_G","Survivor","Neutralize","Crippling Poison+1","Endless Agony","Well Laid Plans","PiercingWail","Quick Slash","Leg Sweep","Well Laid Plans","Adrenaline","Flying Knee+1","All Out Attack+1","Heel Hook+1","PiercingWail","Flechettes","Writhe","RitualDagger+1","Deflect+1"],"relics":["Ring of the Snake","NeowsBlessing","Boot","Snake Skull","Bag of Preparation","Nunchaku","Astrolabe","Lantern"],"potions_floor_usage":[7,12,14,19,25,25],"damage_taken":[{"damage":0,"enemies":"Cultist","floor":1,"turns":1},{"damage":0,"enemies":"2 Louse","floor":4,"turns":1},{"damage":0,"enemies":"Jaw Worm","floor":5,"turns":1},{"damage":18,"enemies":"Lagavulin","floor":7,"turns":7},{"damage":20,"enemies":"Gremlin Nob","floor":11,"turns":4},{"damage":3,"enemies":"Exordium Wildlife","floor":12,"turns":3},{"damage":5,"enemies":"3 Louse","floor":13,"turns":2},{"damage":0,"enemies":"Large Slime","floor":14,"turns":7},{"damage":21,"enemies":"The Guardian","floor":16,"turns":17},{"damage":6,"enemies":"2 Thieves","floor":18,"turns":3},{"damage":0,"enemies":"Chosen","floor":19,"turns":6},{"damage":13,"enemies":"Shelled Parasite and Fungi","floor":20,"turns":5},{"damage":11,"enemies":"Cultist and Chosen","floor":23,"turns":7},{"damage":27,"enemies":"3 Cultists","floor":25,"turns":4}],"seed_played":"-3953450594658352414","potions_obtained":[{"floor":4,"key":"Explosive Potion"},{"floor":5,"key":"SkillPotion"},{"floor":7,"key":"EssenceOfSteel"},{"floor":14,"key":"Swift Potion"},{"floor":16,"key":"EssenceOfSteel"},{"floor":18,"key":"Fruit Juice"},{"floor":20,"key":"FearPotion"}],"is_trial":false,"path_per_floor":["M","?","?","M","M","R","E","$","T","$","E","M","M","M","R","B",null,"M","M","M","?","?","M","R","M"],"character_chosen":"THE_SILENT","items_purchased":["Snake Skull","Well Laid Plans","PiercingWail"],"campfire_rested":1,"item_purchase_floors":[8,8,10],"current_hp_per_floor":[59,59,64,64,64,64,46,46,46,46,26,23,18,18,39,18,58,52,57,44,44,38,27,27,0],"gold":252,"neow_bonus":"THREE_ENEMY_KILL","is_prod":false,"is_daily":false,"chose_seed":false,"campfire_upgraded":2,"win_rate":0,"timestamp":1556932828,"path_taken":["M","?","?","M","M","R","E","$","T","?","E","?","M","M","R","BOSS","M","M","M","?","?","M","R","M"],"build_version":"2019-01-23","purchased_purges":1,"victory":false,"max_hp_per_floor":[66,66,71,71,71,71,71,71,71,71,71,71,71,71,71,71,71,71,76,76,76,76,76,76,76],"card_choices":[{"not_picked":["Acrobatics","Footwork"],"picked":"Crippling Poison","floor":1},{"not_picked":["Expertise","Riddle With Holes"],"picked":"Endless Agony","floor":4},{"not_picked":["Deflect","Sucker Punch","Cloak And Dagger"],"picked":"SKIP","floor":5},{"not_picked":["Distraction","Slice","Catalyst"],"picked":"SKIP","floor":7},{"not_picked":["Heel Hook","Concentrate"],"picked":"Quick Slash","floor":11},{"not_picked":["Sucker Punch","Blade Dance","Tactician"],"picked":"SKIP","floor":12},{"not_picked":["Dash","PiercingWail"],"picked":"Leg Sweep","floor":13},{"not_picked":["Bane","Endless Agony"],"picked":"Well Laid Plans","floor":14},{"not_picked":["Phantasmal Killer","Grand Finale"],"picked":"Adrenaline","floor":16},{"not_picked":["Quick Slash","Prepared"],"picked":"PiercingWail","floor":18},{"not_picked":["Dagger Spray","Masterful Stab"],"picked":"Flechettes","floor":19},{"not_picked":["Underhanded Strike","Calculated Gamble","Deflect"],"picked":"SKIP","floor":20},{"not_picked":["Outmaneuver","Sucker Punch"],"picked":"Deflect+1","floor":23}],"player_experience":391738,"relics_obtained":[{"floor":7,"key":"Boot"},{"floor":9,"key":"Bag of Preparation"},{"floor":11,"key":"Nunchaku"}],"event_choices":[{"damage_healed":0,"gold_gain":150,"player_choice":"AGREE","damage_taken":0,"max_hp_gain":0,"max_hp_loss":0,"event_name":"Liars Game","floor":2,"gold_loss":0,"cards_obtained":["Doubt"]},{"damage_healed":0,"gold_gain":0,"player_choice":"Donut","damage_taken":0,"max_hp_gain":5,"max_hp_loss":0,"event_name":"Big Fish","floor":3,"gold_loss":0},{"damage_healed":0,"gold_gain":0,"player_choice":"Opened","damage_taken":0,"relics_obtained":["Lantern"],"max_hp_gain":0,"max_hp_loss":0,"event_name":"The Mausoleum","floor":21,"gold_loss":0,"cards_obtained":["Writhe"]},{"damage_healed":0,"gold_gain":0,"player_choice":"Joined the Cult","damage_taken":6,"max_hp_gain":0,"max_hp_loss":0,"event_name":"Nest","floor":22,"gold_loss":0,"cards_obtained":["RitualDagger"]}],"is_beta":false,"boss_relics":[{"not_picked":["Busted Crown","Philosopher\u0027s Stone"],"picked":"Astrolabe"}],"items_purged_floors":[8],"is_endless":false,"potions_floor_spawned":[4,5,7,14,16,18,20,23],"killed_by":"3 Cultists","ascension_level":15}