{"gold_per_floor":[115,40,40,61,80,80,80,114,140,140,140,155,180,198,198,319,319,335,353,371,150,150,185,185,208,208,243,266,287,287,312,312,443,443,456,25,40,59,79,117,135,168,168,184,0,21,34,34,34,34],"floor_reached":51,"playtime":1626,"items_purged":["Strike_R","Strike_R","Defend_R"],"score":805,"play_id":"f6261f19-7125-4e1a-b651-bd7a40d92c01","local_time":"20180926111939","is_ascension_mode":false,"campfire_choices":[{"data":"Bash","floor":6,"key":"SMITH"},{"floor":11,"key":"REST"},{"data":"Anger","floor":15,"key":"SMITH"},{"data":"Whirlwind","floor":24,"key":"SMITH"},{"data":"Flex","floor":32,"key":"SMITH"},{"floor":49,"key":"REST"}],"neow_cost":"NONE","seed_source_timestamp":236306143894799,"circlet_count":0,"master_deck":["Strike_R","Strike_R+1","Defend_R","Defend_R+1","Defend_R","Bash+1","Whirlwind+1","Anger+1","Flex+1","Offering","Flex","Flame Barrier+1","Headbutt"],"relics":["Black Blood","Boot","Golden Idol","Ancient Tea Set","Omamori","PreservedInsect","Busted Crown","Tiny Chest","Bottled Flame","Gremlin Horn","Matryoshka","Potion Belt","Mercury Hourglass","Vajra","Bag of Marbles","Pen Nib","Orichalcum","Strawberry","Letter Opener","Red Mask","Turnip"],"potions_floor_usage":[8,20,23,33,33,35,40,40,50,50],"damage_taken":[{"damage":2,"enemies":"2 Louse","floor":1,"turns":4},{"damage":12,"enemies":"Jaw Worm","floor":4,"turns":5},{"damage":1,"enemies":"Cultist","floor":5,"turns":3},{"damage":21,"enemies":"3 Sentries","floor":8,"turns":8},{"damage":6,"enemies":"Exordium Wildlife","floor":12,"turns":3},{"damage":7,"enemies":"3 Louse","floor":14,"turns":3},{"damage":28,"enemies":"Hexaghost","floor":16,"turns":9},{"damage":6,"enemies":"Chosen","floor":18,"turns":3},{"damage":6,"enemies":"Spheric Guardian","floor":19,"turns":3},{"damage":7,"enemies":"Snecko","floor":20,"turns":4},{"damage":22,"enemies":"Book of Stabbing","floor":23,"turns":4},{"damage":6,"enemies":"Cultist and Chosen","floor":25,"turns":3},{"damage":0,"enemies":"Slavers","floor":27,"turns":1},{"damage":18,"enemies":"Snake Plant","floor":28,"turns":3},{"damage":6,"enemies":"Centurion and Healer","floor":29,"turns":5},{"damage":6,"enemies":"Sentry and Sphere","floor":31,"turns":1},{"damage":52,"enemies":"Collector","floor":33,"turns":7},{"damage":4,"enemies":"3 Shapes","floor":35,"turns":2},{"damage":10,"enemies":"Orb Walker","floor":37,"turns":3},{"damage":6,"enemies":"4 Shapes","floor":38,"turns":1},{"damage":6,"enemies":"Spire Growth","floor":39,"turns":2},{"damage":0,"enemies":"2 Orb Walkers","floor":40,"turns":1},{"damage":6,"enemies":"Reptomancer","floor":41,"turns":1},{"damage":51,"enemies":"Nemesis","floor":42,"turns":3},{"damage":4,"enemies":"4 Shapes","floor":44,"turns":1},{"damage":9,"enemies":"Transient","floor":46,"turns":5},{"damage":27,"enemies":"Spire Growth","floor":47,"turns":3},{"damage":28,"enemies":"Donu and Deca","floor":50,"turns":5}],"seed_played":"6258188802419338112","potions_obtained":[{"floor":4,"key":"Fire Potion"},{"floor":14,"key":"Energy Potion"},{"floor":16,"key":"Fire Potion"},{"floor":18,"key":"Strength Potion"},{"floor":27,"key":"Explosive Potion"},{"floor":31,"key":"Swift Potion"},{"floor":33,"key":"Strength Potion"},{"floor":35,"key":"SkillPotion"},{"floor":37,"key":"Swift Potion"},{"floor":40,"key":"Strength Potion"}],"is_trial":false,"path_per_floor":["M","$","?","M","M","R","?","E","T","?","R","M","T","M","R","B",null,"M","M","M","$","?","E","R","M","T","E","M","M","T","M","R","B",null,"M","$","M","M","M","E","M","E","T","M","?","M","M","T","R","B"],"character_chosen":"IRONCLAD","items_purchased":["Tiny Chest","Vajra","Bag of Marbles"],"campfire_rested":2,"item_purchase_floors":[21,36,36],"current_hp_per_floor":[80,80,60,54,59,59,43,28,28,21,45,45,45,44,44,22,80,80,80,79,79,79,63,63,63,63,69,57,57,57,57,57,11,80,80,80,80,80,80,80,80,39,46,52,52,53,36,36,62,44],"gold":34,"neow_bonus":"RANDOM_COMMON_RELIC","is_prod":false,"is_daily":false,"chose_seed":false,"campfire_upgraded":4,"win_rate":0,"timestamp":1537985979,"path_taken":["M","$","?","M","M","R","?","E","T","?","R","M","?","M","R","BOSS","M","?","M","$","?","E","R","M","T","E","M","?","?","M","R","BOSS","M","$","M","?","M","E","M","E","T","M","?","?","M","?","R","BOSS"],"build_version":"2018-09-20","purchased_purges":3,"victory":true,"max_hp_per_floor":[80,80,80,80,80,80,80,80,80,80,80,80,80,80,80,80,80,80,80,80,80,80,80,80,80,80,80,80,80,80,80,80,80,80,80,80,80,80,80,80,80,80,87,87,87,87,87,87,87,87],"card_choices":[{"not_picked":["True Grit","Heavy Blade","Sword Boomerang"],"picked":"SKIP","floor":1},{"not_picked":["Heavy Blade","Sword Boomerang"],"picked":"Whirlwind","floor":4},{"not_picked":["Cleave","Battle Trance"],"picked":"Anger","floor":5},{"not_picked":["Cleave","Clash","Immolate"],"picked":"SKIP","floor":8},{"not_picked":["Anger","Pommel Strike","Clash"],"picked":"SKIP","floor":12},{"not_picked":["Shrug It Off","Ghostly Armor"],"picked":"Flex","floor":14},{"not_picked":["Double Tap","Brutality"],"picked":"Offering","floor":16},{"not_picked":["Havoc+1"],"picked":"SKIP","floor":18},{"not_picked":["Reckless Charge"],"picked":"SKIP","floor":19},{"not_picked":["Iron Wave"],"picked":"SKIP","floor":20},{"not_picked":["Carnage"],"picked":"SKIP","floor":23},{"not_picked":["Heavy Blade"],"picked":"SKIP","floor":25},{"not_picked":["Offering"],"picked":"SKIP","floor":27},{"not_picked":["Anger"],"picked":"SKIP","floor":28},{"not_picked":["Metallicize"],"picked":"SKIP","floor":29},{"not_picked":[],"picked":"Flame Barrier+1","floor":31},{"not_picked":[],"picked":"Headbutt","floor":35},{"not_picked":["Combust"],"picked":"SKIP","floor":37},{"not_picked":["Burning Pact+1"],"picked":"SKIP","floor":38},{"not_picked":["Disarm+1"],"picked":"SKIP","floor":39},{"not_picked":["Evolve"],"picked":"SKIP","floor":40},{"not_picked":["Clash"],"picked":"SKIP","floor":41},{"not_picked":["Clash"],"picked":"SKIP","floor":41},{"not_picked":["Havoc+1"],"picked":"SKIP","floor":42},{"not_picked":["Shrug It Off"],"picked":"SKIP","floor":44},{"not_picked":["Searing Blow"],"picked":"SKIP","floor":46},{"not_picked":["Ghostly Armor+1"],"picked":"SKIP","floor":47}],"player_experience":264030,"relics_obtained":[{"floor":8,"key":"Ancient Tea Set"},{"floor":9,"key":"Omamori"},{"floor":13,"key":"PreservedInsect"},{"floor":23,"key":"Bottled Flame"},{"floor":26,"key":"Gremlin Horn"},{"floor":27,"key":"Matryoshka"},{"floor":30,"key":"Potion Belt"},{"floor":30,"key":"Mercury Hourglass"},{"floor":40,"key":"Pen Nib"},{"floor":42,"key":"Orichalcum"},{"floor":43,"key":"Strawberry"},{"floor":43,"key":"Letter Opener"},{"floor":48,"key":"Turnip"}],"event_choices":[{"event_name":"Golden Idol","player_choice":"Take Damage","floor":3,"damage_taken":0},{"event_name":"Shining Light","player_choice":"Entered Light","floor":7,"damage_taken":0},{"event_name":"Golden Wing","player_choice":"Card Removal","floor":10,"damage_taken":0},{"event_name":"The Library","player_choice":"Read","floor":22,"damage_taken":0},{"event_name":"Tomb of Lord Red Mask","player_choice":"Paid","floor":45,"damage_taken":0}],"is_beta":false,"boss_relics":[{"not_picked":["Astrolabe","Empty Cage"],"picked":"Busted Crown"},{"not_picked":["Mark of Pain","Runic Dome"],"picked":"Black Blood"}],"items_purged_floors":[2,21,36],"is_endless":false,"potions_floor_spawned":[4,14,16,18,19,27,31,33,35,37,40],"ascension_level":0}