{"gold_per_floor":[116,132,149,149,162,188,198,198,198,32,32,60,60,79,79,158,158,176,194,214,164,254,254,288,302,302,302,302,302,302,337,337,337],"floor_reached":33,"playtime":1677,"items_purged":["Strike_G","Quick Slash"],"score":516,"play_id":"d1529935-58e6-42c4-a7fe-077ec6536b4f","local_time":"20190502205337","is_ascension_mode":true,"campfire_choices":[{"data":"Deadly Poison","floor":8,"key":"SMITH"},{"data":"Leg Sweep","floor":11,"key":"SMITH"},{"data":"Accuracy","floor":13,"key":"SMITH"},{"floor":15,"key":"REST"},{"floor":23,"key":"REST"},{"floor":27,"key":"REST"},{"data":"Well Laid Plans","floor":29,"key":"SMITH"},{"floor":32,"key":"REST"}],"neow_cost":"NONE","seed_source_timestamp":1675185489747954,"circlet_count":0,"master_deck":["AscendersBane","Survivor","Neutralize","Infinite Blades","Dagger Throw","Deadly Poison+1","Leg Sweep+1","Infinite Blades","Accuracy+1","PiercingWail","Storm of Steel","Choke","Footwork","Caltrops","Flying Knee","Noxious Fumes","Outmaneuver","Adrenaline","Night Terror","Choke","Finisher","Dash","Well Laid Plans+1","Dodge and Roll","Tools of the Trade"],"relics":["Ring of the Snake","Bag of Marbles","Vajra","Smiling Mask","Pandora\u0027s Box","Mercury Hourglass","Mummified Hand","Bottled Tornado"],"potions_floor_usage":[6,6,12,24,31],"damage_taken":[{"damage":2,"enemies":"Jaw Worm","floor":1,"turns":5},{"damage":0,"enemies":"2 Louse","floor":2,"turns":6},{"damage":8,"enemies":"Cultist","floor":3,"turns":4},{"damage":7,"enemies":"Large Slime","floor":5,"turns":5},{"damage":15,"enemies":"Lagavulin","floor":6,"turns":6},{"damage":1,"enemies":"2 Fungi Beasts","floor":7,"turns":4},{"damage":13,"enemies":"Gremlin Nob","floor":12,"turns":4},{"damage":11,"enemies":"Gremlin Gang","floor":14,"turns":4},{"damage":2,"enemies":"Hexaghost","floor":16,"turns":9},{"damage":19,"enemies":"3 Byrds","floor":18,"turns":5},{"damage":0,"enemies":"Chosen","floor":19,"turns":4},{"damage":4,"enemies":"Centurion and Healer","floor":20,"turns":5},{"damage":34,"enemies":"Gremlin Leader","floor":24,"turns":6},{"damage":0,"enemies":"Snecko","floor":25,"turns":3},{"damage":25,"enemies":"Book of Stabbing","floor":31,"turns":6},{"damage":47,"enemies":"Collector","floor":33,"turns":3}],"seed_played":"-4054741263356172703","potions_obtained":[{"floor":0,"key":"Weak Potion"},{"floor":0,"key":"EssenceOfSteel"},{"floor":3,"key":"Strength Potion"},{"floor":7,"key":"GhostInAJar"},{"floor":12,"key":"Weak Potion"},{"floor":16,"key":"LiquidBronze"},{"floor":25,"key":"Fire Potion"},{"floor":30,"key":"GhostInAJar"},{"floor":31,"key":"Ancient Potion"}],"is_trial":false,"path_per_floor":["M","M","M","?","M","E","M","R","T","$","R","E","R","M","R","B",null,"M","M","M","$","?","R","E","M","T","R","?","R","?","E","R","B"],"character_chosen":"THE_SILENT","items_purchased":["Infinite Blades","Strength Potion"],"campfire_rested":4,"item_purchase_floors":[10,10],"current_hp_per_floor":[57,57,49,54,47,32,31,31,31,31,31,18,18,7,28,26,60,41,41,37,37,23,44,10,10,10,31,45,45,45,20,41,0],"gold":337,"neow_bonus":"THREE_SMALL_POTIONS","is_prod":false,"is_daily":false,"chose_seed":false,"campfire_upgraded":4,"win_rate":0,"timestamp":1556855617,"path_taken":["M","M","M","?","M","E","M","R","T","$","R","E","R","M","R","BOSS","M","M","M","$","?","R","E","?","T","R","?","R","?","E","R","BOSS"],"build_version":"2019-01-23","purchased_purges":2,"victory":false,"max_hp_per_floor":[66,66,66,71,71,71,71,71,71,71,71,71,71,71,71,71,71,71,71,71,71,71,71,71,71,71,71,71,71,71,71,71,71],"card_choices":[{"not_picked":["Sucker Punch","Deflect"],"picked":"Quick Slash","floor":1},{"not_picked":["Caltrops","Prepared"],"picked":"Infinite Blades","floor":2},{"not_picked":["Setup","Sucker Punch"],"picked":"Dagger Throw","floor":3},{"not_picked":["Quick Slash","Distraction","Choke"],"picked":"SKIP","floor":5},{"not_picked":["Choke","Catalyst"],"picked":"Deadly Poison","floor":6},{"not_picked":["All Out Attack","Cloak And Dagger"],"picked":"Leg Sweep","floor":7},{"not_picked":["Concentrate","Noxious Fumes"],"picked":"Accuracy","floor":12},{"not_picked":["Outmaneuver","Terror"],"picked":"PiercingWail","floor":14},{"not_picked":["Phantasmal Killer","Doppelganger"],"picked":"Storm of Steel","floor":16},{"not_picked":["Predator","Tactician"],"picked":"Finisher","floor":18},{"not_picked":["Blade Dance","Caltrops+1"],"picked":"Dash","floor":19},{"not_picked":["Underhanded Strike","Terror","Tactician"],"picked":"SKIP","floor":20},{"not_picked":["Grand Finale","Deadly Poison"],"picked":"Well Laid Plans","floor":24},{"not_picked":["Poisoned Stab","Prepared"],"picked":"Dodge and Roll","floor":25},{"not_picked":["PiercingWail","Predator"],"picked":"Tools of the Trade","floor":31}],"player_experience":381658,"relics_obtained":[{"floor":6,"key":"Bag of Marbles"},{"floor":9,"key":"Vajra"},{"floor":12,"key":"Smiling Mask"},{"floor":24,"key":"Mercury Hourglass"},{"floor":26,"key":"Mummified Hand"},{"floor":31,"key":"Bottled Tornado"}],"event_choices":[{"damage_healed":0,"gold_gain":0,"player_choice":"Donut","damage_taken":0,"max_hp_gain":5,"max_hp_loss":0,"event_name":"Big Fish","floor":4,"gold_loss":0},{"damage_healed":0,"gold_gain":90,"player_choice":"GOLD ","damage_taken":14,"max_hp_gain":0,"max_hp_loss":0,"event_name":"Knowing Skull","floor":22,"potions_obtained":[],"gold_loss":0,"cards_obtained":[]},{"damage_healed":14,"gold_gain":0,"player_choice":"Heal","damage_taken":0,"max_hp_gain":0,"max_hp_loss":0,"event_name":"The Library","floor":28,"gold_loss":0},{"damage_healed":0,"gold_gain":0,"player_choice":"Got Potions","damage_taken":0,"max_hp_gain":0,"max_hp_loss":0,"event_name":"Lab","floor":30,"gold_loss":0}],"is_beta":false,"boss_relics":[{"not_picked":["Ring of the Serpent","HoveringKite"],"picked":"Pandora\u0027s Box"}],"items_purged_floors":[10,21],"is_endless":false,"potions_floor_spawned":[3,7,12,14,16,20,25,31],"killed_by":"Collector","ascension_level":15}