{"gold_per_floor":[116,116,132,143,43,72,72,105,130,130,143,143,143],"floor_reached":13,"playtime":575,"items_purged":["Strike_R"],"score":172,"play_id":"e2f3f8b3-dc7e-4314-aaa3-2e815c840abe","local_time":"20190429084612","is_ascension_mode":true,"campfire_choices":[{"data":"Spot Weakness","floor":7,"key":"SMITH"},{"floor":10,"key":"REST"}],"neow_cost":"NONE","seed_source_timestamp":0,"circlet_count":0,"master_deck":["AscendersBane","Strike_R","Strike_R","Strike_R","Strike_R","Defend_R","Defend_R","Defend_R","Defend_R","Bash","Pommel Strike","Cleave","Inflame","Armaments","Spot Weakness+1","Shrug It Off","Heavy Blade","Sword Boomerang"],"special_seed":0,"relics":["Burning Blood","GremlinMask","Potion Belt","Vajra","Dream Catcher","Shuriken"],"potions_floor_usage":[4,6],"damage_taken":[{"damage":7,"enemies":"Jaw Worm","floor":1,"turns":3},{"damage":12,"enemies":"Cultist","floor":3,"turns":5},{"damage":13,"enemies":"Small Slimes","floor":4,"turns":2},{"damage":29,"enemies":"Gremlin Nob","floor":6,"turns":4},{"damage":35,"enemies":"3 Sentries","floor":8,"turns":7},{"damage":28,"enemies":"Gremlin Gang","floor":11,"turns":7},{"damage":12,"enemies":"Large Slime","floor":13,"turns":4}],"seed_played":"-4458883741196038196","potions_obtained":[{"floor":1,"key":"AttackPotion"},{"floor":3,"key":"Explosive Potion"}],"is_trial":false,"path_per_floor":["M","?","M","M","$","E","R","E","T","R","M","T","M"],"character_chosen":"IRONCLAD","items_purchased":["Armaments"],"campfire_rested":1,"item_purchase_floors":[5],"current_hp_per_floor":[74,74,68,61,61,38,38,9,9,33,11,11,0],"gold":143,"neow_bonus":"TEN_PERCENT_HP_BONUS","is_prod":false,"is_daily":false,"chose_seed":false,"campfire_upgraded":1,"win_rate":0,"timestamp":1556552772,"path_taken":["M","?","M","M","$","E","R","E","T","R","?","?","M"],"build_version":"2019-01-23","purchased_purges":1,"victory":false,"max_hp_per_floor":[82,82,82,82,82,82,82,82,82,82,82,82,82],"card_choices":[{"not_picked":["Flex","Rupture"],"picked":"Pommel Strike","floor":1},{"not_picked":["Wild Strike","Sword Boomerang"],"picked":"Cleave","floor":3},{"not_picked":["Thunderclap","Cleave"],"picked":"Inflame","floor":4},{"not_picked":["Sword Boomerang","Dual Wield"],"picked":"Spot Weakness","floor":6},{"not_picked":["Heavy Blade","Havoc"],"picked":"Shrug It Off","floor":8},{"not_picked":["Clothesline","Wild Strike"],"picked":"Heavy Blade","floor":10},{"not_picked":["Berserk","Ghostly Armor"],"picked":"Sword Boomerang","floor":11}],"player_experience":496698,"relics_obtained":[{"floor":6,"key":"Potion Belt"},{"floor":8,"key":"Vajra"},{"floor":9,"key":"Dream Catcher"},{"floor":12,"key":"Shuriken"}],"event_choices":[{"damage_healed":0,"gold_gain":0,"player_choice":"Trade","damage_taken":0,"relics_obtained":["GremlinMask"],"max_hp_gain":0,"max_hp_loss":0,"event_name":"FaceTrader","floor":2,"gold_loss":0}],"is_beta":false,"boss_relics":[],"items_purged_floors":[5],"is_endless":false,"potions_floor_spawned":[1,3],"killed_by":"Large Slime","ascension_level":17}