{"gold_per_floor":[117,129,148,158,171,171,202,202,202,202,233,233,92,92],"floor_reached":14,"playtime":575,"items_purged":[],"score":115,"play_id":"89cc251d-c929-4b22-b5d3-ff3769cd4700","local_time":"20190423140814","is_ascension_mode":true,"campfire_choices":[{"data":"Bouncing Flask","floor":6,"key":"SMITH"},{"data":"Predator","floor":8,"key":"SMITH"}],"neow_cost":"NONE","seed_source_timestamp":1179797868087100,"circlet_count":0,"master_deck":["Defend_G","Defend_G","Defend_G","Defend_G","Defend_G","Strike_G","Strike_G","Survivor","Neutralize","Bullet Time+1","Storm of Steel+1","Dagger Throw+1","Bouncing Flask+1","Deflect","Deflect","Leg Sweep","Reflex","Predator+1","Blur","Footwork","Predator"],"relics":["Astrolabe","Sundial","Centennial Puzzle","Gambling Chip","Ancient Tea Set"],"potions_floor_usage":[7],"damage_taken":[{"damage":10,"enemies":"Cultist","floor":1,"turns":5},{"damage":0,"enemies":"Small Slimes","floor":2,"turns":3},{"damage":0,"enemies":"Jaw Worm","floor":3,"turns":3},{"damage":17,"enemies":"Large Slime","floor":4,"turns":11},{"damage":4,"enemies":"Looter","floor":5,"turns":4},{"damage":19,"enemies":"Lagavulin","floor":7,"turns":4},{"damage":7,"enemies":"3 Sentries","floor":11,"turns":5},{"damage":6,"enemies":"Lots of Slimes","floor":14,"turns":1}],"seed_played":"-3602690487443889149","potions_obtained":[{"floor":1,"key":"Swift Potion"},{"floor":2,"key":"Ancient Potion"}],"is_trial":false,"path_per_floor":["M","M","M","M","M","R","E","R","T","T","E","?","$","M"],"character_chosen":"THE_SILENT","items_purchased":["Footwork","Predator"],"campfire_rested":0,"item_purchase_floors":[13,13],"current_hp_per_floor":[60,60,60,43,39,39,20,20,20,20,13,6,6,0],"gold":92,"neow_bonus":"BOSS_RELIC","is_prod":false,"is_daily":false,"chose_seed":false,"campfire_upgraded":2,"win_rate":0,"timestamp":1556021294,"path_taken":["M","M","M","?","M","R","E","R","T","?","E","?","$","?"],"build_version":"2019-01-23","purchased_purges":0,"victory":false,"max_hp_per_floor":[70,70,70,70,70,70,70,70,70,70,70,70,70,70],"card_choices":[{"not_picked":["Cloak And Dagger","Accuracy"],"picked":"Bouncing Flask","floor":1},{"not_picked":["Dagger Throw","Poisoned Stab"],"picked":"Deflect","floor":2},{"not_picked":["Slice","Outmaneuver"],"picked":"Deflect","floor":3},{"not_picked":["Setup","Outmaneuver"],"picked":"Leg Sweep","floor":4},{"not_picked":["Accuracy","Dagger Spray"],"picked":"Reflex","floor":5},{"not_picked":["Outmaneuver","Phantasmal Killer"],"picked":"Predator","floor":7},{"not_picked":["Expertise","Blade Dance"],"picked":"Blur","floor":11}],"player_experience":624932,"relics_obtained":[{"floor":7,"key":"Sundial"},{"floor":9,"key":"Centennial Puzzle"},{"floor":10,"key":"Gambling Chip"},{"floor":11,"key":"Ancient Tea Set"}],"event_choices":[{"damage_healed":0,"gold_gain":0,"player_choice":"Damaged","damage_taken":7,"max_hp_gain":0,"max_hp_loss":0,"event_name":"Wheel of Change","floor":12,"gold_loss":0}],"is_beta":false,"boss_relics":[],"items_purged_floors":[],"is_endless":false,"potions_floor_spawned":[1,2],"killed_by":"Lots of Slimes","ascension_level":3}