{"gold_per_floor":[112,122,197,215,228,228,242,242,269,301,351,351,351],"floor_reached":13,"playtime":484,"items_purged":[],"score":115,"play_id":"8e894810-8ba1-4258-a741-81ef8ff639fc","local_time":"20190506234542","is_ascension_mode":true,"campfire_choices":[{"floor":6,"key":"REST"},{"data":"Dual Wield","floor":8,"key":"SMITH"}],"neow_cost":"NONE","seed_source_timestamp":407478179138687,"circlet_count":0,"master_deck":["Strike_R","Strike_R","Strike_R","Strike_R","Defend_R","Defend_R","Defend_R","Defend_R","Bash","Dual Wield+1","Heavy Blade","Battle Trance","Demon Form"],"relics":["Burning Blood","Bag of Preparation","Anchor","Regal Pillow"],"potions_floor_usage":[4,5],"damage_taken":[{"damage":7,"enemies":"Small Slimes","floor":1,"turns":3},{"damage":2,"enemies":"2 Louse","floor":2,"turns":3},{"damage":21,"enemies":"Jaw Worm","floor":4,"turns":6},{"damage":10,"enemies":"Gremlin Gang","floor":5,"turns":4},{"damage":20,"enemies":"Exordium Wildlife","floor":7,"turns":5},{"damage":46,"enemies":"Gremlin Nob","floor":10,"turns":5},{"damage":20,"enemies":"Lagavulin","floor":13,"turns":3}],"seed_played":"-5091057465810632104","potions_obtained":[{"floor":1,"key":"SpeedPotion"},{"floor":4,"key":"Explosive Potion"}],"is_trial":false,"path_per_floor":["M","M","?","M","M","R","M","R","T","E","?","?","E"],"character_chosen":"IRONCLAD","items_purchased":[],"campfire_rested":1,"item_purchase_floors":[],"current_hp_per_floor":[71,75,64,49,45,69,55,55,55,15,15,12,0],"gold":351,"neow_bonus":"REMOVE_CARD","is_prod":false,"is_daily":false,"chose_seed":false,"campfire_upgraded":1,"win_rate":0,"timestamp":1557179142,"path_taken":["M","M","?","M","M","R","M","R","T","E","?","?","E"],"build_version":"2019-01-23","purchased_purges":0,"victory":false,"max_hp_per_floor":[80,80,80,80,80,80,80,80,80,80,80,80,80],"card_choices":[{"not_picked":["Burning Pact","Iron Wave","Thunderclap"],"picked":"SKIP","floor":1},{"not_picked":["Warcry","Pummel"],"picked":"Dual Wield","floor":2},{"not_picked":["Carnage","Hemokinesis","Body Slam"],"picked":"SKIP","floor":4},{"not_picked":["Iron Wave","Body Slam"],"picked":"Heavy Blade","floor":5},{"not_picked":["Perfected Strike","Clothesline"],"picked":"Battle Trance","floor":7},{"not_picked":["Clash","Twin Strike"],"picked":"Demon Form","floor":10}],"player_experience":417010,"relics_obtained":[{"floor":9,"key":"Bag of Preparation"},{"floor":10,"key":"Anchor"}],"event_choices":[{"damage_healed":0,"gold_gain":75,"player_choice":"Gather Gold","damage_taken":11,"max_hp_gain":0,"max_hp_loss":0,"event_name":"World of Goop","floor":3,"gold_loss":0},{"damage_healed":0,"gold_gain":50,"player_choice":"Gained Gold","damage_taken":0,"max_hp_gain":0,"max_hp_loss":0,"event_name":"Golden Wing","floor":11,"gold_loss":0},{"damage_healed":0,"gold_gain":0,"player_choice":"Success","damage_taken":3,"relics_obtained":["Regal Pillow"],"max_hp_gain":0,"max_hp_loss":0,"event_name":"Scrap Ooze","floor":12,"gold_loss":0}],"is_beta":false,"boss_relics":[],"items_purged_floors":[],"is_endless":false,"potions_floor_spawned":[1,4],"killed_by":"Lagavulin","ascension_level":7}