{"gold_per_floor":[111,111,36,56,109,109,138,138,161,193,207,207,226,241,241,313,313,328,341,47,47,47,73,73,73,73,92,92,125,136,149,149,220,220,231,242,132,143,143,143,43,75,101,113,113,123,523,537,537,537],"floor_reached":51,"playtime":4210,"items_purged":["Strike_R","Defend_R"],"score":1580,"play_id":"2e06ea7b-67b9-4e1f-a08c-69fd3f44d6ef","local_time":"20190202180136","is_ascension_mode":true,"campfire_choices":[{"data":"Barricade","floor":6,"key":"SMITH"},{"floor":8,"key":"REST"},{"data":"Shrug It Off","floor":12,"key":"SMITH"},{"data":"Metallicize","floor":15,"key":"SMITH"},{"data":"Demon Form","floor":24,"key":"SMITH"},{"data":"Defend_R","floor":28,"key":"SMITH"},{"data":"Defend_R","floor":32,"key":"SMITH"},{"data":"Juggernaut","floor":40,"key":"SMITH"},{"data":"Headbutt","floor":45,"key":"SMITH"},{"data":"Barricade","floor":49,"key":"SMITH"}],"neow_cost":"NONE","seed_source_timestamp":614933435249558,"circlet_count":0,"master_deck":["AscendersBane","Defend_R+1","Defend_R+1","Headbutt+1","Shrug It Off+1","Barricade+1","Entrench+1","True Grit+1","Metallicize+1","Demon Form+1","Shrug It Off+1","Ghostly+1","Ghostly+1","Ghostly+1","Metallicize+1","Shrug It Off+1","Juggernaut+1","Battle Trance+1","Shrug It Off+1","Barricade+1"],"relics":["Burning Blood","Centennial Puzzle","Toxic Egg 2","Omamori","Bag of Marbles","Velvet Choker","Lantern","Blood Vial","NlothsMask","Bottled Lightning","Runic Pyramid","War Paint","Pen Nib","Old Coin"],"potions_floor_usage":[10,10,13,27,29,50],"damage_taken":[{"damage":6,"enemies":"2 Louse","floor":1,"turns":4},{"damage":0,"enemies":"Jaw Worm","floor":4,"turns":5},{"damage":48,"enemies":"Gremlin Nob","floor":7,"turns":5},{"damage":33,"enemies":"3 Sentries","floor":10,"turns":19},{"damage":4,"enemies":"Small Slimes","floor":11,"turns":6},{"damage":0,"enemies":"Gremlin Gang","floor":13,"turns":9},{"damage":4,"enemies":"Exordium Wildlife","floor":14,"turns":13},{"damage":0,"enemies":"The Guardian","floor":16,"turns":20},{"damage":0,"enemies":"Spheric Guardian","floor":18,"turns":8},{"damage":12,"enemies":"3 Byrds","floor":19,"turns":11},{"damage":0,"enemies":"Book of Stabbing","floor":23,"turns":14},{"damage":0,"enemies":"Cultist and Chosen","floor":27,"turns":19},{"damage":28,"enemies":"Gremlin Leader","floor":29,"turns":32},{"damage":0,"enemies":"Snecko","floor":30,"turns":10},{"damage":0,"enemies":"3 Cultists","floor":31,"turns":13},{"damage":13,"enemies":"Collector","floor":33,"turns":16},{"damage":0,"enemies":"3 Shapes","floor":35,"turns":7},{"damage":1,"enemies":"3 Darklings","floor":36,"turns":10},{"damage":0,"enemies":"Spire Growth","floor":38,"turns":8},{"damage":0,"enemies":"Reptomancer","floor":42,"turns":10},{"damage":0,"enemies":"Maw","floor":44,"turns":10},{"damage":0,"enemies":"Sphere and 2 Shapes","floor":46,"turns":9},{"damage":0,"enemies":"Mind Bloom Boss Battle","floor":47,"turns":12},{"damage":0,"enemies":"Spire Growth","floor":48,"turns":8},{"damage":0,"enemies":"Donu and Deca","floor":50,"turns":21}],"seed_played":"119070840424746605","potions_obtained":[{"floor":4,"key":"SkillPotion"},{"floor":7,"key":"Energy Potion"},{"floor":11,"key":"Strength Potion"},{"floor":16,"key":"Fire Potion"},{"floor":18,"key":"FearPotion"},{"floor":29,"key":"SteroidPotion"},{"floor":30,"key":"AttackPotion"},{"floor":36,"key":"EssenceOfSteel"}],"is_trial":false,"path_per_floor":["M","?","?","M","T","R","E","R","T","E","M","R","M","M","R","B",null,"M","M","$","?","?","E","R","?","T","M","R","E","M","M","R","B",null,"M","M","?","M","?","R","$","E","T","M","R","M","?","M","R","B",null],"character_chosen":"IRONCLAD","items_purchased":["Shrug It Off+1","Lantern"],"campfire_rested":1,"item_purchase_floors":[20,20],"current_hp_per_floor":[68,68,68,74,74,74,32,54,54,27,29,29,35,37,37,43,67,73,67,67,67,37,37,37,37,37,37,37,15,23,31,31,26,34,37,37,37,37,37,37,37,37,37,37,37,37,37,37,37,37],"gold":537,"neow_bonus":"TRANSFORM_CARD","is_prod":false,"is_daily":false,"chose_seed":false,"campfire_upgraded":9,"win_rate":0,"timestamp":1549130496,"path_taken":["M","?","?","M","?","R","E","R","T","E","M","R","M","M","R","BOSS","M","M","$","?","?","E","R","?","T","M","R","E","M","M","R","BOSS","M","?","?","?","?","R","$","E","T","M","R","M","?","M","R","BOSS"],"build_version":"2019-01-23","purchased_purges":2,"victory":true,"max_hp_per_floor":[75,75,75,75,75,75,75,75,75,75,75,75,75,75,75,75,75,75,75,75,75,37,37,37,37,37,37,37,37,37,37,37,37,37,37,37,37,37,37,37,37,37,37,37,37,37,37,37,37,37],"card_choices":[{"not_picked":["Cleave","Sever Soul"],"picked":"Shrug It Off","floor":1},{"not_picked":["Sentinel","Anger","Thunderclap"],"picked":"SKIP","floor":4},{"not_picked":["Second Wind","Cleave","Armaments"],"picked":"SKIP","floor":7},{"not_picked":["Flex+1","Anger"],"picked":"Entrench+1","floor":10},{"not_picked":["Cleave","Burning Pact+1","Clothesline"],"picked":"SKIP","floor":11},{"not_picked":["Cleave","Burning Pact+1","Clothesline"],"picked":"SKIP","floor":11},{"not_picked":["Inflame","Offering+1"],"picked":"True Grit+1","floor":13},{"not_picked":["Thunderclap","Iron Wave"],"picked":"Metallicize","floor":14},{"not_picked":["Brutality","Immolate"],"picked":"Demon Form","floor":16},{"not_picked":["Armaments+1","Wild Strike","Whirlwind"],"picked":"SKIP","floor":18},{"not_picked":["Perfected Strike","Heavy Blade+1","Brutality"],"picked":"SKIP","floor":19},{"not_picked":["Anger","Armaments+1","Power Through+1"],"picked":"SKIP","floor":23},{"not_picked":["Anger","Armaments+1","Power Through+1"],"picked":"SKIP","floor":23},{"not_picked":["Anger","Armaments+1","Power Through+1"],"picked":"SKIP","floor":23},{"not_picked":["Wild Strike","Twin Strike"],"picked":"Metallicize+1","floor":27},{"not_picked":["Wild Strike","Infernal Blade+1","Flame Barrier+1"],"picked":"SKIP","floor":29},{"not_picked":["Seeing Red+1","Havoc+1","Whirlwind"],"picked":"SKIP","floor":30},{"not_picked":["Anger+1","Power Through+1"],"picked":"Shrug It Off+1","floor":31},{"not_picked":["Exhume+1","Bludgeon"],"picked":"Juggernaut","floor":33},{"not_picked":["Warcry+1","Burning Pact+1","Clothesline"],"picked":"SKIP","floor":35},{"not_picked":["Searing Blow","Seeing Red+1","Uppercut"],"picked":"SKIP","floor":36},{"not_picked":["Hemokinesis","Pommel Strike","Metallicize"],"picked":"SKIP","floor":38},{"not_picked":["Twin Strike","Wild Strike+1"],"picked":"Battle Trance+1","floor":42},{"not_picked":["Clothesline","Warcry+1"],"picked":"Shrug It Off+1","floor":44},{"not_picked":["Flex+1","Iron Wave+1","Power Through+1"],"picked":"SKIP","floor":46},{"not_picked":["Corruption+1","Searing Blow"],"picked":"Barricade","floor":47},{"not_picked":["Wild Strike","Infernal Blade+1","Rupture"],"picked":"SKIP","floor":48}],"player_experience":191697,"relics_obtained":[{"floor":5,"key":"Centennial Puzzle"},{"floor":7,"key":"Toxic Egg 2"},{"floor":9,"key":"Omamori"},{"floor":10,"key":"Bag of Marbles"},{"floor":23,"key":"Blood Vial"},{"floor":29,"key":"Bottled Lightning"},{"floor":42,"key":"War Paint"},{"floor":43,"key":"Pen Nib"},{"floor":47,"key":"Old Coin"}],"event_choices":[{"damage_healed":0,"gold_gain":0,"cards_transformed":["Defend_R"],"player_choice":"Change","damage_taken":0,"max_hp_gain":0,"max_hp_loss":0,"event_name":"Living Wall","floor":2,"gold_loss":0,"cards_obtained":["Barricade"]},{"cards_removed":["Strike_R"],"damage_healed":0,"gold_gain":0,"player_choice":"Card Removal","damage_taken":0,"max_hp_gain":0,"max_hp_loss":0,"event_name":"The Cleric","floor":3,"gold_loss":75},{"cards_removed":["Strike_R"],"damage_healed":0,"gold_gain":0,"player_choice":"Elegance","damage_taken":0,"max_hp_gain":0,"max_hp_loss":0,"event_name":"Back to Basics","floor":21,"gold_loss":0},{"damage_healed":0,"gold_gain":0,"player_choice":"Became a Ghost","damage_taken":0,"max_hp_gain":0,"max_hp_loss":38,"event_name":"Ghosts","floor":22,"gold_loss":0,"cards_obtained":["Ghostly","Ghostly","Ghostly"]},{"damage_healed":0,"gold_gain":0,"player_choice":"Trade","damage_taken":0,"relics_obtained":["NlothsMask"],"max_hp_gain":0,"max_hp_loss":0,"event_name":"FaceTrader","floor":25,"gold_loss":0},{"cards_removed":["Strike_R"],"damage_healed":0,"gold_gain":0,"player_choice":"Upgrade and Remove","damage_taken":0,"max_hp_gain":0,"max_hp_loss":0,"event_name":"Designer","floor":37,"gold_loss":110,"cards_upgraded":["Bash"]},{"cards_removed":["Bash"],"damage_healed":0,"gold_gain":0,"player_choice":"Removed Attack","damage_taken":0,"max_hp_gain":0,"max_hp_loss":0,"event_name":"Falling","floor":39,"gold_loss":0},{"damage_healed":0,"gold_gain":0,"player_choice":"Fight","damage_taken":0,"max_hp_gain":0,"max_hp_loss":0,"event_name":"MindBloom","floor":47,"gold_loss":0}],"is_beta":false,"boss_relics":[{"not_picked":["Coffee Dripper","Calling Bell"],"picked":"Velvet Choker"},{"not_picked":["Philosopher\u0027s Stone","Empty Cage"],"picked":"Runic Pyramid"}],"items_purged_floors":[20,41],"is_endless":false,"potions_floor_spawned":[4,7,11,16,18,29,30,35,36,44],"ascension_level":17}