{"gold_per_floor":[117,40,58,68,34,46,46,80,105,121,121,139,139,139,139,243,243,256,256,256],"floor_reached":20,"playtime":368,"items_purged":[],"score":174,"play_id":"f236c371-4a5e-4ea4-9100-d6b54bd6e2bf","local_time":"20181129094057","is_ascension_mode":false,"campfire_choices":[{"data":"Sunder","floor":7,"key":"SMITH"},{"floor":11,"key":"REST"},{"floor":13,"key":"REST"},{"data":"Loop","floor":15,"key":"SMITH"}],"neow_cost":"NONE","seed_source_timestamp":49841689768560,"circlet_count":0,"master_deck":["Strike_B","Strike_B","Strike_B","Strike_B","Defend_B","Defend_B","Defend_B","Defend_B","Zap","Dualcast","Doom and Gloom","Sunder+1","Ball Lightning","Rebound","Doom and Gloom","Loop+1","Defragment"],"relics":["Cracked Core","NeowsBlessing","Smiling Mask","Bronze Scales","Eternal Feather"],"potions_floor_usage":[8,8,10],"damage_taken":[{"damage":0,"enemies":"Jaw Worm","floor":1,"turns":1},{"damage":0,"enemies":"2 Louse","floor":3,"turns":1},{"damage":0,"enemies":"Small Slimes","floor":4,"turns":1},{"damage":10,"enemies":"Looter","floor":6,"turns":2},{"damage":16,"enemies":"Gremlin Nob","floor":8,"turns":3},{"damage":3,"enemies":"Lots of Slimes","floor":10,"turns":1},{"damage":29,"enemies":"Exordium Wildlife","floor":12,"turns":4},{"damage":43,"enemies":"Hexaghost","floor":16,"turns":6},{"damage":10,"enemies":"Spheric Guardian","floor":18,"turns":3},{"damage":52,"enemies":"Colosseum Slavers","floor":19,"turns":3},{"damage":19,"enemies":"3 Byrds","floor":20,"turns":2}],"seed_played":"5778693620772530700","potions_obtained":[{"floor":3,"key":"FearPotion"},{"floor":4,"key":"Strength Potion"},{"floor":8,"key":"Fire Potion"}],"is_trial":false,"path_per_floor":["M","$","M","M","$","M","R","E","T","M","R","M","R","?","R","B",null,"M","?","M"],"character_chosen":"DEFECT","items_purchased":["Sunder","Doom and Gloom"],"campfire_rested":2,"item_purchase_floors":[2,5],"current_hp_per_floor":[75,75,75,75,75,65,65,49,49,46,68,39,61,66,66,23,80,70,18,0],"gold":256,"neow_bonus":"THREE_ENEMY_KILL","is_prod":false,"is_daily":false,"chose_seed":false,"campfire_upgraded":2,"win_rate":0,"timestamp":1543513257,"path_taken":["M","$","M","M","$","M","R","E","T","M","R","M","R","?","R","BOSS","M","?","M"],"build_version":"2018-11-15","purchased_purges":0,"victory":false,"max_hp_per_floor":[75,75,75,75,75,75,75,75,75,75,75,75,75,80,80,80,80,80,80,80],"card_choices":[{"not_picked":["Barrage","White Noise"],"picked":"Doom and Gloom","floor":1},{"not_picked":["Leap","Turbo"],"picked":"Ball Lightning","floor":3},{"not_picked":["Steam","Reinforced Body"],"picked":"Rebound","floor":4},{"not_picked":["Barrage","Redo","Compile Driver"],"picked":"SKIP","floor":6},{"not_picked":["Beam Cell","Hello World","Lockon"],"picked":"SKIP","floor":8},{"not_picked":["Turbo","Stack"],"picked":"Loop","floor":10},{"not_picked":["Redo","Melter"],"picked":"Defragment","floor":12},{"not_picked":["White Noise","Ball Lightning+1","Leap"],"picked":"SKIP","floor":18}],"player_experience":99814,"relics_obtained":[{"floor":8,"key":"Smiling Mask"},{"floor":9,"key":"Bronze Scales"}],"event_choices":[{"damage_healed":0,"gold_gain":0,"player_choice":"Donut","damage_taken":0,"max_hp_gain":5,"max_hp_loss":0,"event_name":"Big Fish","floor":14,"gold_loss":0},{"damage_healed":0,"gold_gain":0,"player_choice":"Fight","damage_taken":0,"max_hp_gain":0,"max_hp_loss":0,"event_name":"Colosseum","floor":19,"gold_loss":0},{"damage_healed":0,"gold_gain":0,"player_choice":"Fled From Nobs","damage_taken":0,"max_hp_gain":0,"max_hp_loss":0,"event_name":"Colosseum","floor":19,"gold_loss":0}],"is_beta":false,"boss_relics":[{"not_picked":["Velvet Choker","Runic Pyramid"],"picked":"Eternal Feather"}],"items_purged_floors":[],"is_endless":false,"potions_floor_spawned":[3,4,8],"killed_by":"3 Byrds","ascension_level":0}