{"gold_per_floor":[110,110,121,196,196,225,239,314,314,327,362,362,362,375,375,473,473,486,501,501,501,516,516,2,36,106,106,123,42,73,47,47,144,144,155,55,69,69],"floor_reached":38,"playtime":2209,"items_purged":["Defend_R","Clash"],"score":590,"play_id":"d99b8489-245d-491f-b61b-88e569d951b1","local_time":"20190419212610","is_ascension_mode":true,"campfire_choices":[{"floor":12.0,"key":"REST"},{"data":"Demon Form","floor":15.0,"key":"SMITH"},{"floor":23.0,"key":"REST"},{"floor":27.0,"key":"REST"},{"floor":32.0,"key":"REST"}],"neow_cost":"NONE","seed_source_timestamp":0,"circlet_count":0,"master_deck":["Bash","Metallicize","Demon Form+1","Shrug It Off","Shrug It Off+1","Offering","Metallicize","Shrug It Off","Limit Break","Blood for Blood","Body Slam","Uppercut","Twin Strike","Flex","Battle Trance+1"],"special_seed":0,"relics":["Burning Blood","NeowsBlessing","Sundial","Vajra","Letter Opener","Whetstone","Black Star","Nilry\u0027s Codex","WingedGreaves","Ancient Tea Set","Unceasing Top","Self Forming Clay","Blood Vial","Bottled Tornado","Pandora\u0027s Box"],"potions_floor_usage":[],"damage_taken":[{"damage":0.0,"enemies":"Jaw Worm","floor":1.0,"turns":1.0},{"damage":0.0,"enemies":"Small Slimes","floor":3.0,"turns":1.0},{"damage":0.0,"enemies":"Gremlin Nob","floor":6.0,"turns":1.0},{"damage":0.0,"enemies":"2 Louse","floor":7.0,"turns":4.0},{"damage":30.0,"enemies":"Exordium Thugs","floor":10.0,"turns":6.0},{"damage":14.0,"enemies":"Lagavulin","floor":11.0,"turns":6.0},{"damage":12.0,"enemies":"Large Slime","floor":14.0,"turns":6.0},{"damage":15.0,"enemies":"The Guardian","floor":16.0,"turns":9.0},{"damage":10.0,"enemies":"Spheric Guardian","floor":18.0,"turns":5.0},{"damage":35.0,"enemies":"Shell Parasite","floor":19.0,"turns":6.0},{"damage":26.0,"enemies":"Cultist and Chosen","floor":22.0,"turns":6.0},{"damage":21.0,"enemies":"Book of Stabbing","floor":25.0,"turns":7.0},{"damage":8.0,"enemies":"Snecko","floor":28.0,"turns":4.0},{"damage":51.0,"enemies":"Slavers","floor":30.0,"turns":7.0},{"damage":52.0,"enemies":"Collector","floor":33.0,"turns":11.0},{"damage":18.0,"enemies":"3 Darklings","floor":35.0,"turns":3.0},{"damage":26.0,"enemies":"3 Shapes","floor":37.0,"turns":6.0},{"damage":56,"enemies":"Transient","floor":38,"turns":3}],"seed_played":"-7606835737273849825","potions_obtained":[{"floor":6.0,"key":"LiquidBronze"},{"floor":10.0,"key":"Explosive Potion"},{"floor":14.0,"key":"AttackPotion"},{"floor":18.0,"key":"Ancient Potion"},{"floor":19.0,"key":"SteroidPotion"},{"floor":25.0,"key":"PowerPotion"},{"floor":28.0,"key":"FairyPotion"}],"is_trial":false,"path_per_floor":["M","?","M","?","?","E","M","?","T","M","E","R","?","M","R","B",null,"M","M","?","?","M","R","$","E","T","R","M","$","E","$","R","B",null,"M","$","M","M"],"character_chosen":"IRONCLAD","items_purchased":["WingedGreaves","EssenceOfSteel","Regen Potion","Metallicize","Shrug It Off"],"campfire_rested":4,"item_purchase_floors":[24,24,24,29,31],"current_hp_per_floor":[80,77,80,69,74,80,85,77,77,53,45,70,63,57,57,48,76,72,43,27,27,7,32,32,32,32,57,55,55,10,10,35,14,67,57,57,39,0],"gold":69,"neow_bonus":"THREE_ENEMY_KILL","is_prod":false,"is_daily":false,"chose_seed":false,"campfire_upgraded":1,"win_rate":0,"timestamp":1555701970,"path_taken":["M","?","M","?","?","E","M","?","T","?","E","R","?","M","R","BOSS","M","M","?","?","M","R","$","E","T","R","M","$","E","$","R","BOSS","M","$","M","M"],"build_version":"2019-01-23","purchased_purges":2,"victory":false,"max_hp_per_floor":[80,80,80,80,85,85,85,85,85,85,85,85,85,85,85,85,85,85,85,85,85,85,85,85,85,85,85,85,85,85,85,85,85,85,85,85,85,85],"card_choices":[{"not_picked":["Flex","Anger"],"picked":"Metallicize","floor":1.0},{"not_picked":["Flex","Wild Strike","Clothesline"],"picked":"SKIP","floor":3.0},{"not_picked":["Headbutt","Combust","Iron Wave"],"picked":"SKIP","floor":6.0},{"not_picked":["Metallicize","Havoc"],"picked":"Demon Form","floor":7.0},{"not_picked":["Cleave","Havoc","Rupture"],"picked":"SKIP","floor":10.0},{"not_picked":["Infernal Blade","Rampage","Sword Boomerang"],"picked":"SKIP","floor":11.0},{"not_picked":["Sword Boomerang","Perfected Strike"],"picked":"Shrug It Off","floor":14.0},{"not_picked":["Perfected Strike","Clash","Anger"],"picked":"SKIP","floor":18.0},{"not_picked":["Headbutt+1","Sword Boomerang+1"],"picked":"Shrug It Off+1","floor":19.0},{"not_picked":["Armaments","Headbutt"],"picked":"Offering","floor":22.0},{"not_picked":["Cleave","Bloodletting","Entrench"],"picked":"SKIP","floor":25.0},{"not_picked":["Ghostly Armor","True Grit","Intimidate"],"picked":"SKIP","floor":28.0},{"not_picked":["Dropkick","Twin Strike+1","Feed"],"picked":"SKIP","floor":30.0},{"not_picked":["Armaments+1","Rage","Fire Breathing+1"],"picked":"SKIP","floor":35.0},{"not_picked":["Perfected Strike","Flame Barrier"],"picked":"Battle Trance+1","floor":37.0}],"player_experience":381831,"relics_obtained":[{"floor":6.0,"key":"Vajra"},{"floor":9.0,"key":"Letter Opener"},{"floor":11.0,"key":"Whetstone"},{"floor":20.0,"key":"Nilry\u0027s Codex"},{"floor":25.0,"key":"Ancient Tea Set"},{"floor":25.0,"key":"Unceasing Top"},{"floor":26.0,"key":"Self Forming Clay"},{"floor":30.0,"key":"Blood Vial"},{"floor":30.0,"key":"Bottled Tornado"}],"event_choices":[{"damage_healed":0.0,"max_hp_gain":0.0,"max_hp_loss":0.0,"gold_gain":0.0,"event_name":"Scrap Ooze","player_choice":"Success","floor":2.0,"gold_loss":0.0,"damage_taken":3.0,"relics_obtained":["Sundial"]},{"damage_healed":0.0,"max_hp_gain":0.0,"max_hp_loss":0.0,"gold_gain":75.0,"event_name":"World of Goop","player_choice":"Gather Gold","floor":4.0,"gold_loss":0.0,"damage_taken":11.0},{"damage_healed":0.0,"max_hp_gain":5.0,"max_hp_loss":0.0,"gold_gain":0.0,"event_name":"Big Fish","player_choice":"Donut","floor":5.0,"gold_loss":0.0,"damage_taken":0.0},{"damage_healed":0.0,"max_hp_gain":0.0,"max_hp_loss":0.0,"gold_gain":75.0,"event_name":"FaceTrader","player_choice":"Touch","floor":8.0,"gold_loss":0.0,"damage_taken":8.0},{"cards_removed":["Strike_R"],"damage_healed":0.0,"max_hp_gain":0.0,"max_hp_loss":0.0,"gold_gain":0.0,"event_name":"Golden Wing","player_choice":"Card Removal","floor":13.0,"gold_loss":0.0,"damage_taken":7.0},{"damage_healed":0.0,"max_hp_gain":0.0,"max_hp_loss":0.0,"gold_gain":0.0,"event_name":"Cursed Tome","player_choice":"Obtained Book","floor":20.0,"gold_loss":0.0,"damage_taken":16.0},{"damage_healed":0.0,"max_hp_gain":0.0,"max_hp_loss":0.0,"gold_gain":0.0,"event_name":"Vampires","player_choice":"Ignored","floor":21.0,"gold_loss":0.0,"damage_taken":0.0}],"is_beta":false,"boss_relics":[{"not_picked":["Cursed Key","Astrolabe"],"picked":"Black Star"},{"not_picked":["Runic Dome","Coffee Dripper"],"picked":"Pandora\u0027s Box"}],"items_purged_floors":[24,36],"is_endless":false,"potions_floor_spawned":[6,10,14,18,19,25,28],"killed_by":"Transient","ascension_level":5}