{"gold_per_floor":[112,130,130,130,149,149,184,200,200,213,20,34,34,34,34,137,137,149,161,178,178,194,205,304,320,320,333,351,351,366,366,366,471,471,489,141,159,159],"floor_reached":38,"playtime":2750,"items_purged":["Flex"],"score":516,"play_id":"e1605ac5-ca21-4e0d-9d2f-c4bf440eae2d","local_time":"20190414100637","is_ascension_mode":true,"campfire_choices":[{"data":"Flame Barrier","floor":6,"key":"SMITH"},{"data":"Chrysalis","floor":13,"key":"SMITH"},{"floor":15,"key":"REST"},{"floor":29,"key":"REST"},{"floor":32,"key":"REST"}],"neow_cost":"NONE","seed_source_timestamp":356779842629200,"circlet_count":0,"master_deck":["Iron Wave+1","Armaments+1","Flame Barrier+1","Havoc","Feed","Chrysalis+1","Barricade","Fiend Fire","Juggernaut","Ghostly Armor","Immolate","Metallicize","Demon Form","Reaper","Armaments+1","Shrug It Off+1","Warcry+1","Headbutt","Body Slam","Havoc","Exhume","Havoc","Deep Breath"],"relics":["Burning Blood","NeowsBlessing","Singing Bowl","Thread and Needle","Pandora\u0027s Box","Bottled Lightning","Sozu","Membership Card","Vajra"],"potions_floor_usage":[16,16,23,27,28,30,33],"damage_taken":[{"damage":0,"enemies":"Cultist","floor":1,"turns":1},{"damage":0,"enemies":"2 Louse","floor":2,"turns":1},{"damage":0,"enemies":"Jaw Worm","floor":5,"turns":1},{"damage":67,"enemies":"Lagavulin","floor":7,"turns":10},{"damage":0,"enemies":"3 Louse","floor":8,"turns":4},{"damage":0,"enemies":"Exordium Wildlife","floor":10,"turns":6},{"damage":15,"enemies":"Exordium Thugs","floor":12,"turns":7},{"damage":30,"enemies":"Hexaghost","floor":16,"turns":13},{"damage":18,"enemies":"Spheric Guardian","floor":18,"turns":5},{"damage":14,"enemies":"2 Thieves","floor":19,"turns":3},{"damage":50,"enemies":"Shelled Parasite and Fungi","floor":20,"turns":7},{"damage":14,"enemies":"3 Cultists","floor":22,"turns":4},{"damage":0,"enemies":"Snecko","floor":23,"turns":4},{"damage":12,"enemies":"Centurion and Healer","floor":25,"turns":7},{"damage":9,"enemies":"3 Cultists","floor":27,"turns":4},{"damage":32,"enemies":"Snecko","floor":28,"turns":5},{"damage":30,"enemies":"Snake Plant","floor":30,"turns":4},{"damage":3,"enemies":"Automaton","floor":33,"turns":11},{"damage":32,"enemies":"Orb Walker","floor":35,"turns":6},{"damage":46,"enemies":"3 Darklings","floor":37,"turns":6},{"damage":48,"enemies":"2 Orb Walkers","floor":38,"turns":3}],"seed_played":"-1822324635146414043","potions_obtained":[{"floor":2,"key":"GamblersBrew"},{"floor":7,"key":"Swift Potion"},{"floor":10,"key":"GamblersBrew"},{"floor":12,"key":"FearPotion"},{"floor":19,"key":"Poison Potion"},{"floor":20,"key":"Strength Potion"},{"floor":25,"key":"Block Potion"},{"floor":30,"key":"Fire Potion"}],"is_trial":false,"path_per_floor":["M","M","?","?","M","R","E","M","T","M","$","M","R","?","R","B",null,"M","M","M","$","M","M","?","M","T","M","M","R","M","?","R","B",null,"M","$","M","?"],"character_chosen":"IRONCLAD","items_purchased":["Chrysalis","Membership Card","Vajra","Deep Breath"],"campfire_rested":3,"item_purchase_floors":[11,36,36,36],"current_hp_per_floor":[80,80,80,80,80,80,21,27,27,33,33,29,29,29,55,31,87,75,67,27,27,33,41,41,43,43,45,19,47,23,23,51,90,96,75,75,40,0],"gold":159,"neow_bonus":"THREE_ENEMY_KILL","is_prod":false,"is_daily":false,"chose_seed":false,"campfire_upgraded":2,"win_rate":0,"timestamp":1555229197,"path_taken":["M","M","?","?","M","R","E","M","T","?","$","M","R","?","R","BOSS","M","M","M","$","M","M","?","M","T","M","M","R","M","?","R","BOSS","M","$","M","?"],"build_version":"2019-01-23","purchased_purges":1,"victory":false,"max_hp_per_floor":[80,80,80,80,80,80,82,82,82,82,82,87,87,87,87,87,87,87,87,87,87,89,91,91,91,91,96,96,96,96,96,96,96,96,96,96,98,98],"card_choices":[{"not_picked":["Anger","Armaments"],"picked":"Iron Wave","floor":1},{"not_picked":["Blood for Blood","Flex"],"picked":"Armaments","floor":2},{"not_picked":["Shrug It Off","Second Wind"],"picked":"Flame Barrier","floor":5},{"not_picked":["Wild Strike","Sever Soul","Carnage"],"picked":"Singing Bowl","floor":7},{"not_picked":["Twin Strike","Pummel"],"picked":"Havoc","floor":8},{"not_picked":["Corruption","Rupture"],"picked":"Feed","floor":10},{"not_picked":["Anger","Dropkick","Hemokinesis"],"picked":"Singing Bowl","floor":12},{"not_picked":["Brutality","Feed"],"picked":"Barricade","floor":16},{"not_picked":["Second Wind+1","Pummel"],"picked":"Armaments+1","floor":18},{"not_picked":["Clothesline+1","Anger"],"picked":"Shrug It Off+1","floor":19},{"not_picked":["Uppercut","Whirlwind+1"],"picked":"Warcry+1","floor":20},{"not_picked":["Flex","Twin Strike","Armaments"],"picked":"Singing Bowl","floor":22},{"not_picked":["Twin Strike","Flex","Burning Pact"],"picked":"Singing Bowl","floor":23},{"not_picked":["Power Through","Clothesline"],"picked":"Headbutt","floor":25},{"not_picked":["Cleave","Flex","Shockwave"],"picked":"Singing Bowl","floor":27},{"not_picked":["Sword Boomerang","Sever Soul"],"picked":"Body Slam","floor":28},{"not_picked":["Pommel Strike","Clothesline"],"picked":"Havoc","floor":30},{"not_picked":["Fiend Fire","Barricade"],"picked":"Exhume","floor":33},{"not_picked":["Clothesline+1","Rupture"],"picked":"Havoc","floor":35},{"not_picked":["Sword Boomerang","Burning Pact","Anger"],"picked":"Singing Bowl","floor":37}],"player_experience":434226,"relics_obtained":[{"floor":7,"key":"Singing Bowl"},{"floor":9,"key":"Thread and Needle"},{"floor":26,"key":"Bottled Lightning"}],"event_choices":[{"damage_healed":0,"gold_gain":0,"player_choice":"Grow","damage_taken":0,"max_hp_gain":0,"max_hp_loss":0,"event_name":"Living Wall","floor":3,"gold_loss":0,"cards_upgraded":["Armaments"]},{"damage_healed":0,"gold_gain":0,"player_choice":"Upgraded","damage_taken":0,"max_hp_gain":0,"max_hp_loss":0,"event_name":"Upgrade Shrine","floor":4,"gold_loss":0,"cards_upgraded":["Iron Wave"]},{"cards_removed":["Strike_R"],"damage_healed":0,"gold_gain":0,"player_choice":"Purged","damage_taken":0,"max_hp_gain":0,"max_hp_loss":0,"event_name":"Purifier","floor":14,"gold_loss":0},{"damage_healed":0,"gold_gain":99,"player_choice":"Stole From Cult","damage_taken":0,"max_hp_gain":0,"max_hp_loss":0,"event_name":"Nest","floor":24,"gold_loss":0},{"cards_removed":["Bash"],"damage_healed":0,"gold_gain":0,"player_choice":"Elegance","damage_taken":0,"max_hp_gain":0,"max_hp_loss":0,"event_name":"Back to Basics","floor":31,"gold_loss":0},{"damage_healed":0,"gold_gain":0,"player_choice":"Fight","damage_taken":0,"max_hp_gain":0,"max_hp_loss":0,"event_name":"Mysterious Sphere","floor":38,"gold_loss":0}],"is_beta":false,"boss_relics":[{"not_picked":["Ectoplasm","Runic Dome"],"picked":"Pandora\u0027s Box"},{"not_picked":["Orrery","Lizard Tail"],"picked":"Sozu"}],"items_purged_floors":[36],"is_endless":false,"potions_floor_spawned":[2,7,10,12,19,20,25,30,37],"killed_by":"2 Orb Walkers","ascension_level":4}