{"gold_per_floor":[111,111,62,12,30,48,48,48,71,84,84,111,124,104,104,177,177,196,85,102,122,37,37,69,88,114,132,132],"floor_reached":28,"playtime":1536,"items_purged":[],"score":408,"play_id":"8031ce16-eafb-4dc0-9bc1-02dbbd58fef1","local_time":"20190308202745","is_ascension_mode":true,"campfire_choices":[{"data":"Blood for Blood","floor":7,"key":"SMITH"},{"data":"Bash","floor":11,"key":"SMITH"},{"floor":15,"key":"REST"},{"floor":23,"key":"REST"}],"neow_cost":"NONE","seed_source_timestamp":1213070442199910,"circlet_count":0,"master_deck":["AscendersBane","Strike_R","Strike_R+1","Strike_R+1","Strike_R","Defend_R","Defend_R","Defend_R","Defend_R","Bash+1","Blood for Blood+1","Thunderclap+1","Cleave+1","Battle Trance","Juggernaut","Twin Strike+1","Inflame","Pummel","Limit Break","Intimidate","Limit Break","Spot Weakness"],"relics":["Burning Blood","Omamori","Potion Belt","Whetstone","Velvet Choker","Vajra","Juzu Bracelet","Bag of Marbles"],"potions_floor_usage":[24,25,28],"damage_taken":[{"damage":8,"enemies":"Jaw Worm","floor":1,"turns":6},{"damage":9,"enemies":"2 Louse","floor":5,"turns":2},{"damage":5,"enemies":"Cultist","floor":6,"turns":4},{"damage":12,"enemies":"Exordium Wildlife","floor":10,"turns":2},{"damage":25,"enemies":"3 Sentries","floor":12,"turns":5},{"damage":0,"enemies":"2 Fungi Beasts","floor":13,"turns":2},{"damage":54,"enemies":"The Guardian","floor":16,"turns":11},{"damage":10,"enemies":"Shell Parasite","floor":18,"turns":4},{"damage":9,"enemies":"Chosen","floor":20,"turns":4},{"damage":36,"enemies":"Centurion and Healer","floor":21,"turns":5},{"damage":32,"enemies":"Gremlin Leader","floor":24,"turns":6},{"damage":32,"enemies":"Snake Plant","floor":25,"turns":4},{"damage":17,"enemies":"Chosen and Byrds","floor":27,"turns":3},{"damage":10,"enemies":"Shelled Parasite and Fungi","floor":28,"turns":1}],"seed_played":"2258402088958556553","potions_obtained":[{"floor":5,"key":"Explosive Potion"},{"floor":6,"key":"Dexterity Potion"},{"floor":13,"key":"Explosive Potion"},{"floor":14,"key":"FairyPotion"},{"floor":16,"key":"Weak Potion"},{"floor":21,"key":"BloodPotion"}],"is_trial":false,"path_per_floor":["M","?","$","?","M","M","R","?","T","M","R","E","M","?","R","B",null,"M","$","M","M","?","R","E","M","T","M","M"],"character_chosen":"IRONCLAD","items_purchased":["Thunderclap","Inflame","Pummel"],"campfire_rested":2,"item_purchase_floors":[3,19,19],"current_hp_per_floor":[73,70,70,70,67,68,68,52,52,46,46,27,33,33,57,9,64,60,60,57,27,27,51,33,7,7,9,0],"gold":132,"neow_bonus":"TEN_PERCENT_HP_BONUS","is_prod":false,"is_daily":false,"chose_seed":false,"campfire_upgraded":2,"win_rate":0,"timestamp":1552076865,"path_taken":["M","?","$","?","?","M","R","?","T","M","R","E","M","?","R","BOSS","M","$","M","?","?","R","E","M","T","M","M"],"build_version":"2019-01-23","purchased_purges":0,"victory":false,"max_hp_per_floor":[82,82,82,82,82,82,82,82,82,82,82,82,82,82,82,82,82,82,82,82,82,82,82,82,82,82,82,82],"card_choices":[{"not_picked":["Heavy Blade","Combust"],"picked":"Blood for Blood","floor":1},{"not_picked":["Body Slam","Reckless Charge"],"picked":"Cleave","floor":5},{"not_picked":["Armaments","Iron Wave"],"picked":"Battle Trance","floor":6},{"not_picked":["Cleave","Body Slam","Pommel Strike"],"picked":"SKIP","floor":10},{"not_picked":["Cleave","Berserk","Brutality"],"picked":"SKIP","floor":12},{"not_picked":["Warcry","Sword Boomerang","Pommel Strike"],"picked":"SKIP","floor":13},{"not_picked":["Brutality","Dark Embrace"],"picked":"Juggernaut","floor":16},{"not_picked":["Headbutt","Carnage"],"picked":"Twin Strike+1","floor":18},{"not_picked":["Clothesline","Perfected Strike"],"picked":"Limit Break","floor":20},{"not_picked":["Heavy Blade","Twin Strike"],"picked":"Intimidate","floor":21},{"not_picked":["Carnage","Clothesline"],"picked":"Limit Break","floor":24},{"not_picked":["Heavy Blade+1","Fire Breathing"],"picked":"Spot Weakness","floor":25},{"not_picked":["Anger+1","Body Slam","Cleave"],"picked":"SKIP","floor":27}],"player_experience":1536413,"relics_obtained":[{"floor":9,"key":"Potion Belt"},{"floor":12,"key":"Whetstone"},{"floor":24,"key":"Juzu Bracelet"},{"floor":26,"key":"Bag of Marbles"}],"event_choices":[{"damage_healed":0,"gold_gain":0,"player_choice":"Success","damage_taken":3,"relics_obtained":["Omamori"],"max_hp_gain":0,"max_hp_loss":0,"event_name":"Scrap Ooze","floor":2,"gold_loss":0},{"cards_removed":["Strike_R"],"damage_healed":0,"gold_gain":0,"player_choice":"Card Removal","damage_taken":0,"max_hp_gain":0,"max_hp_loss":0,"event_name":"The Cleric","floor":4,"gold_loss":50},{"damage_healed":0,"gold_gain":0,"player_choice":"Entered Light","damage_taken":16,"max_hp_gain":0,"max_hp_loss":0,"event_name":"Shining Light","floor":8,"gold_loss":0,"cards_upgraded":["Thunderclap","Cleave"]},{"damage_healed":0,"gold_gain":0,"player_choice":"Bought 1 Potion","damage_taken":0,"max_hp_gain":0,"max_hp_loss":0,"event_name":"The Woman in Blue","floor":14,"gold_loss":0},{"damage_healed":0,"gold_gain":0,"player_choice":"Obtained Relic","damage_taken":0,"relics_obtained":["Vajra"],"max_hp_gain":0,"max_hp_loss":0,"event_name":"Addict","floor":22,"gold_loss":85}],"is_beta":false,"boss_relics":[{"not_picked":["White Beast Statue","Runic Dome"],"picked":"Velvet Choker"}],"items_purged_floors":[],"is_endless":false,"potions_floor_spawned":[5,6,13,16,18,21],"killed_by":"Shelled Parasite and Fungi","ascension_level":14}