{"gold_per_floor":[111,36,111,123,55,55,73,88,88,98,98,110,110,135,135,233,233,250,250,268,279,279,279,279],"floor_reached":24,"playtime":855,"items_purged":["Strike_R"],"score":198,"play_id":"dd588eef-1c87-423b-b816-65c42da23750","local_time":"20180915213312","is_ascension_mode":false,"campfire_choices":[{"data":"Limit Break","floor":6,"key":"SMITH"},{"data":"Bash","floor":13,"key":"SMITH"},{"data":"Iron Wave","floor":15,"key":"SMITH"},{"data":"Feel No Pain","floor":23,"key":"SMITH"}],"neow_cost":"NONE","seed_source_timestamp":169437474039100,"circlet_count":0,"master_deck":["Strike_R","Strike_R","Strike_R","Strike_R","Defend_R","Defend_R","Defend_R","Bash+1","Feel No Pain+1","Iron Wave+1","Limit Break+1","Clash+1","Dual Wield+1","Impervious+1","Spot Weakness+1"],"relics":["Burning Blood","Toxic Egg 2","The Courier","Velvet Choker"],"potions_floor_usage":[24],"damage_taken":[{"damage":0,"enemies":"Small Slimes","floor":1,"turns":3},{"damage":0,"enemies":"2 Louse","floor":4,"turns":3},{"damage":1,"enemies":"Cultist","floor":7,"turns":4},{"damage":10,"enemies":"Looter","floor":8,"turns":3},{"damage":9,"enemies":"Blue Slaver","floor":10,"turns":3},{"damage":4,"enemies":"Exordium Thugs","floor":12,"turns":3},{"damage":17,"enemies":"3 Sentries","floor":14,"turns":10},{"damage":41,"enemies":"Hexaghost","floor":16,"turns":16},{"damage":24,"enemies":"Spheric Guardian","floor":18,"turns":6},{"damage":8,"enemies":"3 Byrds","floor":20,"turns":5},{"damage":42,"enemies":"Snecko","floor":21,"turns":9},{"damage":15,"enemies":"Chosen and Byrds","floor":24,"turns":4}],"seed_played":"6048997415155045839","potions_obtained":[{"floor":8,"key":"SkillPotion"},{"floor":12,"key":"AttackPotion"},{"floor":14,"key":"Block Potion"}],"is_trial":false,"path_per_floor":["M","$","?","M","$","R","M","M","T","M","$","M","R","E","R","B",null,"M","?","M","M","?","R"],"character_chosen":"IRONCLAD","items_purchased":["Limit Break"],"campfire_rested":0,"item_purchase_floors":[5],"current_hp_per_floor":[80,80,69,75,75,75,80,76,76,73,73,75,75,64,64,29,80,62,47,45,9,9,9,0],"gold":279,"neow_bonus":"TRANSFORM_CARD","is_prod":false,"is_daily":false,"chose_seed":false,"campfire_upgraded":4,"win_rate":0,"timestamp":1537072392,"path_taken":["M","$","?","M","$","R","M","M","T","?","$","M","R","E","R","BOSS","M","?","?","M","?","R","M"],"build_version":"2018-09-06","purchased_purges":1,"victory":false,"max_hp_per_floor":[80,80,80,80,80,80,80,80,80,80,80,80,80,80,80,80,80,80,85,85,85,85,85,85],"card_choices":[{"not_picked":["Shrug It Off","Dual Wield"],"picked":"Iron Wave","floor":1},{"not_picked":["Evolve","Heavy Blade","Armaments"],"picked":"SKIP","floor":4},{"not_picked":["Anger","Pummel"],"picked":"Clash","floor":7},{"not_picked":["Armaments","Battle Trance","True Grit"],"picked":"SKIP","floor":8},{"not_picked":["Iron Wave","Reckless Charge"],"picked":"Dual Wield+1","floor":10},{"not_picked":["Shrug It Off+1","Sword Boomerang","Ghostly Armor+1"],"picked":"SKIP","floor":12},{"not_picked":["Power Through+1","Havoc+1"],"picked":"Impervious+1","floor":14},{"not_picked":["Cleave","Anger"],"picked":"Spot Weakness+1","floor":18},{"not_picked":["Iron Wave","Wild Strike+1","Rampage+1"],"picked":"SKIP","floor":20},{"not_picked":["Flex+1","Havoc+1","Sentinel+1"],"picked":"SKIP","floor":21}],"player_experience":232259,"relics_obtained":[{"floor":9,"key":"Toxic Egg 2"},{"floor":14,"key":"The Courier"}],"event_choices":[{"event_name":"World of Goop","player_choice":"Gather Gold","floor":3,"damage_taken":0},{"event_name":"Forgotten Altar","player_choice":"Shed Blood","floor":19,"damage_taken":0},{"event_name":"Upgrade Shrine","player_choice":"Upgraded","floor":22,"damage_taken":0}],"is_beta":false,"boss_relics":[{"not_picked":["Coffee Dripper","Fusion Hammer"],"picked":"Velvet Choker"}],"items_purged_floors":[2],"is_endless":false,"potions_floor_spawned":[8,12,14,18],"killed_by":"Chosen and Byrds","ascension_level":0}