{"gold_per_floor":[214,214,228,240,260,286,302,276,321,321],"floor_reached":10,"playtime":760,"items_purged":[],"score":90,"play_id":"ee1e852d-1ebe-4c65-93b8-8260a3f8d3a7","local_time":"20190419123450","is_ascension_mode":true,"campfire_choices":[],"neow_cost":"NONE","seed_source_timestamp":107276817574557,"circlet_count":0,"master_deck":["Strike_R","Strike_R","Strike_R","Strike_R","Strike_R","Defend_R","Defend_R","Defend_R","Defend_R","Bash","Bash","Double Tap","Headbutt","Metallicize","Battle Trance"],"relics":["Burning Blood","Ornamental Fan","Bag of Preparation"],"potions_floor_usage":[5,7,10,10],"damage_taken":[{"damage":11,"enemies":"2 Louse","floor":1,"turns":3},{"damage":1,"enemies":"Cultist","floor":3,"turns":3},{"damage":9,"enemies":"Jaw Worm","floor":4,"turns":4},{"damage":8,"enemies":"Red Slaver","floor":5,"turns":3},{"damage":24,"enemies":"Lagavulin","floor":6,"turns":6},{"damage":21,"enemies":"Gremlin Gang","floor":7,"turns":4},{"damage":21,"enemies":"Exordium Thugs","floor":8,"turns":5},{"damage":32,"enemies":"3 Sentries","floor":10,"turns":8}],"seed_played":"-7304138515235102873","potions_obtained":[{"floor":4,"key":"Explosive Potion"},{"floor":6,"key":"Strength Potion"},{"floor":7,"key":"EssenceOfSteel"},{"floor":8,"key":"LiquidBronze"}],"is_trial":false,"path_per_floor":["M","?","M","M","M","E","M","M","T","E"],"character_chosen":"IRONCLAD","items_purchased":[],"campfire_rested":0,"item_purchase_floors":[],"current_hp_per_floor":[75,75,80,77,75,57,42,27,27,0],"gold":321,"neow_bonus":"HUNDRED_GOLD","is_prod":false,"is_daily":false,"chose_seed":false,"campfire_upgraded":0,"win_rate":0,"timestamp":1555670090,"path_taken":["M","?","M","M","M","E","M","M","T","E"],"build_version":"2019-01-23","purchased_purges":0,"victory":false,"max_hp_per_floor":[80,80,80,80,80,80,80,80,80,80],"card_choices":[{"not_picked":["Sword Boomerang","Reckless Charge","Wild Strike"],"picked":"SKIP","floor":1},{"not_picked":["Sever Soul","Wild Strike","Rage"],"picked":"SKIP","floor":3},{"not_picked":["Clothesline","Twin Strike"],"picked":"Headbutt","floor":4},{"not_picked":["Sentinel","Shrug It Off"],"picked":"Metallicize","floor":5},{"not_picked":["Feed","Thunderclap"],"picked":"Battle Trance","floor":6},{"not_picked":["Wild Strike","True Grit","Heavy Blade"],"picked":"SKIP","floor":7},{"not_picked":["Twin Strike","Clash","Heavy Blade"],"picked":"SKIP","floor":8}],"player_experience":381071,"relics_obtained":[{"floor":6,"key":"Ornamental Fan"},{"floor":9,"key":"Bag of Preparation"}],"event_choices":[{"damage_healed":0,"gold_gain":0,"player_choice":"2 cards matched","damage_taken":0,"max_hp_gain":0,"max_hp_loss":0,"event_name":"Match and Keep!","floor":2,"gold_loss":0,"cards_obtained":["Bash","Double Tap"]}],"is_beta":false,"boss_relics":[],"items_purged_floors":[],"is_endless":false,"potions_floor_spawned":[4,6,7,8],"killed_by":"3 Sentries","ascension_level":5}