{"gold_per_floor":[110,24,36,54,229,229,259,279,279,279,314,314,343,358,358,459,459,476,490,500,4,15,15,27,45,45,45,62,62,62,80,80,182,212,223,241,28,45,45,70,70,90,90,11,111,111,125,145,145,145],"floor_reached":50,"playtime":3674,"items_purged":["Doubt","Normality"],"score":548,"play_id":"36cbe426-cfd7-4ccb-9fa7-2a817a502719","local_time":"20190404130221","is_ascension_mode":false,"campfire_choices":[{"data":"Consume","floor":6,"key":"SMITH"},{"data":"Zap","floor":10,"key":"SMITH"},{"data":"Go for the Eyes","floor":15,"key":"SMITH"},{"data":"Defragment","floor":23,"key":"SMITH"},{"data":"Gash","floor":27,"key":"SMITH"},{"data":"Machine Learning","floor":30,"key":"SMITH"},{"data":"Streamline","floor":32,"key":"SMITH"},{"data":"Capacitor","floor":41,"key":"SMITH"},{"data":"1","floor":46,"key":"LIFT"},{"data":"2","floor":49,"key":"LIFT"}],"neow_cost":"NONE","seed_source_timestamp":1132720588097500,"circlet_count":0,"master_deck":["Strike_B","Strike_B","Defend_B","Defend_B","Defend_B","Zap+1","Dualcast","BootSequence","Glacier","Streamline+1","BootSequence","Consume+1","Conserve Battery","Go for the Eyes+1","Leap","All For One","Beam Cell","Hologram","Electrodynamics","Gash+1","Defragment+1","Cold Snap","Master of Strategy","Beam Cell+1","Conserve Battery","Lockon+1","Hologram","Machine Learning+1","Rebound+1","Seek","Injury","Shame","Turbo+1","Skim+1","Streamline+1","Hologram","Leap","Hello World+1","Capacitor+1","Sweeping Beam+1","White Noise","Compile Driver+1","Parasite","Stack+1","Gash+1"],"relics":["Cracked Core","Mercury Hourglass","Shuriken","Sundial","Bag of Preparation","Runic Dome","Molten Egg 2","Du-Vu Doll","Calling Bell","Tiny Chest","Kunai","Nunchaku","Letter Opener","Pear","Girya"],"potions_floor_usage":[11,13,24,36,38,40,48,50,50],"damage_taken":[{"damage":1,"enemies":"Cultist","floor":1,"turns":3},{"damage":0,"enemies":"Small Slimes","floor":3,"turns":2},{"damage":0,"enemies":"2 Louse","floor":4,"turns":2},{"damage":44,"enemies":"Gremlin Nob","floor":7,"turns":5},{"damage":5,"enemies":"Looter","floor":8,"turns":3},{"damage":24,"enemies":"Lagavulin","floor":11,"turns":5},{"damage":1,"enemies":"Gremlin Nob","floor":13,"turns":4},{"damage":1,"enemies":"Exordium Thugs","floor":14,"turns":4},{"damage":10,"enemies":"The Guardian","floor":16,"turns":9},{"damage":0,"enemies":"Spheric Guardian","floor":18,"turns":3},{"damage":7,"enemies":"3 Byrds","floor":19,"turns":3},{"damage":0,"enemies":"3 Cultists","floor":20,"turns":4},{"damage":11,"enemies":"Snake Plant","floor":22,"turns":3},{"damage":10,"enemies":"Cultist and Chosen","floor":24,"turns":4},{"damage":0,"enemies":"Chosen and Byrds","floor":25,"turns":3},{"damage":0,"enemies":"Snecko","floor":28,"turns":3},{"damage":27,"enemies":"Centurion and Healer","floor":31,"turns":4},{"damage":14,"enemies":"Automaton","floor":33,"turns":6},{"damage":0,"enemies":"3 Shapes","floor":35,"turns":3},{"damage":27,"enemies":"3 Darklings","floor":36,"turns":4},{"damage":16,"enemies":"Spire Growth","floor":38,"turns":3},{"damage":50,"enemies":"Nemesis","floor":40,"turns":6},{"damage":0,"enemies":"Transient","floor":42,"turns":5},{"damage":6,"enemies":"Mind Bloom Boss Battle","floor":45,"turns":6},{"damage":16,"enemies":"Writhing Mass","floor":47,"turns":4},{"damage":0,"enemies":"4 Shapes","floor":48,"turns":3},{"damage":22,"enemies":"Awakened One","floor":50,"turns":3}],"seed_played":"7166648845142550099","potions_obtained":[{"floor":1,"key":"LiquidBronze"},{"floor":3,"key":"GamblersBrew"},{"floor":11,"key":"Regen Potion"},{"floor":14,"key":"PowerPotion"},{"floor":16,"key":"SteroidPotion"},{"floor":25,"key":"Regen Potion"},{"floor":33,"key":"Energy Potion"},{"floor":36,"key":"EssenceOfSteel"},{"floor":47,"key":"GamblersBrew"},{"floor":48,"key":"Fire Potion"}],"is_trial":false,"path_per_floor":["M","$","M","M","?","R","E","M","T","R","E","?","E","M","R","B",null,"M","M","M","$","M","R","M","M","T","R","M","?","R","M","R","B",null,"M","M","$","M","?","E","R","M","T","$","?","R","M","M","R","B"],"character_chosen":"DEFECT","items_purchased":["Glacier","Streamline","Molten Egg 2","Master of Strategy","Streamline+1","Hologram","Leap","White Noise"],"campfire_rested":0,"item_purchase_floors":[2,2,21,21,37,37,37,44],"current_hp_per_floor":[81,81,81,81,81,81,37,32,32,32,8,8,16,15,15,5,82,82,75,75,75,64,64,54,54,54,54,54,54,54,27,27,13,82,82,60,60,44,82,32,32,32,42,42,36,36,20,20,20,0],"gold":145,"neow_bonus":"TEN_PERCENT_HP_BONUS","is_prod":false,"is_daily":false,"chose_seed":false,"campfire_upgraded":8,"win_rate":0.0,"timestamp":1554375741,"path_taken":["M","?","M","M","?","R","E","M","T","R","E","?","E","M","R","BOSS","M","M","M","$","M","R","M","M","T","R","?","?","R","M","R","BOSS","M","M","$","M","?","E","R","M","T","?","?","R","M","M","R","BOSS"],"build_version":"2019-01-23","purchased_purges":2,"victory":false,"max_hp_per_floor":[82,82,82,82,82,82,82,82,82,82,82,82,82,82,82,82,82,82,82,82,82,82,82,82,82,82,82,82,82,82,82,82,82,82,82,82,82,82,82,82,82,82,92,92,92,92,92,92,92,92],"card_choices":[{"not_picked":["Lockon","Self Repair"],"picked":"BootSequence","floor":1},{"not_picked":["Streamline","Blizzard"],"picked":"BootSequence","floor":3},{"not_picked":["Hologram","Rebound"],"picked":"Consume","floor":4},{"not_picked":["Leap","Coolheaded"],"picked":"Conserve Battery","floor":7},{"not_picked":["Undo","Barrage"],"picked":"Go for the Eyes","floor":8},{"not_picked":["Go for the Eyes","Steam"],"picked":"Leap","floor":11},{"not_picked":["Stack","Turbo"],"picked":"Beam Cell","floor":13},{"not_picked":["Leap","Turbo"],"picked":"Hologram","floor":14},{"not_picked":["Fission","Rainbow"],"picked":"Electrodynamics","floor":16},{"not_picked":["Doom and Gloom","Hologram+1"],"picked":"Gash","floor":18},{"not_picked":["Lockon","Double Energy"],"picked":"Defragment","floor":19},{"not_picked":["Leap","Compile Driver"],"picked":"Cold Snap","floor":20},{"not_picked":["Coolheaded","Reinforced Body"],"picked":"Beam Cell+1","floor":22},{"not_picked":["Coolheaded","Melter+1"],"picked":"Steam Power","floor":24},{"not_picked":["Barrage+1","Rebound+1"],"picked":"Conserve Battery","floor":25},{"not_picked":["Hologram","Redo"],"picked":"Lockon+1","floor":28},{"not_picked":["Reinforced Body+1","Go for the Eyes+1"],"picked":"Rebound+1","floor":31},{"not_picked":["Echo Form","Buffer"],"picked":"Seek","floor":33},{"not_picked":["Cold Snap+1","Coolheaded+1"],"picked":"Turbo+1","floor":35},{"not_picked":["Sweeping Beam+1","Tempest"],"picked":"Skim+1","floor":36},{"not_picked":["Doom and Gloom+1","Reinforced Body"],"picked":"Hello World+1","floor":38},{"not_picked":["Aggregate+1","Barrage+1"],"picked":"Capacitor","floor":40},{"not_picked":["Buffer","Barrage+1"],"picked":"Sweeping Beam+1","floor":42},{"not_picked":["Leap","Steam+1"],"picked":"Compile Driver+1","floor":45},{"not_picked":["Fission","Aggregate+1"],"picked":"Stack+1","floor":47},{"not_picked":["Conserve Battery","Beam Cell+1"],"picked":"Gash+1","floor":48}],"player_experience":29479,"relics_obtained":[{"floor":7,"key":"Mercury Hourglass"},{"floor":9,"key":"Shuriken"},{"floor":11,"key":"Sundial"},{"floor":13,"key":"Bag of Preparation"},{"floor":26,"key":"Du-Vu Doll"},{"floor":34,"key":"Tiny Chest"},{"floor":34,"key":"Kunai"},{"floor":34,"key":"Nunchaku"},{"floor":40,"key":"Letter Opener"},{"floor":43,"key":"Pear"},{"floor":45,"key":"Girya"}],"event_choices":[{"damage_healed":0,"gold_gain":175,"player_choice":"AGREE","damage_taken":0,"max_hp_gain":0,"max_hp_loss":0,"event_name":"Liars Game","floor":5,"gold_loss":0,"cards_obtained":["Doubt"]},{"damage_healed":0,"gold_gain":0,"cards_transformed":["Strike_B"],"player_choice":"Transformed","damage_taken":0,"max_hp_gain":0,"max_hp_loss":0,"event_name":"Transmorgrifier","floor":12,"gold_loss":0,"cards_obtained":["All For One"]},{"damage_healed":0,"gold_gain":0,"cards_transformed":["Strike_B","Defend_B"],"player_choice":"Became Test Subject","damage_taken":0,"max_hp_gain":0,"max_hp_loss":0,"event_name":"Drug Dealer","floor":29,"gold_loss":0,"cards_obtained":["Hologram","Machine Learning"]},{"cards_removed":["Steam Power"],"damage_healed":38,"gold_gain":0,"player_choice":"Offered Uncommon","damage_taken":0,"max_hp_gain":0,"max_hp_loss":0,"event_name":"Bonfire Elementals","floor":39,"gold_loss":0},{"damage_healed":0,"gold_gain":0,"player_choice":"Fight","damage_taken":0,"max_hp_gain":0,"max_hp_loss":0,"event_name":"MindBloom","floor":45,"gold_loss":0}],"is_beta":false,"boss_relics":[{"not_picked":["Fusion Hammer","Cursed Key"],"picked":"Runic Dome"},{"not_picked":["Black Star","Velvet Choker"],"picked":"Calling Bell"}],"items_purged_floors":[21,37],"is_endless":false,"potions_floor_spawned":[1,3,11,14,16,18,20,25,31,33,36,47,48],"killed_by":"Awakened One","ascension_level":0}