{"gold_per_floor":[111,129,15,29,42,70,85,102,102,102],"floor_reached":10,"playtime":341,"items_purged":[],"score":76,"play_id":"b1035cc0-3e97-4858-acb9-9a0b3953ca57","local_time":"20181223174555","is_ascension_mode":true,"campfire_choices":[],"neow_cost":"NONE","seed_source_timestamp":2316521437102,"circlet_count":0,"master_deck":["Strike_B","Strike_B","Strike_B","Strike_B","Defend_B","Defend_B","Defend_B","Defend_B","Zap","Dualcast","Cold Snap","Reinforced Body","Defragment","Melter","Redo","Chaos","Gash","Steam","Loop"],"relics":["Cracked Core","Kunai","Bottled Tornado"],"potions_floor_usage":[7],"damage_taken":[{"damage":6,"enemies":"Cultist","floor":1,"turns":3},{"damage":11,"enemies":"Jaw Worm","floor":2,"turns":3},{"damage":12,"enemies":"Small Slimes","floor":4,"turns":2},{"damage":9,"enemies":"Looter","floor":5,"turns":4},{"damage":31,"enemies":"Gremlin Nob","floor":6,"turns":5},{"damage":5,"enemies":"Gremlin Gang","floor":7,"turns":6},{"damage":1,"enemies":"3 Louse","floor":8,"turns":5},{"damage":12,"enemies":"Exordium Thugs","floor":10,"turns":3}],"seed_played":"-4548871476503667814","potions_obtained":[{"floor":6,"key":"SpeedPotion"}],"is_trial":false,"path_per_floor":["M","M","$","M","M","E","M","M","T","M"],"character_chosen":"DEFECT","items_purchased":["Defragment","Melter"],"campfire_rested":0,"item_purchase_floors":[3,3],"current_hp_per_floor":[76,65,65,53,44,13,8,7,7,0],"gold":102,"neow_bonus":"TEN_PERCENT_HP_BONUS","is_prod":false,"is_daily":false,"chose_seed":false,"campfire_upgraded":0,"win_rate":0,"timestamp":1545615955,"path_taken":["M","M","$","M","M","E","M","?","T","M"],"build_version":"2018-12-20","purchased_purges":0,"victory":false,"max_hp_per_floor":[82,82,82,82,82,82,82,82,82,82],"card_choices":[{"not_picked":["Recycle","Steam"],"picked":"Cold Snap","floor":1},{"not_picked":["Turbo","Sweeping Beam"],"picked":"Reinforced Body","floor":2},{"not_picked":["Aggregate","Steam"],"picked":"Redo","floor":4},{"not_picked":["Steam","Undo"],"picked":"Chaos","floor":5},{"not_picked":["Coolheaded","Reprogram"],"picked":"Gash","floor":6},{"not_picked":["Hologram","Streamline"],"picked":"Steam","floor":7},{"not_picked":["Self Repair","Steam"],"picked":"Loop","floor":8}],"player_experience":313713,"relics_obtained":[{"floor":6,"key":"Kunai"},{"floor":9,"key":"Bottled Tornado"}],"event_choices":[],"is_beta":false,"boss_relics":[],"items_purged_floors":[],"is_endless":false,"potions_floor_spawned":[6],"killed_by":"Exordium Thugs","ascension_level":1}