{"gold_per_floor":[116,116,116,66,66,66,81,99,126,126,24,42,42,56,56,182,182,206,219,232,232,232],"floor_reached":22,"playtime":1100,"items_purged":[],"score":220,"play_id":"d511f6a4-5c0f-4a7e-9578-67a7d5a00865","local_time":"20190401190410","is_ascension_mode":true,"campfire_choices":[{"floor":6.0,"key":"REST"},{"data":"Hologram","floor":10.0,"key":"SMITH"},{"data":"Defragment","floor":13.0,"key":"SMITH"},{"data":"Zap","floor":15.0,"key":"SMITH"}],"neow_cost":"NONE","seed_source_timestamp":0,"circlet_count":0,"master_deck":["Strike_B+1","Strike_B","Strike_B","Defend_B","Defend_B","Defend_B","Defend_B+1","Zap+1","Dualcast","Reprogram","Skim","Hologram+1","Glacier","Defragment+1","Melter","Leap","Rebound","Electrodynamics","Ball Lightning+1","Coolheaded","Redo"],"special_seed":0,"relics":["Cracked Core","Golden Idol","Oddly Smooth Stone","Inserter"],"potions_floor_usage":[20,21],"damage_taken":[{"damage":3.0,"enemies":"2 Louse","floor":1.0,"turns":2.0},{"damage":0.0,"enemies":"Small Slimes","floor":7.0,"turns":3.0},{"damage":4.0,"enemies":"Jaw Worm","floor":8.0,"turns":3.0},{"damage":3.0,"enemies":"2 Fungi Beasts","floor":12.0,"turns":4.0},{"damage":0.0,"enemies":"3 Louse","floor":14.0,"turns":4.0},{"damage":21.0,"enemies":"Hexaghost","floor":16.0,"turns":13.0},{"damage":28.0,"enemies":"2 Thieves","floor":18.0,"turns":3.0},{"damage":9.0,"enemies":"Shell Parasite","floor":19.0,"turns":5.0},{"damage":0,"enemies":"3 Cultists","floor":20,"turns":2},{"damage":17,"enemies":"Colosseum Slavers","floor":21,"turns":4},{"damage":12,"enemies":"Shelled Parasite and Fungi","floor":22,"turns":2}],"seed_played":"-5251888945227495887","potions_obtained":[{"floor":1.0,"key":"SkillPotion"},{"floor":7.0,"key":"AttackPotion"},{"floor":19.0,"key":"FocusPotion"},{"floor":20,"key":"Explosive Potion"}],"is_trial":false,"path_per_floor":["M","?","?","?","$","R","M","M","T","R","$","M","R","M","R","B",null,"M","M","M","?","M"],"character_chosen":"DEFECT","items_purchased":["Defragment","Melter"],"campfire_rested":1,"item_purchase_floors":[11,11],"current_hp_per_floor":[72,54,39,39,39,61,61,57,57,57,57,54,54,54,54,33,65,37,28,28,11,0],"gold":232,"neow_bonus":"THREE_CARDS","is_prod":false,"is_daily":false,"chose_seed":false,"campfire_upgraded":3,"win_rate":0,"timestamp":1554113050,"path_taken":["M","?","?","?","?","R","M","M","T","R","$","M","R","M","R","BOSS","M","M","M","?","M"],"build_version":"2019-01-23","purchased_purges":0,"victory":false,"max_hp_per_floor":[75,75,75,75,75,75,75,75,75,75,75,75,75,75,75,75,75,75,75,75,75,75],"card_choices":[{"not_picked":["Leap","Hologram"],"picked":"Reprogram","floor":0.0},{"not_picked":["Hologram","Loop"],"picked":"Skim","floor":1.0},{"not_picked":["Blizzard","Steam"],"picked":"Hologram","floor":7.0},{"not_picked":["Turbo","Rebound"],"picked":"Glacier","floor":8.0},{"not_picked":["Gash","Blizzard"],"picked":"Leap","floor":12.0},{"not_picked":["Steam Power","Go for the Eyes"],"picked":"Rebound","floor":14.0},{"not_picked":["Creative AI","All For One"],"picked":"Electrodynamics","floor":16.0},{"not_picked":["Heatsinks+1","Gash"],"picked":"Ball Lightning+1","floor":18.0},{"not_picked":["Recycle","Sweeping Beam"],"picked":"Coolheaded","floor":19.0},{"not_picked":["Lockon","Beam Cell"],"picked":"Redo","floor":20}],"player_experience":224253,"relics_obtained":[{"floor":9.0,"key":"Oddly Smooth Stone"}],"event_choices":[{"damage_healed":0.0,"max_hp_gain":0.0,"max_hp_loss":0.0,"gold_gain":0.0,"event_name":"Golden Idol","player_choice":"Take Damage","floor":2.0,"gold_loss":0.0,"damage_taken":18.0,"relics_obtained":["Golden Idol"]},{"damage_healed":0.0,"max_hp_gain":0.0,"max_hp_loss":0.0,"gold_gain":0.0,"event_name":"Shining Light","player_choice":"Entered Light","floor":3.0,"gold_loss":0.0,"damage_taken":15.0,"cards_upgraded":["Defend_B","Strike_B"]},{"cards_removed":["Strike_B"],"damage_healed":0.0,"max_hp_gain":0.0,"max_hp_loss":0.0,"gold_gain":0.0,"event_name":"The Cleric","player_choice":"Card Removal","floor":4.0,"gold_loss":50.0,"damage_taken":0.0},{"damage_healed":0,"gold_gain":0,"player_choice":"Fight","damage_taken":0,"max_hp_gain":0,"max_hp_loss":0,"event_name":"Colosseum","floor":21,"gold_loss":0},{"damage_healed":0,"gold_gain":0,"player_choice":"Fled From Nobs","damage_taken":0,"max_hp_gain":0,"max_hp_loss":0,"event_name":"Colosseum","floor":21,"gold_loss":0}],"is_beta":false,"boss_relics":[{"not_picked":["Velvet Choker","Runic Dome"],"picked":"Inserter"}],"items_purged_floors":[],"is_endless":false,"potions_floor_spawned":[1,7,19,20],"killed_by":"Shelled Parasite and Fungi","ascension_level":5}