{"gold_per_floor":[115,135,155,175,185,185,215,215,215,225,225,238,35,63,63,163,163,176,186,203,203,217,217,217,228,273,285,315,327],"floor_reached":29,"playtime":4206,"items_purged":[],"score":286,"play_id":"2fa660b1-b16f-4c65-b7ed-bed7bed5b77e","local_time":"20190404151943","is_ascension_mode":false,"campfire_choices":[{"data":"Anger","floor":6,"key":"SMITH"},{"data":"Pommel Strike","floor":8,"key":"SMITH"},{"data":"Offering","floor":11,"key":"SMITH"},{"floor":15,"key":"REST"},{"floor":24,"key":"REST"}],"neow_cost":"NONE","seed_source_timestamp":1140428856624700,"circlet_count":0,"master_deck":["Strike_R","Strike_R","Strike_R","Strike_R","Strike_R","Defend_R","Defend_R","Bash","Headbutt","Rage+1","Infernal Blade","Anger+1","Iron Wave","Infernal Blade+1","Pommel Strike+1","Offering+1","Searing Blow","Armaments","Rage","Pommel Strike","Berserk","Warcry","Headbutt","Warcry","Cleave+1","Armaments","Thunderclap","Pain","Inflame"],"relics":["Burning Blood","Bottled Flame","War Paint","Blood Vial","Dream Catcher","Empty Cage","Question Card","MawBank","WarpedTongs"],"potions_floor_usage":[7,16,16,23,23,25],"damage_taken":[{"damage":10,"enemies":"2 Louse","floor":1,"turns":3},{"damage":0,"enemies":"Jaw Worm","floor":2,"turns":3},{"damage":6,"enemies":"Cultist","floor":3,"turns":3},{"damage":10,"enemies":"Looter","floor":4,"turns":2},{"damage":7,"enemies":"Exordium Wildlife","floor":5,"turns":2},{"damage":17,"enemies":"3 Sentries","floor":7,"turns":7},{"damage":0,"enemies":"Blue Slaver","floor":10,"turns":2},{"damage":11,"enemies":"Large Slime","floor":12,"turns":2},{"damage":6,"enemies":"Gremlin Nob","floor":14,"turns":2},{"damage":15,"enemies":"Hexaghost","floor":16,"turns":9},{"damage":6,"enemies":"Shell Parasite","floor":18,"turns":5},{"damage":12,"enemies":"2 Thieves","floor":19,"turns":4},{"damage":22,"enemies":"3 Cultists","floor":20,"turns":5},{"damage":13,"enemies":"Snecko","floor":22,"turns":5},{"damage":42,"enemies":"Book of Stabbing","floor":23,"turns":4},{"damage":29,"enemies":"Cultist and Chosen","floor":25,"turns":6},{"damage":21,"enemies":"Snake Plant","floor":28,"turns":3},{"damage":15,"enemies":"Centurion and Healer","floor":29,"turns":1}],"seed_played":"-8582393850371518112","potions_obtained":[{"floor":1,"key":"SkillPotion"},{"floor":5,"key":"SpeedPotion"},{"floor":7,"key":"EssenceOfSteel"},{"floor":14,"key":"Weak Potion"},{"floor":16,"key":"SpeedPotion"},{"floor":19,"key":"SmokeBomb"},{"floor":20,"key":"AttackPotion"},{"floor":25,"key":"SneckoOil"}],"is_trial":false,"path_per_floor":["M","M","M","M","M","R","E","R","T","M","R","M","$","E","R","B",null,"M","M","M","?","M","E","R","M","T","?","M","M"],"character_chosen":"IRONCLAD","items_purchased":["Armaments","Blood Vial"],"campfire_rested":2,"item_purchase_floors":[13,13],"current_hp_per_floor":[76,80,80,76,75,75,64,64,64,70,70,65,65,67,80,71,80,80,74,60,60,55,21,45,24,24,24,11,0],"gold":327,"neow_bonus":"THREE_CARDS","is_prod":false,"is_daily":false,"chose_seed":false,"campfire_upgraded":3,"win_rate":0.0,"timestamp":1554383983,"path_taken":["M","M","M","M","M","R","E","R","T","M","R","M","$","E","R","BOSS","M","M","M","?","M","E","R","M","T","?","M","M"],"build_version":"2019-01-23","purchased_purges":0,"victory":false,"max_hp_per_floor":[80,80,80,80,80,80,80,80,80,80,80,80,80,80,80,80,80,80,80,80,80,80,80,80,80,80,80,80,80],"card_choices":[{"not_picked":["Entrench","Cleave"],"picked":"Headbutt","floor":0},{"not_picked":["Burning Pact","Clash"],"picked":"Rage","floor":1},{"not_picked":["Anger","Warcry"],"picked":"Infernal Blade","floor":2},{"not_picked":["Flame Barrier","Hemokinesis"],"picked":"Anger","floor":3},{"not_picked":["Cleave","Rupture"],"picked":"Iron Wave","floor":4},{"not_picked":["Flex","Sever Soul"],"picked":"Infernal Blade","floor":5},{"not_picked":["Twin Strike","Clash"],"picked":"Pommel Strike","floor":7},{"not_picked":["Flex","Pommel Strike"],"picked":"Offering","floor":10},{"not_picked":["Inflame","Twin Strike"],"picked":"Searing Blow","floor":12},{"not_picked":["Body Slam","Intimidate"],"picked":"Rage","floor":14},{"not_picked":["Body Slam","Infernal Blade"],"picked":"Pommel Strike","floor":15},{"not_picked":["Feed","Impervious"],"picked":"Berserk","floor":16},{"not_picked":["Twin Strike","Shrug It Off"],"picked":"Warcry","floor":18},{"not_picked":["Twin Strike+1","Shockwave+1"],"picked":"Headbutt","floor":19},{"not_picked":["Disarm","True Grit"],"picked":"Warcry","floor":20},{"not_picked":["Shrug It Off","Rupture","Carnage"],"picked":"Cleave+1","floor":22},{"not_picked":["Pommel Strike","Clothesline","Juggernaut"],"picked":"Armaments","floor":24},{"not_picked":["Sword Boomerang+1","Entrench","Anger"],"picked":"Thunderclap","floor":25},{"not_picked":["Pommel Strike","Corruption","Dropkick"],"picked":"Inflame","floor":28}],"player_experience":35917,"relics_obtained":[{"floor":7,"key":"Bottled Flame"},{"floor":9,"key":"War Paint"},{"floor":14,"key":"Dream Catcher"},{"floor":26,"key":"MawBank"}],"event_choices":[{"damage_healed":0,"gold_gain":0,"player_choice":"Opened","damage_taken":0,"relics_obtained":["Question Card"],"max_hp_gain":0,"max_hp_loss":0,"event_name":"The Mausoleum","floor":21,"gold_loss":0},{"damage_healed":0,"gold_gain":0,"player_choice":"Rummage","damage_taken":0,"relics_obtained":["WarpedTongs"],"max_hp_gain":0,"max_hp_loss":0,"event_name":"Accursed Blacksmith","floor":27,"gold_loss":0,"cards_obtained":["Pain"]}],"is_beta":false,"boss_relics":[{"not_picked":["Eternal Feather","Calling Bell"],"picked":"Empty Cage"}],"items_purged_floors":[],"is_endless":false,"potions_floor_spawned":[1,5,7,14,16,19,20,23,25],"killed_by":"Centurion and Healer","ascension_level":0}