{"gold_per_floor":[115,133,145,145,67,98,98,128,128,138,164,164,180,197,197,301,301,311,311,327,337,353,353,268,295,295,322,322,182,215,215,215,319,319,336,1335,979,990,990,990,375,375,375,390,402,429,441,451,451,451,451,451,3,31,31],"floor_reached":56,"playtime":3990,"items_purged":["Strike_G+1","Strike_G+1"],"score":1710,"play_id":"2162a652-d328-4fe6-99ac-942d210b5b98","local_time":"20190411180254","is_ascension_mode":true,"campfire_choices":[{"data":"Well Laid Plans","floor":7,"key":"SMITH"},{"data":"Crippling Poison","floor":12,"key":"SMITH"},{"data":"Noxious Fumes","floor":15,"key":"SMITH"},{"data":"Adrenaline","floor":23,"key":"SMITH"},{"data":"Envenom","floor":28,"key":"SMITH"},{"floor":32,"key":"REST"},{"data":"Footwork","floor":40,"key":"SMITH"},{"data":"Panache","floor":42,"key":"SMITH"},{"floor":49,"key":"RECALL"},{"floor":52,"key":"REST"}],"neow_cost":"NONE","seed_source_timestamp":12071242579358,"circlet_count":0,"master_deck":["Defend_G+1","Defend_G+1","Defend_G+1","Defend_G+1","Defend_G+1","Strike_G+1","Strike_G+1","Strike_G+1","Survivor","Neutralize","Dash","Dagger Throw","Flying Knee","Adrenaline+1","Well Laid Plans+1","Blur","Unload","Crippling Poison+1","Blur","Noxious Fumes+1","Deadly Poison","Envenom+1","Backflip","Caltrops","Crippling Poison","Blur+1","Footwork+1","Escape Plan","Catalyst+1","Backflip","Deadly Poison","Panache+1","Footwork","Flash of Steel+1","Caltrops+1","Leg Sweep","Outmaneuver+1","Leg Sweep+1","Flying Knee+1","Backflip+1","Noxious Fumes"],"relics":["Ring of the Snake","NeowsBlessing","Pear","Anchor","Question Card","Gambling Chip","White Beast Statue","MutagenicStrength","PreservedInsect","Bird Faced Urn","Pantograph","Lantern","Omamori","Busted Crown","Letter Opener","Molten Egg 2","Toxic Egg 2","Tough Bandages","Dodecahedron"],"potions_floor_usage":[11,18,18,20,22,25,27,27,30,33,33,45,55,55,55],"damage_taken":[{"damage":0,"enemies":"Cultist","floor":1,"turns":1},{"damage":0,"enemies":"Jaw Worm","floor":2,"turns":1},{"damage":0,"enemies":"Small Slimes","floor":3,"turns":1},{"damage":10,"enemies":"Gremlin Nob","floor":6,"turns":4},{"damage":10,"enemies":"3 Sentries","floor":8,"turns":11},{"damage":0,"enemies":"3 Louse","floor":10,"turns":3},{"damage":38,"enemies":"Gremlin Nob","floor":11,"turns":5},{"damage":0,"enemies":"Looter","floor":13,"turns":3},{"damage":5,"enemies":"Large Slime","floor":14,"turns":5},{"damage":0,"enemies":"Hexaghost","floor":16,"turns":9},{"damage":4,"enemies":"Shell Parasite","floor":18,"turns":7},{"damage":0,"enemies":"Spheric Guardian","floor":20,"turns":5},{"damage":5,"enemies":"Centurion and Healer","floor":21,"turns":8},{"damage":34,"enemies":"Snake Plant","floor":22,"turns":6},{"damage":12,"enemies":"Slavers","floor":25,"turns":4},{"damage":11,"enemies":"Book of Stabbing","floor":27,"turns":5},{"damage":17,"enemies":"Slavers","floor":30,"turns":5},{"damage":66,"enemies":"Automaton","floor":33,"turns":14},{"damage":0,"enemies":"3 Shapes","floor":35,"turns":5},{"damage":0,"enemies":"3 Darklings","floor":38,"turns":4},{"damage":0,"enemies":"Maw","floor":44,"turns":7},{"damage":0,"enemies":"4 Shapes","floor":45,"turns":4},{"damage":2,"enemies":"Nemesis","floor":46,"turns":7},{"damage":3,"enemies":"3 Darklings","floor":47,"turns":6},{"damage":19,"enemies":"Jaw Worm Horde","floor":48,"turns":5},{"damage":59,"enemies":"Awakened One","floor":50,"turns":16},{"damage":4,"enemies":"Shield and Spear","floor":54,"turns":8},{"damage":43,"enemies":"The Heart","floor":55,"turns":9}],"seed_played":"8827324987406643009","potions_obtained":[{"floor":8,"key":"EssenceOfSteel"},{"floor":10,"key":"Regen Potion"},{"floor":11,"key":"GhostInAJar"},{"floor":14,"key":"EssenceOfSteel"},{"floor":18,"key":"LiquidBronze"},{"floor":20,"key":"GamblersBrew"},{"floor":21,"key":"LiquidBronze"},{"floor":22,"key":"AttackPotion"},{"floor":25,"key":"Regen Potion"},{"floor":27,"key":"PowerPotion"},{"floor":30,"key":"Strength Potion"},{"floor":33,"key":"GamblersBrew"},{"floor":35,"key":"SteroidPotion"},{"floor":38,"key":"SkillPotion"},{"floor":45,"key":"Fire Potion"},{"floor":46,"key":"LiquidBronze"},{"floor":47,"key":"GhostInAJar"},{"floor":48,"key":"LiquidBronze"}],"is_trial":false,"path_per_floor":["M","M","M","?","$","E","R","E","T","M","E","R","M","M","R","B",null,"M","?","M","M","M","R","?","E","T","E","R","$","E","?","R","B",null,"M","?","$","M","?","R","$","R","T","M","M","E","M","M","R","B",null,"R","$","E","B",null],"character_chosen":"THE_SILENT","items_purchased":["Well Laid Plans","Footwork","Escape Plan","Letter Opener","Deadly Poison","Molten Egg 2","Panache","Footwork","Flash of Steel+1","Backflip+1","Tough Bandages"],"campfire_rested":2,"item_purchase_floors":[5,29,29,37,37,41,41,41,41,53,53],"current_hp_per_floor":[63,63,63,63,63,63,63,53,53,53,29,29,29,24,24,24,66,62,62,62,57,23,23,23,11,11,21,21,21,12,12,36,3,61,69,69,69,77,77,77,77,77,77,80,80,78,80,63,63,31,68,80,80,80,45],"gold":31,"neow_bonus":"THREE_ENEMY_KILL","is_prod":false,"is_daily":false,"chose_seed":false,"campfire_upgraded":7,"win_rate":0,"timestamp":1555030974,"path_taken":["M","?","M","?","$","E","R","E","T","M","E","R","M","?","R","BOSS","M","?","M","M","M","R","?","E","T","E","R","$","E","?","R","BOSS","M","?","$","M","?","R","?","R","T","M","M","E","M","M","R","BOSS","R","$","E","BOSS"],"build_version":"2019-01-23","purchased_purges":2,"victory":true,"max_hp_per_floor":[70,70,70,70,70,80,80,80,80,80,80,80,80,80,80,80,80,80,80,80,80,80,80,80,80,80,80,80,80,80,80,80,80,80,80,80,80,80,80,80,80,80,80,80,80,80,80,80,80,80,80,80,80,80,80],"card_choices":[{"not_picked":["Dodge and Roll","PiercingWail"],"picked":"Dash","floor":1},{"not_picked":["Deadly Poison","Heel Hook"],"picked":"Dagger Throw","floor":2},{"not_picked":["Dodge and Roll","Outmaneuver"],"picked":"Flying Knee","floor":3},{"not_picked":["Predator","Deadly Poison"],"picked":"Blur","floor":6},{"not_picked":["Dodge and Roll","Bane"],"picked":"Unload","floor":8},{"not_picked":["Expertise","Quick Slash","Dodge and Roll"],"picked":"Crippling Poison","floor":10},{"not_picked":["Backflip","Masterful Stab","Acrobatics"],"picked":"Blur","floor":11},{"not_picked":["Choke","Backflip","Catalyst"],"picked":"Noxious Fumes","floor":13},{"not_picked":["PiercingWail","Distraction","A Thousand Cuts"],"picked":"Deadly Poison","floor":14},{"not_picked":["Phantasmal Killer","A Thousand Cuts","Doppelganger"],"picked":"Envenom","floor":16},{"not_picked":["Slice","Choke+1","Underhanded Strike"],"picked":"Backflip","floor":18},{"not_picked":["Outmaneuver","Dodge and Roll","Prepared"],"picked":"Caltrops","floor":20},{"not_picked":["Caltrops+1","Underhanded Strike","Slice+1"],"picked":"Crippling Poison","floor":21},{"not_picked":["Dagger Spray","Underhanded Strike","All Out Attack","Prepared"],"picked":"SKIP","floor":22},{"not_picked":["Finisher","Dagger Spray","Eviscerate"],"picked":"Blur+1","floor":25},{"not_picked":["Storm of Steel","Expertise","Masterful Stab","Backflip"],"picked":"SKIP","floor":27},{"not_picked":["All Out Attack","Prepared","Eviscerate"],"picked":"Catalyst+1","floor":30},{"not_picked":["Masterful Stab"],"picked":"Backflip","floor":35},{"not_picked":["Slice","Choke"],"picked":"SKIP","floor":38},{"not_picked":["Eviscerate+1"],"picked":"Caltrops+1","floor":44},{"not_picked":["Skewer+1"],"picked":"Leg Sweep","floor":45},{"not_picked":["Accuracy+1"],"picked":"Outmaneuver+1","floor":46},{"not_picked":["Poisoned Stab+1"],"picked":"Leg Sweep+1","floor":47},{"not_picked":["Prepared+1"],"picked":"Flying Knee+1","floor":48},{"not_picked":["Acrobatics+1"],"picked":"Noxious Fumes","floor":54}],"player_experience":209910,"relics_obtained":[{"floor":6,"key":"Pear"},{"floor":8,"key":"Anchor"},{"floor":9,"key":"Question Card"},{"floor":11,"key":"Gambling Chip"},{"floor":25,"key":"Bird Faced Urn"},{"floor":26,"key":"Pantograph"},{"floor":27,"key":"Lantern"},{"floor":30,"key":"Omamori"},{"floor":46,"key":"Toxic Egg 2"},{"floor":54,"key":"Dodecahedron"}],"event_choices":[{"damage_healed":0,"gold_gain":0,"player_choice":"1 cards matched","damage_taken":0,"max_hp_gain":0,"max_hp_loss":0,"event_name":"Match and Keep!","floor":4,"gold_loss":0,"cards_obtained":["Adrenaline"]},{"damage_healed":0,"gold_gain":0,"player_choice":"Inject Mutagens","damage_taken":0,"relics_obtained":["MutagenicStrength"],"max_hp_gain":0,"max_hp_loss":0,"event_name":"Drug Dealer","floor":19,"gold_loss":0},{"damage_healed":0,"gold_gain":0,"player_choice":"Obtained Relic","damage_taken":0,"relics_obtained":["PreservedInsect"],"max_hp_gain":0,"max_hp_loss":0,"event_name":"Addict","floor":24,"gold_loss":85},{"damage_healed":0,"gold_gain":0,"player_choice":"Simplicity","damage_taken":0,"max_hp_gain":0,"max_hp_loss":0,"event_name":"Back to Basics","floor":31,"gold_loss":0,"cards_upgraded":["Defend_G","Defend_G","Defend_G","Defend_G","Defend_G","Strike_G","Strike_G","Strike_G","Strike_G","Strike_G"]},{"damage_healed":0,"gold_gain":999,"player_choice":"Gold","damage_taken":0,"max_hp_gain":0,"max_hp_loss":0,"event_name":"MindBloom","floor":36,"gold_loss":0,"cards_obtained":["Normality","Normality"]},{"damage_healed":0,"gold_gain":0,"player_choice":"Ignored","damage_taken":0,"max_hp_gain":0,"max_hp_loss":0,"event_name":"Tomb of Lord Red Mask","floor":39,"gold_loss":0}],"is_beta":false,"boss_relics":[{"not_picked":["Lizard Tail","Philosopher\u0027s Stone"],"picked":"White Beast Statue"},{"not_picked":["Pandora\u0027s Box","Sozu"],"picked":"Busted Crown"}],"items_purged_floors":[37,53],"is_endless":false,"potions_floor_spawned":[8,10,11,14,18,20,21,22,25,27,30,33,35,38,44,45,46,47,48,54],"ascension_level":8}