{"gold_per_floor":[15,34,34,34,48,82,82,32,56,131,131,164,164,176,176,272,272,284,284,29,40,140,140,140],"floor_reached":24,"playtime":2955,"items_purged":[],"score":263,"play_id":"cc6a3bd9-b5f3-4332-a1d1-788e593187f0","local_time":"20190406232059","is_ascension_mode":true,"campfire_choices":[{"data":"Redo","floor":7,"key":"SMITH"},{"floor":11,"key":"REST"},{"floor":13,"key":"REST"},{"data":"Turbo","floor":15,"key":"SMITH"},{"floor":23,"key":"REST"}],"neow_cost":"NO_GOLD","seed_source_timestamp":19078963185050,"circlet_count":0,"master_deck":["Strike_B","Strike_B","Strike_B","Defend_B","Defend_B","Defend_B","Defend_B","Zap+1","Dualcast","Electrodynamics","Redo+1","Cold Snap","Conserve Battery","Reprogram","Ball Lightning","Turbo+1","Buffer","Steam","BootSequence"],"relics":["Cracked Core","Ancient Tea Set","Bag of Marbles","WingedGreaves","Inserter","Pantograph"],"potions_floor_usage":[24],"damage_taken":[{"damage":2,"enemies":"Jaw Worm","floor":1,"turns":4},{"damage":0,"enemies":"Cultist","floor":2,"turns":3},{"damage":5,"enemies":"2 Louse","floor":5,"turns":2},{"damage":13,"enemies":"3 Sentries","floor":6,"turns":3},{"damage":21,"enemies":"Lagavulin","floor":12,"turns":6},{"damage":3,"enemies":"Blue Slaver","floor":14,"turns":3},{"damage":35,"enemies":"The Guardian","floor":16,"turns":12},{"damage":23,"enemies":"Shell Parasite","floor":18,"turns":7},{"damage":24,"enemies":"Colosseum Slavers","floor":19,"turns":4},{"damage":14,"enemies":"Chosen","floor":21,"turns":6},{"damage":23,"enemies":"Centurion and Healer","floor":24,"turns":6}],"seed_played":"4585062700913365830","potions_obtained":[{"floor":2,"key":"Ancient Potion"},{"floor":5,"key":"Strength Potion"},{"floor":16,"key":"FearPotion"},{"floor":21,"key":"GamblersBrew"}],"is_trial":false,"path_per_floor":["M","M","?","$","M","E","R","?","T","?","R","E","R","M","R","B",null,"M","?","$","M","?","R","M"],"character_chosen":"DEFECT","items_purchased":["Pantograph"],"campfire_rested":3,"item_purchase_floors":[20],"current_hp_per_floor":[66,66,66,66,61,48,48,48,48,37,59,38,60,57,57,22,62,39,15,15,1,1,23,0],"gold":140,"neow_bonus":"THREE_RARE_CARDS","is_prod":false,"is_daily":false,"chose_seed":false,"campfire_upgraded":2,"win_rate":0,"timestamp":1554560459,"path_taken":["M","M","?","$","?","E","R","?","T","?","R","E","R","M","R","BOSS","M","?","$","M","?","R","M"],"build_version":"2019-01-23","purchased_purges":0,"victory":false,"max_hp_per_floor":[75,75,75,75,75,75,75,75,75,75,75,75,75,75,75,75,75,75,75,75,75,75,75,75],"card_choices":[{"not_picked":["Fission","All For One"],"picked":"Electrodynamics","floor":0},{"not_picked":["Turbo","Beam Cell"],"picked":"Redo","floor":1},{"not_picked":["Rebound","Skim"],"picked":"Cold Snap","floor":2},{"not_picked":["Leap","Gash"],"picked":"Conserve Battery","floor":5},{"not_picked":["Steam Power","Force Field"],"picked":"Reprogram","floor":6},{"not_picked":["Rebound","Compile Driver"],"picked":"Ball Lightning","floor":12},{"not_picked":["Coolheaded","Hello World"],"picked":"Turbo","floor":14},{"not_picked":["Meteor Strike","Rainbow"],"picked":"Buffer","floor":16},{"not_picked":["Barrage","Gash"],"picked":"Steam","floor":18},{"not_picked":["Cold Snap","Rebound+1"],"picked":"BootSequence","floor":21}],"player_experience":271044,"relics_obtained":[{"floor":6,"key":"Ancient Tea Set"},{"floor":9,"key":"Bag of Marbles"},{"floor":12,"key":"WingedGreaves"}],"event_choices":[{"damage_healed":0,"gold_gain":0,"player_choice":"Upgraded","damage_taken":0,"max_hp_gain":0,"max_hp_loss":0,"event_name":"Upgrade Shrine","floor":3,"gold_loss":0,"cards_upgraded":["Zap"]},{"cards_removed":["Strike_B"],"damage_healed":0,"gold_gain":0,"player_choice":"Card Removal","damage_taken":0,"max_hp_gain":0,"max_hp_loss":0,"event_name":"The Cleric","floor":8,"gold_loss":50},{"damage_healed":0,"gold_gain":75,"player_choice":"Gather Gold","damage_taken":11,"max_hp_gain":0,"max_hp_loss":0,"event_name":"World of Goop","floor":10,"gold_loss":0},{"damage_healed":0,"gold_gain":0,"player_choice":"Fight","damage_taken":0,"max_hp_gain":0,"max_hp_loss":0,"event_name":"Colosseum","floor":19,"gold_loss":0},{"damage_healed":0,"gold_gain":0,"player_choice":"Fled From Nobs","damage_taken":0,"max_hp_gain":0,"max_hp_loss":0,"event_name":"Colosseum","floor":19,"gold_loss":0},{"damage_healed":0,"gold_gain":100,"player_choice":"Pray","damage_taken":0,"max_hp_gain":0,"max_hp_loss":0,"event_name":"Golden Shrine","floor":22,"gold_loss":0}],"is_beta":false,"boss_relics":[{"not_picked":["Busted Crown","Tiny House"],"picked":"Inserter"}],"items_purged_floors":[],"is_endless":false,"potions_floor_spawned":[2,5,16,21],"killed_by":"Centurion and Healer","ascension_level":6}