{"gold_per_floor":[116,135,148,167,186,186,186,226,226,226,226,91,124,144,144,272,335,351,276,276,276,153,153,172,210,236,236,236,236,236,236,236,236],"floor_reached":33,"playtime":1437,"items_purged":["Strike_R","Parasite"],"score":418,"play_id":"8bddda74-6e15-4ac9-9344-1b22b3e6f9dc","local_time":"20190424211100","is_ascension_mode":true,"campfire_choices":[{"data":"Bash","floor":6.0,"key":"SMITH"},{"data":"Armaments","floor":11.0,"key":"SMITH"},{"data":"Hemokinesis","floor":15.0,"key":"SMITH"},{"data":"Feed","floor":23.0,"key":"SMITH"},{"data":"True Grit","floor":27.0,"key":"SMITH"},{"data":"Cleave","floor":30.0,"key":"SMITH"},{"data":"Shockwave","floor":32.0,"key":"SMITH"}],"neow_cost":"PERCENT_DAMAGE","seed_source_timestamp":992025644395921,"circlet_count":0,"master_deck":["Strike_R+1","Strike_R+1","Strike_R+1","Strike_R+1","Defend_R+1","Defend_R+1","Defend_R+1","Defend_R+1","Bash+1","Pommel Strike+1","Shockwave+1","Armaments+1","Hemokinesis+1","True Grit+1","Battle Trance","Feed+1","Inflame","Dropkick","Metallicize","Cleave+1","True Grit+1","Disarm","Writhe"],"special_seed":0,"relics":["Burning Blood","Bloody Idol","Meat on the Bone","Self Forming Clay","Kunai","Incense Burner","Tiny House","Bag of Marbles","Lantern"],"potions_floor_usage":[33],"damage_taken":[{"damage":8.0,"enemies":"2 Louse","floor":1.0,"turns":3.0},{"damage":6.0,"enemies":"Cultist","floor":2.0,"turns":3.0},{"damage":5.0,"enemies":"Small Slimes","floor":3.0,"turns":5.0},{"damage":20.0,"enemies":"Exordium Thugs","floor":4.0,"turns":6.0},{"damage":29.0,"enemies":"Large Slime","floor":5.0,"turns":10.0},{"damage":24.0,"enemies":"Gremlin Nob","floor":8.0,"turns":4.0},{"damage":20.0,"enemies":"3 Sentries","floor":13.0,"turns":10.0},{"damage":7.0,"enemies":"Looter","floor":14.0,"turns":2.0},{"damage":35.0,"enemies":"Hexaghost","floor":16.0,"turns":12.0},{"damage":7.0,"enemies":"Shell Parasite","floor":18.0,"turns":5.0},{"damage":10.0,"enemies":"Chosen","floor":24.0,"turns":4.0},{"damage":37.0,"enemies":"Book of Stabbing","floor":25.0,"turns":8.0},{"damage":61,"enemies":"Collector","floor":33,"turns":13}],"seed_played":"-3018935692656656162","potions_obtained":[{"floor":1.0,"key":"SkillPotion"},{"floor":5.0,"key":"Swift Potion"},{"floor":13.0,"key":"Energy Potion"},{"floor":14.0,"key":"Regen Potion"},{"floor":17.0,"key":"GamblersBrew"},{"floor":18.0,"key":"AttackPotion"}],"is_trial":false,"path_per_floor":["M","M","M","M","M","R","?","E","T","?","R","?","E","M","R","B",null,"M","$","?","?","$","R","M","E","T","R","?","?","R","?","R","B"],"character_chosen":"IRONCLAD","items_purchased":["Cleave"],"campfire_rested":0,"item_purchase_floors":[22],"current_hp_per_floor":[65,65,66,52,29,29,29,11,11,33,33,33,31,42,42,25,78,77,77,77,77,77,77,73,58,58,58,58,58,58,58,58,0],"gold":236,"neow_bonus":"TWENTY_PERCENT_HP_BONUS","is_prod":false,"is_daily":false,"chose_seed":false,"campfire_upgraded":7,"win_rate":0,"timestamp":1556107860,"path_taken":["M","M","M","M","M","R","?","E","T","?","R","?","E","M","R","BOSS","M","$","?","?","$","R","M","E","T","R","?","?","R","?","R","BOSS"],"build_version":"2019-01-23","purchased_purges":2,"victory":false,"max_hp_per_floor":[96,96,96,96,96,96,89,89,89,89,89,89,89,89,89,89,94,94,94,94,94,91,91,91,95,95,95,95,95,95,95,95,95],"card_choices":[{"not_picked":["Heavy Blade","Blood for Blood"],"picked":"Pommel Strike","floor":1.0},{"not_picked":["Pommel Strike","Ghostly Armor"],"picked":"Shockwave","floor":2.0},{"not_picked":["Carnage","Anger"],"picked":"Armaments","floor":3.0},{"not_picked":["Anger","Havoc","Ghostly Armor"],"picked":"SKIP","floor":4.0},{"not_picked":["Thunderclap","Flex","Iron Wave"],"picked":"SKIP","floor":5.0},{"not_picked":["Wild Strike","Iron Wave"],"picked":"Hemokinesis","floor":8.0},{"not_picked":["Body Slam","Rampage"],"picked":"True Grit","floor":13.0},{"not_picked":["Heavy Blade","Intimidate"],"picked":"Battle Trance","floor":14.0},{"not_picked":["Dark Embrace","Fiend Fire"],"picked":"Feed","floor":16.0},{"not_picked":["Pommel Strike","True Grit"],"picked":"Inflame","floor":17.0},{"not_picked":["Shockwave+1","Pommel Strike"],"picked":"Dropkick","floor":18.0},{"not_picked":["Whirlwind","Clothesline+1"],"picked":"True Grit+1","floor":24.0},{"not_picked":["Perfected Strike","Clash"],"picked":"Disarm","floor":25.0}],"player_experience":420737,"relics_obtained":[{"floor":8.0,"key":"Meat on the Bone"},{"floor":9.0,"key":"Self Forming Clay"},{"floor":13.0,"key":"Incense Burner"},{"floor":25.0,"key":"Bag of Marbles"}],"event_choices":[{"damage_healed":0.0,"max_hp_gain":0.0,"max_hp_loss":7.0,"gold_gain":0.0,"event_name":"Golden Idol","player_choice":"Lose Max HP","floor":7.0,"gold_loss":0.0,"damage_taken":0.0,"relics_obtained":["Golden Idol"]},{"damage_healed":22.0,"max_hp_gain":0.0,"max_hp_loss":0.0,"gold_gain":0.0,"event_name":"Mushrooms","player_choice":"Healed and dodged fight","floor":10.0,"gold_loss":0.0,"damage_taken":0.0,"cards_obtained":["Parasite"]},{"damage_healed":0.0,"max_hp_gain":0.0,"max_hp_loss":0.0,"gold_gain":0.0,"event_name":"WeMeetAgain","player_choice":"Paid Gold","floor":12.0,"gold_loss":135.0,"damage_taken":0.0,"relics_obtained":["Kunai"]},{"damage_healed":0.0,"max_hp_gain":0.0,"max_hp_loss":0.0,"gold_gain":0.0,"event_name":"The Library","player_choice":"Read","floor":20.0,"gold_loss":0.0,"damage_taken":0.0,"cards_obtained":["Metallicize"]},{"damage_healed":0.0,"max_hp_gain":0.0,"max_hp_loss":0.0,"gold_gain":0.0,"event_name":"Back to Basics","player_choice":"Simplicity","floor":21.0,"gold_loss":0.0,"damage_taken":0.0,"cards_upgraded":["Strike_R","Strike_R","Strike_R","Strike_R","Defend_R","Defend_R","Defend_R","Defend_R"]},{"damage_healed":0.0,"max_hp_gain":0.0,"max_hp_loss":0.0,"gold_gain":0.0,"event_name":"The Mausoleum","player_choice":"Opened","floor":28.0,"gold_loss":0.0,"damage_taken":0.0,"relics_obtained":["Lantern"],"cards_obtained":["Writhe"]},{"damage_healed":0.0,"max_hp_gain":0.0,"max_hp_loss":0.0,"gold_gain":0.0,"event_name":"Vampires","player_choice":"Ignored","floor":29.0,"gold_loss":0.0,"damage_taken":0.0},{"damage_healed":0.0,"max_hp_gain":0.0,"max_hp_loss":0.0,"gold_gain":0.0,"event_name":"Forgotten Altar","player_choice":"Gave Idol","floor":31.0,"relics_lost":["Golden Idol"],"gold_loss":0.0,"damage_taken":0.0,"relics_obtained":["Bloody Idol"]}],"is_beta":false,"boss_relics":[{"not_picked":["Runic Cube","Sozu"],"picked":"Tiny House"}],"items_purged_floors":[19,22],"is_endless":false,"potions_floor_spawned":[1,5,13,14,18],"killed_by":"Collector","ascension_level":9}