{"gold_per_floor":[116,126,145,156,171,204,204,217,217,236,252,252,264,279,279,279],"floor_reached":16,"playtime":757,"items_purged":[],"score":121,"play_id":"79a7a0c9-efe9-4cda-8612-fda02e846bdc","local_time":"20190410105800","is_ascension_mode":true,"campfire_choices":[{"data":"Body Slam","floor":12,"key":"SMITH"},{"data":"Disarm","floor":15,"key":"SMITH"}],"neow_cost":"NONE","seed_source_timestamp":45005357827500,"circlet_count":0,"master_deck":["Strike_R","Strike_R","Strike_R","Strike_R","Strike_R","Defend_R","Defend_R","Defend_R","Defend_R","Bash","Iron Wave","Body Slam","Iron Wave","Rampage","Disarm+1","Cleave","Sentinel","Body Slam+1","Bloodletting","Shockwave","True Grit"],"relics":["Burning Blood","Juzu Bracelet","Pen Nib"],"potions_floor_usage":[16,16,16],"damage_taken":[{"damage":13,"enemies":"Jaw Worm","floor":1,"turns":5},{"damage":7,"enemies":"Small Slimes","floor":2,"turns":4},{"damage":0,"enemies":"2 Louse","floor":3,"turns":3},{"damage":8,"enemies":"Exordium Wildlife","floor":4,"turns":4},{"damage":20,"enemies":"Large Slime","floor":5,"turns":7},{"damage":18,"enemies":"Gremlin Nob","floor":6,"turns":5},{"damage":6,"enemies":"2 Fungi Beasts","floor":8,"turns":4},{"damage":3,"enemies":"Blue Slaver","floor":10,"turns":4},{"damage":8,"enemies":"Red Slaver","floor":11,"turns":3},{"damage":16,"enemies":"3 Louse","floor":13,"turns":3},{"damage":3,"enemies":"Blue Slaver","floor":14,"turns":2},{"damage":41,"enemies":"Slime Boss","floor":16,"turns":8}],"seed_played":"-369350080033196634","potions_obtained":[{"floor":4,"key":"BloodPotion"},{"floor":5,"key":"SneckoOil"},{"floor":6,"key":"Strength Potion"},{"floor":14,"key":"Energy Potion"}],"is_trial":false,"path_per_floor":["M","M","M","M","M","E","?","M","T","M","M","R","M","M","R","B"],"character_chosen":"IRONCLAD","items_purchased":[],"campfire_rested":0,"item_purchase_floors":[],"current_hp_per_floor":[81,80,86,84,70,58,33,33,33,36,34,34,24,27,27,0],"gold":279,"neow_bonus":"TEN_PERCENT_HP_BONUS","is_prod":false,"is_daily":false,"chose_seed":false,"campfire_upgraded":2,"win_rate":0,"timestamp":1554886680,"path_taken":["M","M","M","M","M","E","?","M","T","M","M","R","M","M","R","BOSS"],"build_version":"2019-01-23","purchased_purges":0,"victory":false,"max_hp_per_floor":[88,88,88,88,88,88,88,88,88,88,88,88,88,88,88,88],"card_choices":[{"not_picked":["Warcry","Perfected Strike"],"picked":"Iron Wave","floor":1},{"not_picked":["Anger","Pommel Strike"],"picked":"Body Slam","floor":2},{"not_picked":["True Grit","Thunderclap"],"picked":"Iron Wave","floor":3},{"not_picked":["Twin Strike","Inflame"],"picked":"Rampage","floor":4},{"not_picked":["Demon Form","Thunderclap"],"picked":"Disarm","floor":5},{"not_picked":["Rupture","Sever Soul"],"picked":"Cleave","floor":6},{"not_picked":["Ghostly Armor","Cleave"],"picked":"Sentinel","floor":8},{"not_picked":["Rampage","Sever Soul"],"picked":"Body Slam","floor":10},{"not_picked":["Clash","Sever Soul"],"picked":"Bloodletting","floor":11},{"not_picked":["Sword Boomerang","Double Tap"],"picked":"Shockwave","floor":13},{"not_picked":["Combust","Clothesline"],"picked":"True Grit","floor":14}],"player_experience":333949,"relics_obtained":[{"floor":6,"key":"Juzu Bracelet"}],"event_choices":[{"damage_healed":0,"gold_gain":0,"player_choice":"Success","damage_taken":25,"relics_obtained":["Pen Nib"],"max_hp_gain":0,"max_hp_loss":0,"event_name":"Scrap Ooze","floor":7,"gold_loss":0}],"is_beta":false,"boss_relics":[],"items_purged_floors":[],"is_endless":false,"potions_floor_spawned":[4,5,6,10,14],"killed_by":"Slime Boss","ascension_level":2}