{"gold_per_floor":[112,122,140,159,171,171,199,218,300,300,68,68,68,99,99,198,198,218,238,250,150,150,150,169,169,169,201,201,201,201,220,220,324,374,388,388,25,72,84,84,84,111,193,193,45,45,65,84,84,84,84,84,4,34,46],"floor_reached":56,"playtime":2651,"items_purged":["Strike_B","Parasite","Streamline"],"score":1347,"play_id":"72b85864-0cf1-4305-8278-e6cecb04e1e4","local_time":"20181124153703","is_ascension_mode":true,"campfire_choices":[{"floor":6,"key":"REST"},{"floor":10,"key":"REST"},{"floor":15,"key":"REST"},{"data":"Defragment","floor":23,"key":"SMITH"},{"floor":25,"key":"REST"},{"data":"White Noise","floor":29,"key":"SMITH"},{"data":"Barrage","floor":32,"key":"SMITH"},{"floor":40,"key":"REST"},{"floor":44,"key":"RECALL"},{"data":"Heatsinks","floor":46,"key":"SMITH"},{"floor":49,"key":"REST"},{"data":"Thunder Strike","floor":52,"key":"SMITH"}],"neow_cost":"NONE","seed_source_timestamp":587201243580346,"circlet_count":0,"master_deck":["Strike_B","Strike_B","Defend_B+1","Defend_B","Zap","Dualcast+1","White Noise+1","Ball Lightning+1","Storm","Heatsinks+1","Barrage+1","Defragment+1","Echo Form","Conserve Battery+1","Ball Lightning+1","Reinforced Body+1","Redo+1","Thunder Strike+1","Parasite","Electrodynamics"],"relics":["Inserter","Blue Candle","Mummified Hand","Strawberry","Nunchaku","Empty Cage","Bottled Lightning","Emotion Chip","Ice Cream","Tiny House","Dodecahedron","Unceasing Top","Boot","War Paint","MawBank"],"potions_floor_usage":[4,7,8,18,24,35,39,39,48,50],"damage_taken":[{"damage":1,"enemies":"Cultist","floor":1,"turns":4},{"damage":5,"enemies":"2 Louse","floor":2,"turns":2},{"damage":8,"enemies":"Jaw Worm","floor":3,"turns":5},{"damage":9,"enemies":"Blue Slaver","floor":4,"turns":4},{"damage":34,"enemies":"Lots of Slimes","floor":5,"turns":3},{"damage":29,"enemies":"Lagavulin","floor":7,"turns":6},{"damage":1,"enemies":"3 Louse","floor":8,"turns":4},{"damage":31,"enemies":"Gremlin Nob","floor":14,"turns":4},{"damage":73,"enemies":"The Guardian","floor":16,"turns":9},{"damage":28,"enemies":"3 Byrds","floor":18,"turns":3},{"damage":28,"enemies":"2 Thieves","floor":19,"turns":3},{"damage":30,"enemies":"Sentry and Sphere","floor":20,"turns":5},{"damage":33,"enemies":"Snake Plant","floor":24,"turns":3},{"damage":28,"enemies":"Gremlin Leader","floor":27,"turns":5},{"damage":0,"enemies":"Chosen and Byrds","floor":31,"turns":4},{"damage":33,"enemies":"Champ","floor":33,"turns":6},{"damage":28,"enemies":"3 Darklings","floor":35,"turns":4},{"damage":76,"enemies":"2 Orb Walkers","floor":38,"turns":4},{"damage":27,"enemies":"3 Shapes","floor":39,"turns":3},{"damage":71,"enemies":"Nemesis","floor":42,"turns":5},{"damage":10,"enemies":"Writhing Mass","floor":47,"turns":4},{"damage":1,"enemies":"Jaw Worm Horde","floor":48,"turns":2},{"damage":169,"enemies":"Awakened One","floor":50,"turns":10},{"damage":49,"enemies":"Shield and Spear","floor":54,"turns":3},{"damage":127,"enemies":"The Heart","floor":55,"turns":8}],"seed_played":"2290329312755255792","potions_obtained":[{"floor":3,"key":"EssenceOfSteel"},{"floor":5,"key":"FearPotion"},{"floor":7,"key":"SpeedPotion"},{"floor":14,"key":"Explosive Potion"},{"floor":19,"key":"Energy Potion"},{"floor":33,"key":"Strength Potion"},{"floor":34,"key":"Regen Potion"},{"floor":38,"key":"SteroidPotion"},{"floor":42,"key":"LiquidBronze"},{"floor":47,"key":"FearPotion"}],"is_trial":false,"path_per_floor":["M","M","M","M","M","R","E","M","T","R","$","?","?","E","R","B",null,"M","M","M","$","?","R","M","R","T","E","?","R","T","M","R","B",null,"M","?","$","?","M","R","?","E","T","R","$","R","M","M","R","B",null,"R","$","E","B",null],"character_chosen":"DEFECT","items_purchased":["Strawberry","Dodecahedron","War Paint","Electrodynamics"],"campfire_rested":6,"item_purchase_floors":[11,37,45,53],"current_hp_per_floor":[74,69,61,52,18,40,11,10,10,32,39,59,64,33,59,64,87,59,31,76,76,76,76,43,68,68,84,84,84,84,84,84,51,89,70,70,70,44,17,43,43,68,68,68,68,68,58,57,83,25,89,89,89,40,83],"gold":58,"neow_bonus":"BOSS_RELIC","is_prod":false,"is_daily":false,"chose_seed":false,"campfire_upgraded":5,"win_rate":0,"timestamp":1543070223,"path_taken":["M","M","M","M","M","R","E","M","T","R","$","?","?","E","R","BOSS","M","M","M","$","?","R","M","R","T","E","?","R","?","?","R","BOSS","M","?","$","?","M","R","?","E","T","R","$","R","M","M","R","BOSS","R","$","E","BOSS"],"build_version":"2018-11-15","purchased_purges":3,"victory":true,"max_hp_per_floor":[75,75,75,75,75,75,75,75,75,75,82,82,87,87,87,87,87,87,87,87,84,84,84,84,84,84,84,84,84,84,84,84,84,89,89,89,89,89,89,89,89,89,89,89,89,89,89,89,89,89,89,89,89,89,89],"card_choices":[{"not_picked":["Chill","Steam"],"picked":"Streamline","floor":1},{"not_picked":["Recycle","Hologram"],"picked":"White Noise","floor":2},{"not_picked":["Meteor Strike","Beam Cell"],"picked":"Ball Lightning","floor":3},{"not_picked":["Stack","Sweeping Beam"],"picked":"Storm","floor":4},{"not_picked":["Beam Cell","Rip and Tear"],"picked":"Heatsinks","floor":5},{"not_picked":["Leap","Recycle"],"picked":"Barrage","floor":7},{"not_picked":["Biased Cognition","Coolheaded","Rebound"],"picked":"SKIP","floor":8},{"not_picked":["FTL","Darkness"],"picked":"Defragment","floor":14},{"not_picked":["Core Surge","Buffer"],"picked":"Echo Form","floor":16},{"not_picked":["White Noise","Rebound","Beam Cell"],"picked":"SKIP","floor":18},{"not_picked":["Rip and Tear+1","Doom and Gloom+1"],"picked":"Conserve Battery+1","floor":19},{"not_picked":["Go for the Eyes+1","Barrage"],"picked":"Ball Lightning+1","floor":20},{"not_picked":["Beam Cell","Aggregate","Consume"],"picked":"SKIP","floor":24},{"not_picked":["Doom and Gloom","Steam Power"],"picked":"Reinforced Body+1","floor":27},{"not_picked":["Aggregate","Barrage","Go for the Eyes"],"picked":"SKIP","floor":31},{"not_picked":["Streamline","Go for the Eyes+1"],"picked":"Redo+1","floor":34},{"not_picked":["Rebound+1","Gash+1","Coolheaded+1"],"picked":"SKIP","floor":35},{"not_picked":["Capacitor+1","Storm"],"picked":"Thunder Strike","floor":38},{"not_picked":["FTL","Leap","Steam Power"],"picked":"SKIP","floor":39},{"not_picked":["Doom and Gloom+1","Chill","Capacitor"],"picked":"SKIP","floor":42},{"not_picked":["Steam Power+1","Go for the Eyes+1","Sweeping Beam"],"picked":"SKIP","floor":47},{"not_picked":["Redo","Turbo","Steam"],"picked":"SKIP","floor":48},{"not_picked":["Go for the Eyes+1","Rip and Tear+1","Rebound"],"picked":"SKIP","floor":54}],"player_experience":244833,"relics_obtained":[{"floor":7,"key":"Blue Candle"},{"floor":9,"key":"Mummified Hand"},{"floor":14,"key":"Nunchaku"},{"floor":26,"key":"Bottled Lightning"},{"floor":27,"key":"Emotion Chip"},{"floor":30,"key":"Ice Cream"},{"floor":38,"key":"Unceasing Top"},{"floor":42,"key":"Boot"},{"floor":54,"key":"MawBank"}],"event_choices":[{"damage_healed":20,"gold_gain":0,"player_choice":"Healed and dodged fight","damage_taken":0,"max_hp_gain":0,"max_hp_loss":0,"event_name":"Mushrooms","floor":12,"gold_loss":0,"cards_obtained":["Parasite"]},{"damage_healed":0,"gold_gain":0,"player_choice":"Donut","damage_taken":0,"max_hp_gain":5,"max_hp_loss":0,"event_name":"Big Fish","floor":13,"gold_loss":0},{"cards_removed":["Defend_B"],"damage_healed":0,"gold_gain":0,"player_choice":"Elegance","damage_taken":0,"max_hp_gain":0,"max_hp_loss":0,"event_name":"Back to Basics","floor":22,"gold_loss":0},{"damage_healed":0,"gold_gain":0,"player_choice":"Ignored","damage_taken":0,"max_hp_gain":0,"max_hp_loss":0,"event_name":"Vampires","floor":28,"gold_loss":0},{"damage_healed":0,"gold_gain":0,"player_choice":"Ignored","damage_taken":0,"max_hp_gain":0,"max_hp_loss":0,"event_name":"Tomb of Lord Red Mask","floor":36,"gold_loss":0},{"damage_healed":0,"gold_gain":0,"player_choice":"Fight","damage_taken":0,"max_hp_gain":0,"max_hp_loss":0,"event_name":"Mysterious Sphere","floor":38,"gold_loss":0},{"damage_healed":0,"gold_gain":0,"player_choice":"Ignored","damage_taken":0,"max_hp_gain":0,"max_hp_loss":0,"event_name":"The Moai Head","floor":41,"gold_loss":0}],"is_beta":false,"boss_relics":[{"not_picked":["Snecko Eye","Busted Crown"],"picked":"Empty Cage"},{"not_picked":["Calling Bell","Sozu"],"picked":"Tiny House"}],"items_purged_floors":[11,21,37],"is_endless":false,"potions_floor_spawned":[3,5,7,14,19,33,38,42,47],"ascension_level":3}