{"gold_per_floor":[112,128,203,217,236,161,161,174,174,174,174,184,184,195,195,195],"floor_reached":16,"playtime":752,"items_purged":["Strike_R"],"score":94,"play_id":"3cfa14c4-049c-4546-81bc-894e345f588d","local_time":"20181202020440","is_ascension_mode":false,"campfire_choices":[{"data":"Shrug It Off","floor":7,"key":"SMITH"},{"data":"Body Slam","floor":11,"key":"SMITH"},{"data":"Entrench","floor":13,"key":"SMITH"},{"floor":15,"key":"REST"}],"neow_cost":"NONE","seed_source_timestamp":105653272668910,"circlet_count":0,"master_deck":["Strike_R","Strike_R","Strike_R","Strike_R","Defend_R","Defend_R","Defend_R","Defend_R","Bash","Shrug It Off+1","Body Slam+1","Entrench+1"],"relics":["Burning Blood"],"potions_floor_usage":[4,8,12],"damage_taken":[{"damage":1,"enemies":"Cultist","floor":1,"turns":3},{"damage":12,"enemies":"Small Slimes","floor":2,"turns":4},{"damage":0,"enemies":"2 Louse","floor":4,"turns":2},{"damage":14,"enemies":"Large Slime","floor":5,"turns":10},{"damage":19,"enemies":"Lots of Slimes","floor":8,"turns":5},{"damage":8,"enemies":"2 Fungi Beasts","floor":12,"turns":4},{"damage":18,"enemies":"Exordium Wildlife","floor":14,"turns":7},{"damage":91,"enemies":"Hexaghost","floor":16,"turns":12}],"seed_played":"-3022546597915500676","potions_obtained":[{"floor":2,"key":"Poison Potion"},{"floor":4,"key":"LiquidBronze"},{"floor":8,"key":"GamblersBrew"}],"is_trial":false,"path_per_floor":["M","M","?","M","M","$","R","M","T","?","R","M","R","M","R","B"],"character_chosen":"IRONCLAD","items_purchased":[],"campfire_rested":1,"item_purchase_floors":[],"current_hp_per_floor":[88,82,74,80,72,72,72,59,59,88,88,86,86,74,88,0],"gold":195,"neow_bonus":"TEN_PERCENT_HP_BONUS","is_prod":false,"is_daily":false,"chose_seed":false,"campfire_upgraded":3,"win_rate":0,"timestamp":1543712680,"path_taken":["M","?","?","M","?","$","R","M","T","?","R","M","R","M","R","BOSS"],"build_version":"2018-11-15","purchased_purges":1,"victory":false,"max_hp_per_floor":[88,88,88,88,88,88,88,88,88,88,88,88,88,88,88,88],"card_choices":[{"not_picked":["Cleave","Searing Blow","Ghostly Armor"],"picked":"SKIP","floor":1},{"not_picked":["Thunderclap","True Grit","Pommel Strike"],"picked":"SKIP","floor":2},{"not_picked":["Iron Wave","Wild Strike"],"picked":"Shrug It Off","floor":4},{"not_picked":["Clash","Infernal Blade","Havoc"],"picked":"SKIP","floor":5},{"not_picked":["Reckless Charge","Heavy Blade"],"picked":"Body Slam","floor":8},{"not_picked":["True Grit","Fire Breathing"],"picked":"Entrench","floor":12},{"not_picked":["Limit Break","Dual Wield","Clothesline"],"picked":"SKIP","floor":14}],"player_experience":313473,"relics_obtained":[],"event_choices":[{"damage_healed":0,"gold_gain":75,"player_choice":"Touch","damage_taken":8,"max_hp_gain":0,"max_hp_loss":0,"event_name":"FaceTrader","floor":3,"gold_loss":0},{"damage_healed":29,"gold_gain":0,"player_choice":"Banana","damage_taken":0,"max_hp_gain":0,"max_hp_loss":0,"event_name":"Big Fish","floor":10,"gold_loss":0}],"is_beta":false,"boss_relics":[],"items_purged_floors":[6],"is_endless":false,"potions_floor_spawned":[2,4,8],"killed_by":"Hexaghost","ascension_level":0}