{"gold_per_floor":[118,193,208,41,41,69,69,79,131,131,190,78,78],"floor_reached":13,"playtime":365,"items_purged":["Strike_B"],"score":182,"play_id":"96f2c0fe-7fb9-4c75-b113-9d893f5af7a8","local_time":"20190501175953","is_ascension_mode":true,"campfire_choices":[{"floor":7,"key":"REST"},{"data":"Defragment","floor":10,"key":"SMITH"}],"neow_cost":"NONE","seed_source_timestamp":3355786699000608,"circlet_count":0,"master_deck":["AscendersBane","Strike_B","Strike_B","Strike_B","Defend_B","Defend_B","Defend_B","Defend_B","Zap","Dualcast","Static Discharge","Ball Lightning","BootSequence","Storm","Zap","Echo Form","Leap","Tempest","Defragment+1","Capacitor"],"relics":["Cracked Core","Dream Catcher","Art of War","Tiny Chest"],"potions_floor_usage":[6,13,13],"damage_taken":[{"damage":0,"enemies":"2 Louse","floor":1,"turns":3},{"damage":1,"enemies":"Cultist","floor":3,"turns":3},{"damage":24,"enemies":"Lagavulin","floor":6,"turns":6},{"damage":2,"enemies":"Jaw Worm","floor":8,"turns":5},{"damage":27,"enemies":"Gremlin Nob","floor":11,"turns":4},{"damage":26,"enemies":"3 Sentries","floor":13,"turns":4}],"seed_played":"-1309245952704325590","potions_obtained":[{"floor":0,"key":"FocusPotion"},{"floor":0,"key":"Swift Potion"},{"floor":8,"key":"SteroidPotion"}],"is_trial":false,"path_per_floor":["M","?","M","$","?","E","R","M","T","R","E","$","E"],"character_chosen":"DEFECT","items_purchased":["BootSequence","Storm","Capacitor"],"campfire_rested":1,"item_purchase_floors":[4,4,12],"current_hp_per_floor":[64,53,52,52,52,28,49,47,47,47,20,20,0],"gold":78,"neow_bonus":"THREE_SMALL_POTIONS","is_prod":false,"is_daily":false,"chose_seed":false,"campfire_upgraded":1,"win_rate":0,"timestamp":1556729993,"path_taken":["M","?","M","$","?","E","R","?","T","R","E","$","E"],"build_version":"2019-01-23","purchased_purges":1,"victory":false,"max_hp_per_floor":[71,71,71,71,71,71,71,71,71,71,71,71,71],"card_choices":[{"not_picked":["Streamline","Steam"],"picked":"Static Discharge","floor":1},{"not_picked":["Beam Cell","Aggregate"],"picked":"Ball Lightning","floor":3},{"not_picked":["Beam Cell","Amplify"],"picked":"Leap","floor":6},{"not_picked":["Fusion","Barrage"],"picked":"Tempest","floor":7},{"not_picked":["Compile Driver","Turbo"],"picked":"Defragment","floor":8},{"not_picked":["Barrage","Scrape","Gash"],"picked":"SKIP","floor":11}],"player_experience":281269,"relics_obtained":[{"floor":6,"key":"Dream Catcher"},{"floor":9,"key":"Art of War"},{"floor":11,"key":"Tiny Chest"}],"event_choices":[{"damage_healed":0,"gold_gain":75,"player_choice":"Gather Gold","damage_taken":11,"max_hp_gain":0,"max_hp_loss":0,"event_name":"World of Goop","floor":2,"gold_loss":0},{"damage_healed":0,"gold_gain":0,"player_choice":"2 cards matched","damage_taken":0,"max_hp_gain":0,"max_hp_loss":0,"event_name":"Match and Keep!","floor":5,"gold_loss":0,"cards_obtained":["Zap","Echo Form"]}],"is_beta":false,"boss_relics":[],"items_purged_floors":[12],"is_endless":false,"potions_floor_spawned":[1,3,8],"killed_by":"3 Sentries","ascension_level":20}