{"gold_per_floor":[14,31,45,45,56,86,86,101,171,111,143,143,163,179,179,251,251,263,274,214,231,241,241,241,259,284,311,334,346,358,370,382,471,483,515,539,551,54,54,86,186,200,247,258,275,306,318,344,344,344,344,344,56,86,86],"floor_reached":55,"playtime":4830,"items_purged":["Strike_G","Strike_G"],"score":1415,"play_id":"6802101c-b5e9-41de-b3d5-f3784cc4a423","local_time":"20190428151923","is_ascension_mode":true,"campfire_choices":[{"floor":7,"key":"REST"},{"floor":12,"key":"REST"},{"floor":15,"key":"REST"},{"data":"Envenom","floor":23,"key":"SMITH"},{"floor":29,"key":"REST"},{"data":"Ghostly","floor":32,"key":"SMITH"},{"floor":49,"key":"RECALL"},{"floor":52,"key":"REST"}],"neow_cost":"NO_GOLD","seed_source_timestamp":1306378201149550,"circlet_count":0,"master_deck":["AscendersBane","Defend_G","Defend_G+1","Defend_G","Defend_G","Defend_G","Survivor","Neutralize","Leg Sweep","Backstab+1","Quick Slash+1","Malaise","Finisher","Envenom+1","Infinite Blades","Outmaneuver+1","Well Laid Plans","PiercingWail","Finisher","Ghostly+1","Ghostly","Ghostly","Ghostly","Ghostly","Tools of the Trade","Infinite Blades+1","Deadly Poison+1","Doppelganger+1","Blade Dance","Accuracy","Well Laid Plans","Madness","Madness+1","Dramatic Entrance","Seeing Red","Blade Dance+1","Ghostly+1","Creative AI"],"relics":["Ring of the Snake","Dead Branch","Ninja Scroll","The Courier","FossilizedHelix","Sozu","Dream Catcher","MawBank","Happy Flower","Astrolabe","PrismaticShard","Singing Bowl","War Paint","Bird Faced Urn","Letter Opener","Centennial Puzzle","Bronze Scales","DollysMirror","Whetstone"],"potions_floor_usage":[11,16],"damage_taken":[{"damage":1,"enemies":"Small Slimes","floor":1,"turns":5},{"damage":3,"enemies":"Jaw Worm","floor":2,"turns":6},{"damage":1,"enemies":"2 Louse","floor":3,"turns":4},{"damage":0,"enemies":"Exordium Thugs","floor":5,"turns":5},{"damage":42,"enemies":"Gremlin Nob","floor":6,"turns":6},{"damage":0,"enemies":"Blue Slaver","floor":8,"turns":1},{"damage":15,"enemies":"Lagavulin","floor":11,"turns":8},{"damage":0,"enemies":"2 Fungi Beasts","floor":13,"turns":5},{"damage":0,"enemies":"Looter","floor":14,"turns":1},{"damage":34,"enemies":"Slime Boss","floor":16,"turns":12},{"damage":14,"enemies":"3 Byrds","floor":18,"turns":4},{"damage":6,"enemies":"Chosen","floor":19,"turns":3},{"damage":6,"enemies":"Snake Plant","floor":21,"turns":6},{"damage":0,"enemies":"Centurion and Healer","floor":22,"turns":8},{"damage":0,"enemies":"Cultist and Chosen","floor":25,"turns":5},{"damage":8,"enemies":"Gremlin Leader","floor":27,"turns":6},{"damage":0,"enemies":"Snecko","floor":28,"turns":5},{"damage":3,"enemies":"Automaton","floor":33,"turns":13},{"damage":0,"enemies":"Orb Walker","floor":35,"turns":2},{"damage":0,"enemies":"3 Shapes","floor":36,"turns":4},{"damage":3,"enemies":"Nemesis","floor":40,"turns":8},{"damage":0,"enemies":"Mind Bloom Boss Battle","floor":41,"turns":8},{"damage":0,"enemies":"Writhing Mass","floor":42,"turns":7},{"damage":2,"enemies":"4 Shapes","floor":44,"turns":5},{"damage":0,"enemies":"Sphere and 2 Shapes","floor":45,"turns":2},{"damage":0,"enemies":"Reptomancer","floor":46,"turns":7},{"damage":0,"enemies":"3 Darklings","floor":47,"turns":5},{"damage":27,"enemies":"Awakened One","floor":50,"turns":11},{"damage":29,"enemies":"Shield and Spear","floor":54,"turns":7},{"damage":65,"enemies":"The Heart","floor":55,"turns":15}],"seed_played":"3827295536090992020","potions_obtained":[{"floor":1,"key":"Fire Potion"},{"floor":6,"key":"FairyPotion"},{"floor":8,"key":"GhostInAJar"},{"floor":13,"key":"Weak Potion"}],"is_trial":false,"path_per_floor":["M","M","M","$","M","E","R","M","T","$","E","R","M","M","R","B",null,"M","M","$","M","M","R","?","M","T","E","M","R","?","?","R","B",null,"M","M","?","$","?","E","?","M","T","M","M","E","M","T","R","B",null,"R","$","E","B"],"character_chosen":"THE_SILENT","items_purchased":["Well Laid Plans","PrismaticShard","Well Laid Plans","Singing Bowl","Bronze Scales","DollysMirror"],"campfire_rested":5,"item_purchase_floors":[20,38,38,38,53,53],"current_hp_per_floor":[58,55,54,54,54,12,31,31,31,31,16,35,35,35,54,20,55,41,35,35,29,29,29,51,51,51,43,43,62,33,33,33,30,32,32,32,32,32,28,27,27,35,35,37,39,39,41,41,41,26,37,43,43,30,0],"gold":86,"neow_bonus":"ONE_RARE_RELIC","is_prod":false,"is_daily":false,"chose_seed":false,"campfire_upgraded":2,"win_rate":0,"timestamp":1556489963,"path_taken":["M","M","M","$","M","E","R","M","T","$","E","R","M","M","R","BOSS","M","M","$","M","M","R","?","M","T","E","M","R","?","?","R","BOSS","M","M","?","$","?","E","?","M","T","M","M","E","M","?","R","BOSS","R","$","E","BOSS"],"build_version":"2019-01-23","purchased_purges":2,"victory":false,"max_hp_per_floor":[66,66,66,66,66,66,66,66,66,66,66,66,66,66,66,66,66,66,66,66,66,66,66,66,66,66,66,66,66,33,33,33,33,33,33,33,33,33,33,35,35,35,35,37,39,39,41,41,41,41,41,43,43,43,43],"card_choices":[{"not_picked":["Noxious Fumes","Terror"],"picked":"Leg Sweep","floor":1},{"not_picked":["Riddle With Holes","Bouncing Flask","Noxious Fumes"],"picked":"SKIP","floor":2},{"not_picked":["Poisoned Stab","Dagger Spray"],"picked":"Backstab","floor":3},{"not_picked":["Leg Sweep","Concentrate"],"picked":"Quick Slash","floor":5},{"not_picked":["Quick Slash","Choke","Heel Hook"],"picked":"SKIP","floor":6},{"not_picked":["Poisoned Stab","Outmaneuver","Deadly Poison"],"picked":"SKIP","floor":8},{"not_picked":["PiercingWail","Blade Dance"],"picked":"Malaise","floor":11},{"not_picked":["Underhanded Strike","Prepared","Blur"],"picked":"SKIP","floor":13},{"not_picked":["Blade Dance","Dagger Spray"],"picked":"Finisher","floor":14},{"not_picked":["Wraith Form v2","Glass Knife"],"picked":"Envenom","floor":16},{"not_picked":["Leg Sweep","Dagger Spray+1"],"picked":"Infinite Blades","floor":18},{"not_picked":["Dagger Spray","Deadly Poison"],"picked":"Outmaneuver+1","floor":19},{"not_picked":["Dagger Throw","Bane","Setup"],"picked":"SKIP","floor":21},{"not_picked":["Slice","Choke","Grand Finale"],"picked":"SKIP","floor":22},{"not_picked":["Skewer+1","Caltrops","Acrobatics"],"picked":"SKIP","floor":25},{"not_picked":["All Out Attack","Deadly Poison+1"],"picked":"PiercingWail","floor":27},{"not_picked":["Poisoned Stab+1","Sucker Punch","Setup"],"picked":"SKIP","floor":28},{"not_picked":["Poisoned Stab+1","Sucker Punch","Setup"],"picked":"SKIP","floor":28},{"not_picked":["Dagger Throw","Choke"],"picked":"Finisher","floor":29},{"not_picked":["Venomology","Phantasmal Killer"],"picked":"Tools of the Trade","floor":33},{"not_picked":["Escape Plan","Leg Sweep"],"picked":"Blade Dance","floor":35},{"not_picked":["Dagger Spray","Bane"],"picked":"Accuracy","floor":36},{"not_picked":["Shrug It Off","True Grit","Dash"],"picked":"Singing Bowl","floor":40},{"not_picked":["Thunderclap","Leap"],"picked":"Dramatic Entrance","floor":41},{"not_picked":["Tempest","Headbutt"],"picked":"Seeing Red","floor":42},{"not_picked":["Impatience","Skewer+1","Reprogram"],"picked":"Singing Bowl","floor":44},{"not_picked":["Ghostly Armor","Cleave","Venomology"],"picked":"Singing Bowl","floor":45},{"not_picked":["Double Energy+1","Recycle+1"],"picked":"Blade Dance+1","floor":46},{"not_picked":["PiercingWail","Streamline","Battle Trance"],"picked":"Singing Bowl","floor":47},{"not_picked":["Go for the Eyes","PanicButton+1","Warcry"],"picked":"Singing Bowl","floor":52},{"not_picked":["Finesse+1","Heavy Blade+1"],"picked":"Creative AI","floor":54}],"player_experience":348861,"relics_obtained":[{"floor":6,"key":"Ninja Scroll"},{"floor":9,"key":"The Courier"},{"floor":11,"key":"FossilizedHelix"},{"floor":26,"key":"Dream Catcher"},{"floor":27,"key":"MawBank"},{"floor":40,"key":"War Paint"},{"floor":41,"key":"Bird Faced Urn"},{"floor":46,"key":"Letter Opener"},{"floor":48,"key":"Centennial Puzzle"},{"floor":54,"key":"Whetstone"}],"event_choices":[{"damage_healed":22,"gold_gain":0,"player_choice":"Heal","damage_taken":0,"max_hp_gain":0,"max_hp_loss":0,"event_name":"The Library","floor":24,"gold_loss":0},{"damage_healed":0,"gold_gain":0,"player_choice":"Became a Ghost","damage_taken":0,"max_hp_gain":0,"max_hp_loss":33,"event_name":"Ghosts","floor":30,"gold_loss":0,"cards_obtained":["Ghostly","Ghostly","Ghostly","Ghostly","Ghostly"]},{"damage_healed":0,"gold_gain":0,"player_choice":"Gave Potion","damage_taken":0,"relics_obtained":["Happy Flower"],"max_hp_gain":0,"max_hp_loss":0,"event_name":"WeMeetAgain","floor":31,"gold_loss":0},{"damage_healed":0,"gold_gain":0,"player_choice":"Ignored","damage_taken":0,"max_hp_gain":0,"max_hp_loss":0,"event_name":"Tomb of Lord Red Mask","floor":37,"gold_loss":0},{"damage_healed":0,"gold_gain":0,"player_choice":"Embrace Madness","damage_taken":4,"max_hp_gain":0,"max_hp_loss":0,"event_name":"Winding Halls","floor":39,"gold_loss":0,"cards_obtained":["Madness","Madness"]},{"damage_healed":0,"gold_gain":0,"player_choice":"Fight","damage_taken":0,"max_hp_gain":0,"max_hp_loss":0,"event_name":"MindBloom","floor":41,"gold_loss":0}],"is_beta":false,"boss_relics":[{"not_picked":["Calling Bell","Snecko Eye"],"picked":"Sozu"},{"not_picked":["Runic Pyramid","Cursed Key"],"picked":"Astrolabe"}],"items_purged_floors":[10,38],"is_endless":false,"potions_floor_spawned":[1,6,8,13,18,21,22,28,33,36,40,41,45,46],"killed_by":"The Heart","ascension_level":14}