{"gold_per_floor":[111,111,36,36,52,52,52,72,72,128,128,141,153,169,169,265,265,275,275,33,43,59,59,73,73,97,112,10,10,27,27,27,27],"floor_reached":33,"playtime":962,"items_purged":["Strike_B","Force Field","Strike_B"],"score":239,"play_id":"b83efe01-20ee-4690-bb36-fb11594c019c","local_time":"20181104231532","is_ascension_mode":false,"campfire_choices":[{"data":"Zap","floor":6,"key":"SMITH"},{"data":"Tempest","floor":11,"key":"SMITH"},{"floor":15,"key":"REST"},{"floor":23,"key":"REST"},{"floor":25,"key":"REST"},{"floor":32,"key":"REST"}],"neow_cost":"NONE","seed_source_timestamp":95410490119375,"circlet_count":0,"master_deck":["Strike_B","Defend_B","Defend_B","Defend_B","Defend_B","Zap+1","Dualcast","Beam Cell","Streamline+1","Tempest+1","Rebound+1","Redo","Go for the Eyes+1","Doom and Gloom+1","Electrodynamics","Fusion+1","Sunder+1","Stack"],"relics":["Cracked Core","Molten Egg 2","Question Card","Meat on the Bone","Smiling Mask","White Beast Statue","Omamori","Potion Belt","Nloth\u0027s Gift"],"potions_floor_usage":[10,10,16,18,21,22,22,24,27,30,30,33],"damage_taken":[{"damage":0,"enemies":"Small Slimes","floor":1,"turns":1},{"damage":0,"enemies":"Jaw Worm","floor":5,"turns":1},{"damage":0,"enemies":"Cultist","floor":8,"turns":1},{"damage":18,"enemies":"3 Sentries","floor":10,"turns":6},{"damage":12,"enemies":"Blue Slaver","floor":12,"turns":2},{"damage":14,"enemies":"Exordium Thugs","floor":13,"turns":3},{"damage":0,"enemies":"2 Fungi Beasts","floor":14,"turns":2},{"damage":36,"enemies":"Hexaghost","floor":16,"turns":7},{"damage":10,"enemies":"Spheric Guardian","floor":18,"turns":3},{"damage":20,"enemies":"2 Thieves","floor":21,"turns":2},{"damage":25,"enemies":"Snake Plant","floor":22,"turns":3},{"damage":24,"enemies":"3 Cultists","floor":24,"turns":4},{"damage":24,"enemies":"Centurion and Healer","floor":27,"turns":4},{"damage":5,"enemies":"Chosen and Byrds","floor":30,"turns":4},{"damage":85,"enemies":"Champ","floor":33,"turns":7}],"seed_played":"8512496280848552571","potions_obtained":[{"floor":5,"key":"SpeedPotion"},{"floor":8,"key":"SteroidPotion"},{"floor":14,"key":"FearPotion"},{"floor":16,"key":"EssenceOfSteel"},{"floor":18,"key":"SkillPotion"},{"floor":21,"key":"LiquidBronze"},{"floor":22,"key":"EssenceOfSteel"},{"floor":24,"key":"Strength Potion"},{"floor":27,"key":"SpeedPotion"},{"floor":30,"key":"AttackPotion"}],"is_trial":false,"path_per_floor":["M","?","$","?","M","R","T","M","T","?","R","M","M","M","R","B",null,"M","?","$","M","M","R","M","R","T","M","$","?","M","$","R","B"],"character_chosen":"DEFECT","items_purchased":["Omamori","Fire Potion","FearPotion"],"campfire_rested":4,"item_purchase_floors":[20,20,28],"current_hp_per_floor":[75,75,75,68,68,68,68,68,68,50,50,38,36,48,70,46,75,65,65,65,45,32,54,42,64,64,40,40,40,47,47,69,0],"gold":27,"neow_bonus":"THREE_ENEMY_KILL","is_prod":false,"is_daily":false,"chose_seed":false,"campfire_upgraded":2,"win_rate":0,"timestamp":1541402132,"path_taken":["M","?","$","?","M","R","?","M","T","?","R","?","?","M","R","BOSS","M","?","?","M","M","R","M","R","T","M","$","?","M","$","R","BOSS"],"build_version":"2018-11-01","purchased_purges":3,"victory":false,"max_hp_per_floor":[75,75,75,75,75,75,75,75,75,75,75,75,75,75,75,75,75,75,75,75,75,75,75,75,75,75,75,75,75,75,75,75,75],"card_choices":[{"not_picked":["Cold Snap","Steam Power"],"picked":"Beam Cell","floor":1},{"not_picked":["Coolheaded","Gash+1"],"picked":"Streamline+1","floor":5},{"not_picked":["Self Repair","Steam","Leap"],"picked":"Tempest","floor":8},{"not_picked":["Streamline+1","Gash+1","Go for the Eyes+1"],"picked":"Rebound+1","floor":10},{"not_picked":["Steam","Go for the Eyes+1","Rip and Tear+1"],"picked":"Redo","floor":12},{"not_picked":["Steam","Storm","Sweeping Beam+1"],"picked":"Go for the Eyes+1","floor":13},{"not_picked":["Echo Form","Glacier","Streamline+1"],"picked":"Doom and Gloom+1","floor":14},{"not_picked":["Biased Cognition","Fission","Meteor Strike+1"],"picked":"Electrodynamics","floor":16},{"not_picked":["Scrape+1","Cold Snap+1","Streamline+1"],"picked":"Fusion+1","floor":18},{"not_picked":["Gash+1","Blizzard+1","Genetic Algorithm+1"],"picked":"Sunder+1","floor":21},{"not_picked":["Redo","Barrage+1","Loop+1","Hologram+1"],"picked":"SKIP","floor":22},{"not_picked":["Hello World","Melter+1","Lockon+1"],"picked":"Stack","floor":24},{"not_picked":["Steam","Rebound+1","Lockon+1","Auto Shields+1"],"picked":"SKIP","floor":27},{"not_picked":["Redo","Go for the Eyes+1","Turbo","Hologram"],"picked":"SKIP","floor":30}],"player_experience":84218,"relics_obtained":[{"floor":7,"key":"Question Card"},{"floor":9,"key":"Meat on the Bone"},{"floor":10,"key":"Smiling Mask"},{"floor":26,"key":"Potion Belt"}],"event_choices":[{"damage_healed":0,"gold_gain":0,"player_choice":"Ignored","damage_taken":0,"max_hp_gain":0,"max_hp_loss":0,"event_name":"Liars Game","floor":2,"gold_loss":0},{"damage_healed":0,"gold_gain":0,"player_choice":"Success","damage_taken":7,"relics_obtained":["Molten Egg 2"],"max_hp_gain":0,"max_hp_loss":0,"event_name":"Scrap Ooze","floor":4,"gold_loss":0},{"damage_healed":0,"gold_gain":0,"player_choice":"Searched \u00271\u0027 times","damage_taken":0,"max_hp_gain":0,"max_hp_loss":0,"event_name":"Dead Adventurer","floor":10,"gold_loss":0},{"damage_healed":0,"gold_gain":0,"cards_transformed":["Strike_B"],"player_choice":"Transformed","damage_taken":0,"max_hp_gain":0,"max_hp_loss":0,"event_name":"Transmorgrifier","floor":19,"gold_loss":0,"cards_obtained":["Force Field"]},{"damage_healed":0,"gold_gain":0,"player_choice":"Traded Relic","damage_taken":0,"relics_obtained":["Nloth\u0027s Gift"],"max_hp_gain":0,"max_hp_loss":0,"event_name":"N\u0027loth","floor":29,"relics_lost":["NeowsBlessing"],"gold_loss":0}],"is_beta":false,"boss_relics":[{"not_picked":["Cursed Key","Runic Pyramid"],"picked":"White Beast Statue"}],"items_purged_floors":[3,20,28],"is_endless":false,"potions_floor_spawned":[5,8,14,16,18,21,22,24,27,30],"killed_by":"Champ","ascension_level":0}