{"gold_per_floor":[113,131,150,150,169,196,196,532,532,532,96,96,135,153,153,284,284,303,326,326],"floor_reached":20,"playtime":651,"items_purged":["Strike_R"],"score":243,"play_id":"acde4d13-0d83-401c-be63-7641bfab1143","local_time":"20190326205939","is_ascension_mode":true,"campfire_choices":[{"data":"Rampage","floor":10.0,"key":"SMITH"},{"floor":15.0,"key":"REST"}],"neow_cost":"NONE","seed_source_timestamp":0,"circlet_count":0,"master_deck":["Strike_R","Strike_R","Strike_R","Defend_R","Defend_R","Defend_R","Defend_R","Bash","Armaments+1","Cleave","Headbutt","Iron Wave","Rampage+1","Spot Weakness+1","Reckless Charge","Burning Pact+1","Warcry+1","Demon Form","Clumsy","Armaments+1","Flex+1"],"special_seed":0,"relics":["Burning Blood","Omamori","Golden Idol","Old Coin","Letter Opener","Toxic Egg 2","Darkstone Periapt","Calling Bell","Smiling Mask","Matryoshka","WingedGreaves"],"potions_floor_usage":[16],"damage_taken":[{"damage":7.0,"enemies":"2 Louse","floor":1.0,"turns":3.0},{"damage":7.0,"enemies":"Jaw Worm","floor":2.0,"turns":3.0},{"damage":1.0,"enemies":"Cultist","floor":3.0,"turns":3.0},{"damage":11.0,"enemies":"Blue Slaver","floor":5.0,"turns":3.0},{"damage":27.0,"enemies":"Gremlin Nob","floor":6.0,"turns":4.0},{"damage":25.0,"enemies":"3 Sentries","floor":8.0,"turns":9.0},{"damage":16.0,"enemies":"Gremlin Nob","floor":13.0,"turns":4.0},{"damage":0.0,"enemies":"3 Louse","floor":14.0,"turns":1.0},{"damage":7,"enemies":"Slime Boss","floor":16,"turns":5},{"damage":45,"enemies":"Shell Parasite","floor":18,"turns":6},{"damage":33,"enemies":"Spheric Guardian","floor":19,"turns":4},{"damage":22,"enemies":"Snake Plant","floor":20,"turns":2}],"seed_played":"493318543022941401","potions_obtained":[{"floor":1.0,"key":"SkillPotion"},{"floor":5.0,"key":"LiquidBronze"},{"floor":16,"key":"Strength Potion"}],"is_trial":false,"path_per_floor":["M","M","M","?","M","E","?","E","T","R","$","?","E","M","R","B",null,"M","M","M"],"character_chosen":"IRONCLAD","items_purchased":["Toxic Egg 2","Spot Weakness+1","Strength Potion"],"campfire_rested":1,"item_purchase_floors":[11,11,11],"current_hp_per_floor":[87,86,88,88,83,62,40,21,21,21,21,21,11,17,43,42,83,44,17,0],"gold":326,"neow_bonus":"TEN_PERCENT_HP_BONUS","is_prod":false,"is_daily":false,"chose_seed":false,"campfire_upgraded":1,"win_rate":0,"timestamp":1553659179,"path_taken":["M","M","M","?","M","E","?","E","T","R","$","?","E","M","R","BOSS","M","M","M"],"build_version":"2019-01-23","purchased_purges":1,"victory":false,"max_hp_per_floor":[88,88,88,88,88,88,88,88,88,88,88,88,88,88,88,88,94,94,94,94],"card_choices":[{"not_picked":["Bloodletting","Body Slam"],"picked":"Armaments","floor":1.0},{"not_picked":["Wild Strike","Rage"],"picked":"Cleave","floor":2.0},{"not_picked":["Blood for Blood","Havoc"],"picked":"Headbutt","floor":3.0},{"not_picked":["Havoc","Heavy Blade","Infernal Blade"],"picked":"SKIP","floor":5.0},{"not_picked":["Wild Strike","Combust"],"picked":"Iron Wave","floor":6.0},{"not_picked":["Entrench","Dark Embrace"],"picked":"Rampage","floor":8.0},{"not_picked":["Twin Strike","Body Slam"],"picked":"Burning Pact+1","floor":13.0},{"not_picked":["Fire Breathing","Cleave"],"picked":"Warcry+1","floor":14.0},{"not_picked":["Double Tap+1","Offering+1"],"picked":"Demon Form","floor":16},{"not_picked":["Hemokinesis","Thunderclap+1"],"picked":"Armaments+1","floor":18},{"not_picked":["Pommel Strike","Rupture"],"picked":"Flex+1","floor":19}],"player_experience":79247,"relics_obtained":[{"floor":6.0,"key":"Omamori"},{"floor":8.0,"key":"Old Coin"},{"floor":9.0,"key":"Letter Opener"},{"floor":13.0,"key":"Darkstone Periapt"},{"floor":17,"key":"Smiling Mask"},{"floor":17,"key":"Matryoshka"},{"floor":17,"key":"WingedGreaves"}],"event_choices":[{"damage_healed":0.0,"max_hp_gain":0.0,"max_hp_loss":0.0,"gold_gain":0.0,"event_name":"Living Wall","player_choice":"Grow","floor":4.0,"gold_loss":0.0,"damage_taken":0.0,"cards_upgraded":["Armaments"]},{"damage_healed":0.0,"max_hp_gain":0.0,"max_hp_loss":0.0,"gold_gain":0.0,"event_name":"Golden Idol","player_choice":"Take Damage","floor":7.0,"gold_loss":0.0,"damage_taken":22.0,"relics_obtained":["Golden Idol"]},{"damage_healed":0.0,"max_hp_gain":0.0,"max_hp_loss":0.0,"gold_gain":0.0,"cards_transformed":["Strike_R"],"event_name":"Transmorgrifier","player_choice":"Transformed","floor":12.0,"gold_loss":0.0,"damage_taken":0.0,"cards_obtained":["Reckless Charge"]}],"is_beta":false,"boss_relics":[{"not_picked":["Runic Pyramid","Fusion Hammer"],"picked":"Calling Bell"}],"items_purged_floors":[11],"is_endless":false,"potions_floor_spawned":[1,5,16],"killed_by":"Snake Plant","ascension_level":5}