{"gold_per_floor":[111,111,111,121,396,396,428,428,428,459,459,67,81,99,99,99],"floor_reached":16,"playtime":445,"items_purged":["Regret"],"score":239,"play_id":"08e4fca6-52ee-463d-8656-9e6436bfa2fe","local_time":"20190506132727","is_ascension_mode":true,"campfire_choices":[{"data":"Bash","floor":6,"key":"SMITH"},{"data":"Ghostly Armor","floor":8,"key":"SMITH"},{"data":"1","floor":11,"key":"LIFT"},{"data":"2","floor":15,"key":"LIFT"}],"neow_cost":"NONE","seed_source_timestamp":567193928227600,"circlet_count":0,"master_deck":["AscendersBane","Strike_R","Strike_R","Strike_R","Strike_R","Strike_R","Defend_R","Defend_R","Defend_R","Defend_R","Bash+1","Heavy Blade","Reaper","Ghostly Armor+1","Pummel"],"relics":["Burning Blood","NeowsBlessing","Smiling Mask","Shuriken","Girya","Membership Card","Blood Vial"],"potions_floor_usage":[16,16],"damage_taken":[{"damage":0,"enemies":"Jaw Worm","floor":1,"turns":1},{"damage":0,"enemies":"Cultist","floor":4,"turns":1},{"damage":2,"enemies":"3 Sentries","floor":7,"turns":2},{"damage":66,"enemies":"Gremlin Nob","floor":10,"turns":6},{"damage":1,"enemies":"Small Slimes","floor":13,"turns":4},{"damage":8,"enemies":"Red Slaver","floor":14,"turns":4},{"damage":56,"enemies":"Hexaghost","floor":16,"turns":10}],"seed_played":"5255539494746871858","potions_obtained":[{"floor":10,"key":"BloodPotion"}],"is_trial":false,"path_per_floor":["M","$","?","M","?","R","E","R","T","E","R","$","M","M","R","B"],"character_chosen":"IRONCLAD","items_purchased":["Membership Card","Blood Vial","Strength Potion"],"campfire_rested":0,"item_purchase_floors":[12,12,12],"current_hp_per_floor":[74,74,74,75,75,75,75,75,75,21,21,21,33,33,33,0],"gold":99,"neow_bonus":"THREE_ENEMY_KILL","is_prod":false,"is_daily":false,"chose_seed":false,"campfire_upgraded":2,"win_rate":0,"timestamp":1557142047,"path_taken":["M","$","?","?","?","R","E","R","T","E","R","$","M","?","R","BOSS"],"build_version":"2019-01-23","purchased_purges":1,"victory":false,"max_hp_per_floor":[75,75,75,75,75,75,75,75,75,75,75,75,75,75,75,75],"card_choices":[{"not_picked":["Perfected Strike","Body Slam"],"picked":"Pommel Strike","floor":1},{"not_picked":["Anger","Warcry"],"picked":"Reaper","floor":4},{"not_picked":["Dual Wield","Seeing Red"],"picked":"Ghostly Armor","floor":7},{"not_picked":["Clothesline","Wild Strike","Feel No Pain"],"picked":"SKIP","floor":10},{"not_picked":["Sever Soul","Sword Boomerang","Havoc"],"picked":"SKIP","floor":13},{"not_picked":["Pommel Strike","Headbutt"],"picked":"Pummel","floor":14}],"player_experience":1144268,"relics_obtained":[{"floor":7,"key":"Smiling Mask"},{"floor":9,"key":"Shuriken"},{"floor":10,"key":"Girya"}],"event_choices":[{"damage_healed":0,"gold_gain":0,"cards_transformed":["Pommel Strike"],"player_choice":"Transformed","damage_taken":0,"max_hp_gain":0,"max_hp_loss":0,"event_name":"Transmorgrifier","floor":3,"gold_loss":0,"cards_obtained":["Heavy Blade"]},{"damage_healed":0,"gold_gain":275,"player_choice":"Desecrate","damage_taken":0,"max_hp_gain":0,"max_hp_loss":0,"event_name":"Golden Shrine","floor":5,"gold_loss":0,"cards_obtained":["Regret"]}],"is_beta":false,"boss_relics":[],"items_purged_floors":[12],"is_endless":false,"potions_floor_spawned":[10,13,14],"killed_by":"Hexaghost","ascension_level":16}