{"gold_per_floor":[116,136,136,149,164,197,197,225,248,248,348,348,348],"floor_reached":13,"playtime":439,"items_purged":[],"score":149,"play_id":"979b16eb-dde3-42eb-8e33-c17edf3cddf8","local_time":"20190421174404","is_ascension_mode":true,"campfire_choices":[{"data":"Bash","floor":7.0,"key":"SMITH"},{"data":"Limit Break","floor":10,"key":"SMITH"},{"data":"Clothesline","floor":12,"key":"SMITH"}],"neow_cost":"NONE","seed_source_timestamp":0,"circlet_count":0,"master_deck":["AscendersBane","Strike_R","Strike_R","Strike_R","Strike_R","Strike_R","Defend_R","Defend_R","Defend_R","Defend_R","Bash+1","Clothesline+1","Spot Weakness","Pain","Carnage","Metallicize","Spot Weakness","Limit Break+1"],"special_seed":0,"relics":["Burning Blood","WarpedTongs","Bag of Marbles","Omamori","Anchor"],"potions_floor_usage":[8,11],"damage_taken":[{"damage":1.0,"enemies":"2 Louse","floor":1.0,"turns":4.0},{"damage":6.0,"enemies":"Cultist","floor":2.0,"turns":4.0},{"damage":6.0,"enemies":"Small Slimes","floor":4.0,"turns":3.0},{"damage":7.0,"enemies":"Looter","floor":5.0,"turns":3.0},{"damage":22.0,"enemies":"Gremlin Nob","floor":6.0,"turns":4.0},{"damage":28,"enemies":"3 Sentries","floor":8,"turns":8},{"damage":44,"enemies":"Gremlin Nob","floor":13,"turns":4}],"seed_played":"-558426643019726773","potions_obtained":[{"floor":0.0,"key":"FearPotion"},{"floor":0.0,"key":"Energy Potion"},{"floor":2.0,"key":"SteroidPotion"},{"floor":6.0,"key":"PowerPotion"},{"floor":8,"key":"Fruit Juice"}],"is_trial":false,"path_per_floor":["M","M","?","M","M","E","R","E","T","R","?","R","E"],"character_chosen":"IRONCLAD","items_purchased":[],"campfire_rested":0,"item_purchase_floors":[],"current_hp_per_floor":[77,77,77,77,76,60,60,38,38,38,43,43,0],"gold":348,"neow_bonus":"THREE_SMALL_POTIONS","is_prod":false,"is_daily":false,"chose_seed":false,"campfire_upgraded":3,"win_rate":0,"timestamp":1555893844,"path_taken":["M","M","?","?","M","E","R","E","T","R","?","R","E"],"build_version":"2019-01-23","purchased_purges":0,"victory":false,"max_hp_per_floor":[80,80,80,80,80,80,80,80,80,80,85,85,85],"card_choices":[{"not_picked":["Rampage","Sever Soul"],"picked":"Clothesline","floor":1.0},{"not_picked":["Flame Barrier","Body Slam"],"picked":"Spot Weakness","floor":2.0},{"not_picked":["Rage","Whirlwind"],"picked":"Carnage","floor":4.0},{"not_picked":["True Grit","Pommel Strike"],"picked":"Metallicize","floor":5.0},{"not_picked":["True Grit","Rampage"],"picked":"Spot Weakness","floor":6.0},{"not_picked":["Sword Boomerang","Perfected Strike"],"picked":"Limit Break","floor":8}],"player_experience":286613,"relics_obtained":[{"floor":6.0,"key":"Bag of Marbles"},{"floor":8,"key":"Omamori"},{"floor":9,"key":"Anchor"}],"event_choices":[{"damage_healed":0.0,"max_hp_gain":0.0,"max_hp_loss":0.0,"gold_gain":0.0,"event_name":"Accursed Blacksmith","player_choice":"Rummage","floor":3.0,"gold_loss":0.0,"damage_taken":0.0,"relics_obtained":["WarpedTongs"],"cards_obtained":["Pain"]},{"damage_healed":0,"gold_gain":100,"player_choice":"Pray","damage_taken":0,"max_hp_gain":0,"max_hp_loss":0,"event_name":"Golden Shrine","floor":11,"gold_loss":0}],"is_beta":false,"boss_relics":[],"items_purged_floors":[],"is_endless":false,"potions_floor_spawned":[2,6,8],"killed_by":"Gremlin Nob","ascension_level":12}