{"gold_per_floor":[116,116,134,134,134,165,178,193,193,209,253,274,314,335,335,463,463,484,409,425,441,21,61,61,396,423,441,454,469,505,529,529,657,657,673,1006,417,431,448,497,517,517,517,517,530,565,565,58,58,58],"floor_reached":51,"playtime":2173,"items_purged":["Strike_R","Strike_R","Strike_R"],"score":954,"play_id":"3ca17bf2-d3ea-4549-bf66-165dfae5d7a2","local_time":"20190315183531","is_ascension_mode":true,"campfire_choices":[{"data":"Dual Wield","floor":15,"key":"SMITH"},{"data":"Dual Wield","floor":24,"key":"SMITH"},{"data":"Dual Wield","floor":32,"key":"SMITH"},{"floor":42,"key":"REST"},{"data":"Limit Break","floor":44,"key":"SMITH"},{"floor":49,"key":"REST"}],"neow_cost":"NONE","seed_source_timestamp":1187832618505876,"circlet_count":0,"master_deck":["Strike_R","Strike_R","Defend_R","Defend_R","Defend_R","Defend_R","Bash+1","Shockwave","Dropkick","Dropkick","Dropkick","Thunderclap","Inflame","Dual Wield+1","Flame Barrier","Limit Break+1","Burning Pact","Dual Wield+1","Dual Wield+1","True Grit+1","Flame Barrier","Thunderclap+1","Offering","Headbutt","Writhe","Reaper","Violence","Evolve"],"relics":["Burning Blood","NeowsBlessing","Mercury Hourglass","Dodecahedron","Letter Opener","Bag of Preparation","Shuriken","Busted Crown","Gremlin Horn","Orichalcum","Old Coin","Vajra","Red Mask","Philosopher\u0027s Stone","Medical Kit","Lantern","Bird Faced Urn","Red Skull","Membership Card","Pear"],"potions_floor_usage":[3,10,13,29,33,50,50,50],"damage_taken":[{"damage":0,"enemies":"Jaw Worm","floor":1,"turns":1},{"damage":0,"enemies":"Small Slimes","floor":3,"turns":1},{"damage":0,"enemies":"Gremlin Nob","floor":6,"turns":1},{"damage":0,"enemies":"2 Louse","floor":7,"turns":2},{"damage":14,"enemies":"Exordium Wildlife","floor":8,"turns":3},{"damage":3,"enemies":"3 Louse","floor":10,"turns":2},{"damage":15,"enemies":"Lagavulin","floor":11,"turns":7},{"damage":1,"enemies":"Blue Slaver","floor":12,"turns":4},{"damage":9,"enemies":"3 Sentries","floor":13,"turns":6},{"damage":10,"enemies":"Gremlin Gang","floor":14,"turns":3},{"damage":26,"enemies":"Slime Boss","floor":16,"turns":5},{"damage":1,"enemies":"3 Byrds","floor":18,"turns":2},{"damage":2,"enemies":"Chosen","floor":20,"turns":3},{"damage":0,"enemies":"Snecko","floor":21,"turns":3},{"damage":0,"enemies":"Gremlin Leader","floor":23,"turns":3},{"damage":37,"enemies":"Slavers","floor":25,"turns":4},{"damage":12,"enemies":"Snake Plant","floor":27,"turns":3},{"damage":8,"enemies":"Shelled Parasite and Fungi","floor":28,"turns":2},{"damage":7,"enemies":"Snecko","floor":29,"turns":4},{"damage":2,"enemies":"Masked Bandits","floor":30,"turns":2},{"damage":2,"enemies":"Cultist and Chosen","floor":31,"turns":3},{"damage":7,"enemies":"Champ","floor":33,"turns":5},{"damage":29,"enemies":"3 Darklings","floor":35,"turns":4},{"damage":6,"enemies":"Orb Walker","floor":38,"turns":2},{"damage":0,"enemies":"Maw","floor":39,"turns":5},{"damage":32,"enemies":"2 Orb Walkers","floor":40,"turns":4},{"damage":6,"enemies":"Sphere and 2 Shapes","floor":41,"turns":1},{"damage":31,"enemies":"Writhing Mass","floor":45,"turns":4},{"damage":26,"enemies":"Nemesis","floor":46,"turns":5},{"damage":32,"enemies":"Donu and Deca","floor":50,"turns":5}],"seed_played":"-2262268572248153435","potions_obtained":[{"floor":1,"key":"Fruit Juice"},{"floor":8,"key":"Fruit Juice"},{"floor":11,"key":"SkillPotion"},{"floor":12,"key":"SneckoOil"},{"floor":14,"key":"PowerPotion"},{"floor":18,"key":"LiquidBronze"},{"floor":21,"key":"LiquidBronze"},{"floor":25,"key":"Regen Potion"},{"floor":31,"key":"Poison Potion"},{"floor":38,"key":"Dexterity Potion"},{"floor":39,"key":"Dexterity Potion"}],"is_trial":false,"path_per_floor":["M","?","M","?","?","E","M","M","T","M","E","M","E","M","R","B",null,"M","$","M","M","$","E","R","E","T","M","M","M","?","M","R","B",null,"M","?","$","M","M","?","M","R","T","R","M","E","?","$","R","B",null],"character_chosen":"IRONCLAD","items_purchased":["Gremlin Horn","Dual Wield","Medical Kit","Lantern","Offering","Headbutt","Membership Card","Pear","Reaper","Violence","Evolve"],"campfire_rested":2,"item_purchase_floors":[22,22,37,37,37,37,48,48,48,48,48],"current_hp_per_floor":[80,80,85,73,52,58,64,56,56,64,55,60,57,53,53,33,90,90,90,90,90,90,90,90,59,59,53,51,64,68,72,72,71,90,67,67,67,67,73,47,49,76,76,76,51,37,60,70,100,76],"gold":58,"neow_bonus":"THREE_ENEMY_KILL","is_prod":false,"is_daily":false,"chose_seed":false,"campfire_upgraded":4,"win_rate":0,"timestamp":1552700131,"path_taken":["M","?","M","?","?","E","M","M","T","M","E","M","E","M","R","BOSS","M","$","M","M","$","E","R","E","T","M","M","M","?","M","R","BOSS","M","?","$","M","M","?","M","R","T","R","M","E","?","$","R","BOSS"],"build_version":"2019-01-23","purchased_purges":3,"victory":true,"max_hp_per_floor":[80,80,85,85,85,85,85,85,85,90,90,90,90,90,90,90,90,90,90,90,90,90,90,90,90,90,90,90,90,90,90,90,90,90,90,90,90,90,90,90,90,90,90,90,90,90,90,100,100,100],"card_choices":[{"not_picked":["Carnage","Warcry"],"picked":"Shockwave","floor":1},{"not_picked":["Inflame","Corruption"],"picked":"Dropkick","floor":3},{"not_picked":["Entrench","Iron Wave"],"picked":"Dropkick","floor":6},{"not_picked":["Anger","Infernal Blade"],"picked":"Dropkick","floor":7},{"not_picked":["Infernal Blade","Flex"],"picked":"Thunderclap","floor":8},{"not_picked":["Wild Strike","Headbutt","Hemokinesis"],"picked":"SKIP","floor":10},{"not_picked":["Hemokinesis","Sword Boomerang","Pommel Strike"],"picked":"SKIP","floor":11},{"not_picked":["Heavy Blade","Sever Soul"],"picked":"Inflame","floor":12},{"not_picked":["Warcry","Battle Trance"],"picked":"Dual Wield","floor":13},{"not_picked":["Immolate","Anger"],"picked":"Flame Barrier","floor":14},{"not_picked":["Dark Embrace","Feed"],"picked":"Limit Break","floor":16},{"not_picked":[],"picked":"Burning Pact","floor":18},{"not_picked":["Sword Boomerang"],"picked":"SKIP","floor":20},{"not_picked":["Seeing Red"],"picked":"SKIP","floor":21},{"not_picked":[],"picked":"Dual Wield","floor":23},{"not_picked":["Spot Weakness"],"picked":"SKIP","floor":25},{"not_picked":[],"picked":"True Grit+1","floor":27},{"not_picked":[],"picked":"Flame Barrier","floor":28},{"not_picked":["Feel No Pain"],"picked":"SKIP","floor":29},{"not_picked":["Havoc"],"picked":"SKIP","floor":31},{"not_picked":[],"picked":"Thunderclap+1","floor":35},{"not_picked":["Second Wind+1"],"picked":"SKIP","floor":38},{"not_picked":["Sword Boomerang+1"],"picked":"SKIP","floor":39},{"not_picked":["Havoc"],"picked":"SKIP","floor":41},{"not_picked":["Clash+1"],"picked":"SKIP","floor":45},{"not_picked":["Spot Weakness+1"],"picked":"SKIP","floor":46}],"player_experience":36735,"relics_obtained":[{"floor":6,"key":"Dodecahedron"},{"floor":9,"key":"Letter Opener"},{"floor":11,"key":"Bag of Preparation"},{"floor":13,"key":"Shuriken"},{"floor":23,"key":"Orichalcum"},{"floor":25,"key":"Old Coin"},{"floor":26,"key":"Vajra"},{"floor":30,"key":"Red Mask"},{"floor":40,"key":"Bird Faced Urn"},{"floor":46,"key":"Red Skull"}],"event_choices":[{"damage_healed":0,"gold_gain":0,"player_choice":"Grow","damage_taken":0,"max_hp_gain":0,"max_hp_loss":0,"event_name":"Living Wall","floor":2,"gold_loss":0,"cards_upgraded":["Bash"]},{"damage_healed":0,"gold_gain":0,"player_choice":"Success","damage_taken":12,"relics_obtained":["Mercury Hourglass"],"max_hp_gain":0,"max_hp_loss":0,"event_name":"Scrap Ooze","floor":4,"gold_loss":0},{"damage_healed":0,"gold_gain":0,"player_choice":"Take Damage","damage_taken":21,"relics_obtained":["Golden Idol"],"max_hp_gain":0,"max_hp_loss":0,"event_name":"Golden Idol","floor":5,"gold_loss":0},{"damage_healed":0,"gold_gain":0,"player_choice":"Fought Bandits","damage_taken":0,"max_hp_gain":0,"max_hp_loss":0,"event_name":"Masked Bandits","floor":30,"gold_loss":0},{"damage_healed":0,"gold_gain":333,"player_choice":"Gave Idol","damage_taken":0,"max_hp_gain":0,"max_hp_loss":0,"event_name":"The Moai Head","floor":36,"relics_lost":["Golden Idol"],"gold_loss":0},{"damage_healed":0,"gold_gain":0,"player_choice":"Fight","damage_taken":0,"max_hp_gain":0,"max_hp_loss":0,"event_name":"Mysterious Sphere","floor":40,"gold_loss":0},{"damage_healed":23,"gold_gain":0,"player_choice":"Writhe","damage_taken":0,"max_hp_gain":0,"max_hp_loss":0,"event_name":"Winding Halls","floor":47,"gold_loss":0,"cards_obtained":["Writhe"]}],"is_beta":false,"boss_relics":[{"not_picked":["Ectoplasm","Orrery"],"picked":"Busted Crown"},{"not_picked":["Velvet Choker","Lizard Tail"],"picked":"Philosopher\u0027s Stone"}],"items_purged_floors":[19,22,37],"is_endless":false,"potions_floor_spawned":[1,8,11,12,14,18,21,25,28,31,38,39,41,45,46],"ascension_level":3}