{"gold_per_floor":[110,129,144,144,154,154,181,181,181,13,40,54,129,143,143,240,240,250,340,351,351],"floor_reached":21,"playtime":2105,"items_purged":[],"score":239,"play_id":"d21e187a-0447-4c3f-8eb5-a3974984a387","local_time":"20190326171100","is_ascension_mode":true,"campfire_choices":[{"data":"Bash","floor":6,"key":"SMITH"},{"data":"Perfected Strike","floor":8,"key":"SMITH"},{"floor":15,"key":"REST"}],"neow_cost":"NONE","seed_source_timestamp":286262890300223,"circlet_count":0,"master_deck":["Strike_R","Strike_R","Strike_R","Strike_R","Defend_R","Defend_R","Defend_R","Defend_R","Bash+1","Cleave","Perfected Strike+1","Clothesline","Body Slam","Battle Trance","Immolate","Anger","Demon Form","Ghostly Armor+1","Infernal Blade+1","Bludgeon","Shrug It Off+1","Shockwave+1"],"relics":["Burning Blood","PreservedInsect","Bottled Lightning","Toxic Egg 2","Vajra","Runic Cube"],"potions_floor_usage":[11,20],"damage_taken":[{"damage":1,"enemies":"Cultist","floor":1,"turns":3},{"damage":9,"enemies":"Jaw Worm","floor":2,"turns":4},{"damage":0,"enemies":"2 Louse","floor":3,"turns":2},{"damage":15,"enemies":"Exordium Thugs","floor":5,"turns":7},{"damage":25,"enemies":"3 Sentries","floor":7,"turns":5},{"damage":20,"enemies":"Lagavulin","floor":11,"turns":4},{"damage":14,"enemies":"Red Slaver","floor":12,"turns":4},{"damage":0,"enemies":"Large Slime","floor":14,"turns":5},{"damage":28,"enemies":"Slime Boss","floor":16,"turns":7},{"damage":23,"enemies":"3 Byrds","floor":18,"turns":5},{"damage":28,"enemies":"2 Thieves","floor":20,"turns":3},{"damage":13,"enemies":"Snake Plant","floor":21,"turns":2}],"seed_played":"4487478753108350303","potions_obtained":[{"floor":2,"key":"SpeedPotion"},{"floor":7,"key":"BloodPotion"},{"floor":12,"key":"Ancient Potion"},{"floor":16,"key":"LiquidBronze"}],"is_trial":false,"path_per_floor":["M","?","?","?"],"character_chosen":"IRONCLAD","items_purchased":["Immolate","Anger"],"campfire_rested":1,"item_purchase_floors":[10,10],"current_hp_per_floor":[80,77,80,73,64,64,45,45,45,45,39,31,20,26,50,28,67,50,34,12,0],"gold":351,"neow_bonus":"RANDOM_COMMON_RELIC","is_prod":false,"is_daily":false,"chose_seed":false,"campfire_upgraded":2,"win_rate":0,"timestamp":1553641860,"path_taken":["M","M","?","?","M","R","E","R","T","$","E","M","?","M","R","BOSS","M","?","M","M"],"build_version":"2019-01-23","purchased_purges":0,"victory":false,"max_hp_per_floor":[80,80,80,80,80,80,80,80,80,80,80,80,80,80,80,80,80,80,80,80,80],"card_choices":[{"not_picked":["True Grit","Dual Wield"],"picked":"Cleave","floor":1},{"not_picked":["Pommel Strike","Cleave"],"picked":"Perfected Strike","floor":2},{"not_picked":["Warcry","Inflame"],"picked":"Clothesline","floor":3},{"not_picked":["Sword Boomerang","Warcry"],"picked":"Body Slam","floor":5},{"not_picked":["Pommel Strike","Infernal Blade"],"picked":"Battle Trance","floor":7},{"not_picked":["Warcry+1","Reckless Charge"],"picked":"Demon Form","floor":11},{"not_picked":["Twin Strike","Anger"],"picked":"Ghostly Armor+1","floor":12},{"not_picked":["Blood for Blood","Clothesline"],"picked":"Infernal Blade+1","floor":14},{"not_picked":["Brutality","Offering+1"],"picked":"Bludgeon","floor":16},{"not_picked":["Sword Boomerang+1","Heavy Blade"],"picked":"Shrug It Off+1","floor":18},{"not_picked":["Entrench+1","Heavy Blade+1"],"picked":"Shockwave+1","floor":20}],"player_experience":353967,"relics_obtained":[{"floor":7,"key":"Bottled Lightning"},{"floor":9,"key":"Toxic Egg 2"},{"floor":11,"key":"Vajra"}],"event_choices":[{"cards_removed":["Strike_R"],"damage_healed":0,"gold_gain":0,"player_choice":"Card Removal","damage_taken":7,"max_hp_gain":0,"max_hp_loss":0,"event_name":"Golden Wing","floor":4,"gold_loss":0},{"damage_healed":0,"gold_gain":75,"player_choice":"Gather Gold","damage_taken":11,"max_hp_gain":0,"max_hp_loss":0,"event_name":"World of Goop","floor":13,"gold_loss":0},{"damage_healed":0,"gold_gain":90,"player_choice":"GOLD ","damage_taken":16,"max_hp_gain":0,"max_hp_loss":0,"event_name":"Knowing Skull","floor":19,"potions_obtained":[],"gold_loss":0,"cards_obtained":[]}],"is_beta":false,"boss_relics":[{"not_picked":["Orrery","Coffee Dripper"],"picked":"Runic Cube"}],"items_purged_floors":[],"is_endless":false,"potions_floor_spawned":[2,7,12,16,18],"killed_by":"Snake Plant","ascension_level":5}