{"gold_per_floor":[117,192,123,134,154,183,133,159,232,245,263,263,297,7,7,111,111,131,101,101],"floor_reached":20,"playtime":4421,"items_purged":[],"score":243,"play_id":"df1b3b5e-ecf2-41bb-8a17-6835ad30992b","local_time":"20190430112527","is_ascension_mode":true,"campfire_choices":[{"floor":15,"key":"REST"}],"neow_cost":"NONE","seed_source_timestamp":37491713453700,"circlet_count":0,"master_deck":["Strike_B","Strike_B","Strike_B","Defend_B","Defend_B","Defend_B","Defend_B","Zap","Dualcast","Redo","Conserve Battery","Cold Snap","Conserve Battery","Undo","Fission","Defragment+1","Consume","Coolheaded","Loop","Defragment","Fission","Reprogram","Reprogram"],"relics":["Cracked Core","NeowsBlessing","Ginger","Boot","Meat on the Bone","Oddly Smooth Stone","OrangePellets","Cursed Key"],"potions_floor_usage":[6,19,20,20],"damage_taken":[{"damage":0,"enemies":"Small Slimes","floor":1,"turns":1},{"damage":0,"enemies":"Cultist","floor":4,"turns":1},{"damage":0,"enemies":"Jaw Worm","floor":5,"turns":1},{"damage":16,"enemies":"Gremlin Nob","floor":6,"turns":4},{"damage":27,"enemies":"Lagavulin","floor":8,"turns":8},{"damage":1,"enemies":"Blue Slaver","floor":10,"turns":4},{"damage":8,"enemies":"Looter","floor":11,"turns":3},{"damage":24,"enemies":"3 Sentries","floor":13,"turns":8},{"damage":40,"enemies":"Slime Boss","floor":16,"turns":13},{"damage":10,"enemies":"Spheric Guardian","floor":18,"turns":6},{"damage":28,"enemies":"2 Thieves","floor":19,"turns":5},{"damage":54,"enemies":"Cultist and Chosen","floor":20,"turns":6}],"seed_played":"-5413855543750326604","potions_obtained":[{"floor":5,"key":"Fire Potion"},{"floor":8,"key":"SmokeBomb"},{"floor":10,"key":"SneckoOil"},{"floor":11,"key":"PowerPotion"},{"floor":16,"key":"GamblersBrew"},{"floor":18,"key":"SkillPotion"}],"is_trial":false,"path_per_floor":["M","?","$","M","M","E","?","E","T","M","M","?","E","$","R","B",null,"M","M","M"],"character_chosen":"DEFECT","items_purchased":["Conserve Battery","Cold Snap","Defragment","OrangePellets"],"campfire_rested":1,"item_purchase_floors":[3,3,14,14],"current_hp_per_floor":[75,68,68,68,68,52,52,25,25,36,40,40,28,28,50,22,62,52,36,0],"gold":101,"neow_bonus":"THREE_ENEMY_KILL","is_prod":false,"is_daily":false,"chose_seed":false,"campfire_upgraded":0,"win_rate":0,"timestamp":1556616327,"path_taken":["M","?","$","?","M","E","?","E","T","M","M","?","E","?","R","BOSS","M","M","M"],"build_version":"2019-01-23","purchased_purges":0,"victory":false,"max_hp_per_floor":[75,75,75,75,75,75,75,75,75,75,75,75,75,75,75,75,75,75,75,75],"card_choices":[{"not_picked":["Turbo","Streamline"],"picked":"Redo","floor":1},{"not_picked":["Stack","Rebound"],"picked":"Conserve Battery","floor":4},{"not_picked":["Leap","Cold Snap"],"picked":"Undo","floor":5},{"not_picked":["Cold Snap","Hologram"],"picked":"Fission","floor":6},{"not_picked":["Force Field","Beam Cell"],"picked":"Defragment","floor":8},{"not_picked":["Scrape","Steam"],"picked":"Consume","floor":10},{"not_picked":["Auto Shields","Undo"],"picked":"Coolheaded","floor":11},{"not_picked":["Steam","Genetic Algorithm"],"picked":"Loop","floor":13},{"not_picked":["All For One","Meteor Strike"],"picked":"Fission","floor":16},{"not_picked":["Steam","Steam Power"],"picked":"Reprogram","floor":18},{"not_picked":["Cold Snap+1","Hologram"],"picked":"Reprogram","floor":19}],"player_experience":880400,"relics_obtained":[{"floor":6,"key":"Ginger"},{"floor":8,"key":"Boot"},{"floor":9,"key":"Meat on the Bone"},{"floor":13,"key":"Oddly Smooth Stone"}],"event_choices":[{"damage_healed":0,"gold_gain":75,"player_choice":"Touch","damage_taken":7,"max_hp_gain":0,"max_hp_loss":0,"event_name":"FaceTrader","floor":2,"gold_loss":0},{"cards_removed":["Strike_B"],"damage_healed":0,"gold_gain":0,"player_choice":"Card Removal","damage_taken":0,"max_hp_gain":0,"max_hp_loss":0,"event_name":"The Cleric","floor":7,"gold_loss":50},{"damage_healed":0,"gold_gain":0,"player_choice":"Grow","damage_taken":0,"max_hp_gain":0,"max_hp_loss":0,"event_name":"Living Wall","floor":12,"gold_loss":0,"cards_upgraded":["Defragment"]}],"is_beta":false,"boss_relics":[{"not_picked":["Tiny House","Fusion Hammer"],"picked":"Cursed Key"}],"items_purged_floors":[],"is_endless":false,"potions_floor_spawned":[5,8,10,11,16,18],"killed_by":"Cultist and Chosen","ascension_level":5}