{"gold_per_floor":[110,125,138,148,168,168,199,37,37,55,55],"floor_reached":11,"playtime":372,"items_purged":[],"score":85,"play_id":"0d857dca-06f1-4c7d-990d-696e8a4bf923","local_time":"20190414012129","is_ascension_mode":true,"campfire_choices":[{"data":"Zap","floor":6,"key":"SMITH"}],"neow_cost":"NONE","seed_source_timestamp":356397893766800,"circlet_count":0,"master_deck":["Strike_B","Strike_B","Strike_B","Strike_B","Defend_B","Defend_B","Defend_B","Defend_B","Zap+1","Dualcast","Compile Driver","Fission","Consume","Steam Power","Leap","BootSequence","Defragment","Rebound"],"relics":["Cracked Core","NeowsBlessing","Oddly Smooth Stone","Tiny Chest","Sundial"],"potions_floor_usage":[5,10],"damage_taken":[{"damage":0,"enemies":"Cultist","floor":1,"turns":1},{"damage":0,"enemies":"2 Louse","floor":2,"turns":1},{"damage":0,"enemies":"Jaw Worm","floor":3,"turns":1},{"damage":21,"enemies":"Large Slime","floor":4,"turns":5},{"damage":15,"enemies":"Gremlin Gang","floor":5,"turns":4},{"damage":33,"enemies":"Lagavulin","floor":7,"turns":8},{"damage":0,"enemies":"2 Fungi Beasts","floor":10,"turns":2},{"damage":0,"enemies":"3 Sentries","floor":11,"turns":2}],"seed_played":"5768236566027152126","potions_obtained":[{"floor":4,"key":"Explosive Potion"},{"floor":7,"key":"Explosive Potion"}],"is_trial":false,"path_per_floor":["M","M","M","M","M","R","E","$","T","M","E"],"character_chosen":"DEFECT","items_purchased":["Tiny Chest","Defragment"],"campfire_rested":0,"item_purchase_floors":[8,8],"current_hp_per_floor":[75,75,75,54,39,39,6,6,6,6,6],"gold":55,"neow_bonus":"THREE_ENEMY_KILL","is_prod":false,"is_daily":false,"chose_seed":false,"campfire_upgraded":1,"win_rate":0,"timestamp":1555197689,"path_taken":["M","M","M","M","M","R","E","$","T","M","E"],"build_version":"2019-01-23","purchased_purges":0,"victory":false,"max_hp_per_floor":[75,75,75,75,75,75,75,75,75,75,75],"card_choices":[{"not_picked":["Cold Snap","Force Field"],"picked":"Compile Driver","floor":1},{"not_picked":["Go for the Eyes","Steam"],"picked":"Fission","floor":2},{"not_picked":["Coolheaded","FTL"],"picked":"Consume","floor":3},{"not_picked":["Hologram","Gash"],"picked":"Steam Power","floor":4},{"not_picked":["Aggregate","Rebound"],"picked":"Leap","floor":5},{"not_picked":["All For One","FTL"],"picked":"BootSequence","floor":7},{"not_picked":["Cold Snap","Recycle"],"picked":"Rebound","floor":10}],"player_experience":433854,"relics_obtained":[{"floor":7,"key":"Oddly Smooth Stone"},{"floor":9,"key":"Sundial"}],"event_choices":[],"is_beta":false,"boss_relics":[],"items_purged_floors":[],"is_endless":false,"potions_floor_spawned":[4,7],"killed_by":"3 Sentries","ascension_level":2}