{"gold_per_floor":[116,116,130,142,152,179,29,29,54,54,84,84,97,155,155,257,257,273,273,286,37,56,91,91,126,126,143,156,81,81,94,94,190,190,210,224,224,241,0,31,31,66,66,66,66,93,93,111,111,111],"floor_reached":51,"playtime":4046,"items_purged":["Strike_R"],"score":822,"play_id":"4f595465-2799-42a5-adbe-2a2a9f9373e7","local_time":"20190418233527","is_ascension_mode":true,"campfire_choices":[{"floor":8,"key":"REST"},{"data":"Feed","floor":10,"key":"SMITH"},{"floor":12,"key":"REST"},{"data":"Armaments","floor":15,"key":"SMITH"},{"data":"Disarm","floor":24,"key":"SMITH"},{"data":"Strike_R","floor":32,"key":"PURGE"},{"floor":41,"key":"REST"},{"data":"Spot Weakness","floor":45,"key":"SMITH"},{"floor":47,"key":"REST"},{"floor":49,"key":"REST"}],"neow_cost":"PERCENT_DAMAGE","seed_source_timestamp":0,"circlet_count":0,"master_deck":["Strike_R","Defend_R","Defend_R","Defend_R","Defend_R","Bash","Shrug It Off","Battle Trance","Feed+1","Disarm+1","Spot Weakness+1","Armaments+1","Twin Strike","Feed","Disarm+1","Impervious","Cleave+1","Sword Boomerang+1","Double Tap+1","Seeing Red+1","Pummel+1"],"special_seed":0,"relics":["Black Blood","Peace Pipe","CultistMask","Happy Flower","Smiling Mask","Tiny Chest","Enchiridion","Molten Egg 2","Mercury Hourglass","Toxic Egg 2","Red Skull","Busted Crown","Pantograph","Kunai","Centennial Puzzle","Strawberry","Blood Vial"],"potions_floor_usage":[6,18,18,23,33,33,42,50,50],"damage_taken":[{"damage":0,"enemies":"2 Louse","floor":1,"turns":2},{"damage":6,"enemies":"Cultist","floor":3,"turns":3},{"damage":7,"enemies":"Small Slimes","floor":4,"turns":5},{"damage":13,"enemies":"3 Louse","floor":5,"turns":5},{"damage":49,"enemies":"Lagavulin","floor":6,"turns":9},{"damage":0,"enemies":"Large Slime","floor":13,"turns":5},{"damage":18,"enemies":"3 Sentries","floor":14,"turns":8},{"damage":15,"enemies":"Hexaghost","floor":16,"turns":9},{"damage":8,"enemies":"Shell Parasite","floor":18,"turns":2},{"damage":30,"enemies":"3 Byrds","floor":20,"turns":8},{"damage":0,"enemies":"Snake Plant","floor":22,"turns":4},{"damage":30,"enemies":"Gremlin Leader","floor":23,"turns":8},{"damage":18,"enemies":"Book of Stabbing","floor":25,"turns":7},{"damage":4,"enemies":"3 Cultists","floor":27,"turns":5},{"damage":12,"enemies":"Centurion and Healer","floor":28,"turns":7},{"damage":5,"enemies":"Shelled Parasite and Fungi","floor":31,"turns":5},{"damage":31,"enemies":"Champ","floor":33,"turns":17},{"damage":13,"enemies":"Orb Walker","floor":35,"turns":3},{"damage":32,"enemies":"3 Darklings","floor":36,"turns":4},{"damage":39,"enemies":"Writhing Mass","floor":38,"turns":7},{"damage":63,"enemies":"Nemesis","floor":40,"turns":7},{"damage":17,"enemies":"Giant Head","floor":42,"turns":8},{"damage":95,"enemies":"Reptomancer","floor":46,"turns":8},{"damage":16,"enemies":"Maw","floor":48,"turns":8},{"damage":33,"enemies":"Awakened One","floor":50,"turns":8}],"seed_played":"7359843805641738378","potions_obtained":[{"floor":3,"key":"Ancient Potion"},{"floor":4,"key":"Swift Potion"},{"floor":5,"key":"Poison Potion"},{"floor":14,"key":"Fire Potion"},{"floor":16,"key":"Fire Potion"},{"floor":18,"key":"SteroidPotion"},{"floor":23,"key":"SpeedPotion"},{"floor":25,"key":"Strength Potion"},{"floor":31,"key":"Weak Potion"},{"floor":38,"key":"EssenceOfSteel"},{"floor":40,"key":"Swift Potion"},{"floor":46,"key":"FearPotion"}],"is_trial":false,"path_per_floor":["M","?","M","M","M","E","$","R","T","R","?","R","M","E","R","B",null,"M","?","M","$","M","E","R","E","T","M","M","?","?","M","R","B",null,"M","M","?","M","$","E","R","E","T","?","R","E","R","M","R","B",null],"character_chosen":"IRONCLAD","items_purchased":["Spot Weakness","Molten Egg 2","Pantograph"],"campfire_rested":5,"item_purchase_floors":[7,21,39],"current_hp_per_floor":[62,62,62,61,54,11,11,35,35,35,35,59,65,53,53,44,80,84,68,55,55,69,53,53,45,45,58,64,64,102,114,114,97,125,122,100,100,75,75,26,65,62,69,126,126,41,78,78,117,111],"gold":111,"neow_bonus":"ONE_RARE_RELIC","is_prod":false,"is_daily":false,"chose_seed":false,"campfire_upgraded":4,"win_rate":0,"timestamp":1555626927,"path_taken":["M","?","M","M","?","E","$","R","T","R","?","R","M","E","R","BOSS","M","?","M","$","M","E","R","E","T","M","M","?","?","M","R","BOSS","M","M","?","M","$","E","R","E","T","?","R","E","R","M","R","BOSS"],"build_version":"2019-01-23","purchased_purges":1,"victory":true,"max_hp_per_floor":[80,80,80,80,80,80,80,80,80,80,80,80,80,80,80,80,80,84,84,91,91,95,99,99,99,99,106,114,114,114,121,121,125,125,125,125,125,129,129,133,133,137,144,126,126,126,126,130,130,134],"card_choices":[{"not_picked":["Heavy Blade","Anger"],"picked":"Shrug It Off","floor":1},{"not_picked":["Shrug It Off","Flex"],"picked":"Battle Trance","floor":3},{"not_picked":["Infernal Blade","Combust","Havoc"],"picked":"SKIP","floor":4},{"not_picked":["Body Slam","Inflame"],"picked":"Feed","floor":5},{"not_picked":["Intimidate","Blood for Blood"],"picked":"Disarm","floor":6},{"not_picked":["Inflame","Pommel Strike"],"picked":"Armaments","floor":13},{"not_picked":["Perfected Strike","Searing Blow"],"picked":"Twin Strike","floor":14},{"not_picked":["Dark Embrace","Double Tap"],"picked":"Feed","floor":16},{"not_picked":["Rupture","Twin Strike","Pommel Strike+1"],"picked":"SKIP","floor":18},{"not_picked":["Armaments","Fire Breathing"],"picked":"Disarm+1","floor":20},{"not_picked":["Twin Strike+1","Burning Pact","Infernal Blade"],"picked":"SKIP","floor":22},{"not_picked":["Anger+1","Headbutt+1"],"picked":"Impervious","floor":23},{"not_picked":["Brutality","Anger+1"],"picked":"Cleave+1","floor":25},{"not_picked":["Body Slam+1","Shrug It Off+1","Pommel Strike+1"],"picked":"SKIP","floor":27},{"not_picked":["Second Wind+1","Shrug It Off+1","Fire Breathing"],"picked":"SKIP","floor":28},{"not_picked":["Heavy Blade+1","Power Through+1"],"picked":"Sword Boomerang+1","floor":31},{"not_picked":["Bludgeon+1","Feed+1"],"picked":"Double Tap+1","floor":33},{"not_picked":["Body Slam+1"],"picked":"SKIP","floor":35},{"not_picked":[],"picked":"Seeing Red+1","floor":36},{"not_picked":["Pommel Strike+1"],"picked":"SKIP","floor":38},{"not_picked":["Clash+1"],"picked":"SKIP","floor":40},{"not_picked":["Seeing Red+1"],"picked":"SKIP","floor":42},{"not_picked":[],"picked":"Pummel+1","floor":46},{"not_picked":["Armaments+1"],"picked":"SKIP","floor":48}],"player_experience":1782530,"relics_obtained":[{"floor":6,"key":"Happy Flower"},{"floor":9,"key":"Smiling Mask"},{"floor":14,"key":"Tiny Chest"},{"floor":19,"key":"Enchiridion"},{"floor":23,"key":"Mercury Hourglass"},{"floor":25,"key":"Toxic Egg 2"},{"floor":26,"key":"Red Skull"},{"floor":40,"key":"Kunai"},{"floor":42,"key":"Centennial Puzzle"},{"floor":43,"key":"Strawberry"},{"floor":46,"key":"Blood Vial"}],"event_choices":[{"damage_healed":0,"gold_gain":0,"player_choice":"Trade","damage_taken":0,"relics_obtained":["CultistMask"],"max_hp_gain":0,"max_hp_loss":0,"event_name":"FaceTrader","floor":2,"gold_loss":0},{"damage_healed":0,"gold_gain":30,"player_choice":"Searched \u00271\u0027 times","damage_taken":0,"max_hp_gain":0,"max_hp_loss":0,"event_name":"Dead Adventurer","floor":11,"gold_loss":0},{"damage_healed":0,"gold_gain":0,"player_choice":"Obtained Book","damage_taken":16,"max_hp_gain":0,"max_hp_loss":0,"event_name":"Cursed Tome","floor":19,"gold_loss":0},{"cards_removed":["Strike_R"],"damage_healed":0,"gold_gain":0,"player_choice":"Gave Gold","damage_taken":0,"max_hp_gain":0,"max_hp_loss":0,"event_name":"Beggar","floor":29,"gold_loss":75},{"damage_healed":38,"gold_gain":0,"player_choice":"Heal","damage_taken":0,"max_hp_gain":0,"max_hp_loss":0,"event_name":"The Library","floor":30,"gold_loss":0},{"cards_removed":["Strike_R"],"damage_healed":0,"gold_gain":0,"player_choice":"Removed Attack","damage_taken":0,"max_hp_gain":0,"max_hp_loss":0,"event_name":"Falling","floor":37,"gold_loss":0},{"damage_healed":126,"gold_gain":0,"player_choice":"Heal","damage_taken":0,"max_hp_gain":0,"max_hp_loss":18,"event_name":"The Moai Head","floor":44,"gold_loss":0}],"is_beta":false,"boss_relics":[{"not_picked":["Pandora\u0027s Box","Runic Dome"],"picked":"Black Blood"},{"not_picked":["Empty Cage","White Beast Statue"],"picked":"Busted Crown"}],"items_purged_floors":[7],"is_endless":false,"potions_floor_spawned":[3,4,5,14,16,18,23,25,31,38,40,46],"ascension_level":1}