{"gold_per_floor":[113,113,127,52,72,88,113,142,142,153,153,153,153,171,171,248,248,266,266,281,300,10,10,40,54,106,106,121,135,160,173,173,173],"floor_reached":33,"playtime":1832,"items_purged":["Strike_R"],"score":509,"play_id":"cd58c95b-3dfd-4f5d-ae77-885853644d3f","local_time":"20190412110622","is_ascension_mode":true,"campfire_choices":[{"floor":11,"key":"REST"},{"floor":15,"key":"REST"},{"data":"Havoc","floor":23,"key":"SMITH"},{"data":"Battle Trance","floor":32,"key":"SMITH"}],"neow_cost":"NONE","seed_source_timestamp":80162525419872,"circlet_count":0,"master_deck":["AscendersBane","Strike_R","Strike_R","Strike_R","Defend_R","Defend_R","Defend_R","Defend_R","Bash","Battle Trance+1","Armaments","Headbutt","Fiend Fire+1","Uppercut","Shrug It Off","Intimidate","Havoc+1","Reaper","Twin Strike+1","Burning Pact","Metallicize+1","Shrug It Off","Intimidate","Anger","True Grit","Carnage","Havoc","Whirlwind+1"],"relics":["Burning Blood","Odd Mushroom","Regal Pillow","The Courier","Dodecahedron","Runic Pyramid","Sling","Letter Opener","Ancient Tea Set","StoneCalendar"],"potions_floor_usage":[8,8,16,30,31,33,33],"damage_taken":[{"damage":5,"enemies":"Small Slimes","floor":1,"turns":3},{"damage":3,"enemies":"2 Louse","floor":3,"turns":5},{"damage":8,"enemies":"Jaw Worm","floor":5,"turns":5},{"damage":11,"enemies":"3 Louse","floor":6,"turns":3},{"damage":32,"enemies":"The Mushroom Lair","floor":7,"turns":6},{"damage":13,"enemies":"3 Sentries","floor":8,"turns":8},{"damage":0,"enemies":"2 Fungi Beasts","floor":10,"turns":2},{"damage":1,"enemies":"Blue Slaver","floor":14,"turns":3},{"damage":31,"enemies":"Slime Boss","floor":16,"turns":12},{"damage":16,"enemies":"Spheric Guardian","floor":18,"turns":4},{"damage":4,"enemies":"Chosen","floor":20,"turns":4},{"damage":0,"enemies":"Snecko","floor":21,"turns":4},{"damage":6,"enemies":"Gremlin Leader","floor":24,"turns":5},{"damage":10,"enemies":"Shelled Parasite and Fungi","floor":25,"turns":4},{"damage":26,"enemies":"Centurion and Healer","floor":28,"turns":6},{"damage":6,"enemies":"Snake Plant","floor":29,"turns":4},{"damage":30,"enemies":"Slavers","floor":30,"turns":5},{"damage":9,"enemies":"Chosen and Byrds","floor":31,"turns":5},{"damage":60,"enemies":"Collector","floor":33,"turns":5}],"seed_played":"-5987796577161538300","potions_obtained":[{"floor":6,"key":"SteroidPotion"},{"floor":7,"key":"EssenceOfSteel"},{"floor":10,"key":"BloodPotion"},{"floor":14,"key":"Explosive Potion"},{"floor":20,"key":"Fire Potion"},{"floor":30,"key":"Fire Potion"},{"floor":31,"key":"PowerPotion"}],"is_trial":false,"path_per_floor":["M","?","M","?","M","M","?","E","T","M","R","?","T","M","R","B",null,"M","?","M","M","$","R","E","M","T","?","M","M","E","M","R","B"],"character_chosen":"IRONCLAD","items_purchased":["Sling","Shrug It Off","Intimidate"],"campfire_rested":2,"item_purchase_floors":[22,22,22],"current_hp_per_floor":[76,65,68,68,66,61,35,28,28,34,73,78,78,83,87,70,83,73,73,79,87,87,87,87,87,87,87,77,77,61,58,58,0],"gold":173,"neow_bonus":"TEN_PERCENT_HP_BONUS","is_prod":false,"is_daily":false,"chose_seed":false,"campfire_upgraded":2,"win_rate":0,"timestamp":1555092382,"path_taken":["M","?","M","?","?","M","?","E","T","M","R","?","?","M","R","BOSS","M","?","M","M","?","R","E","M","T","?","?","M","E","M","R","BOSS"],"build_version":"2019-01-23","purchased_purges":1,"victory":false,"max_hp_per_floor":[82,82,82,82,82,82,82,82,82,82,82,87,87,87,87,87,87,87,87,87,87,87,87,87,87,87,87,87,87,87,87,87,87],"card_choices":[{"not_picked":["Warcry","Body Slam"],"picked":"Battle Trance","floor":1},{"not_picked":["Warcry","Thunderclap"],"picked":"Armaments","floor":3},{"not_picked":["Burning Pact","Dropkick"],"picked":"Headbutt","floor":5},{"not_picked":["Cleave","Body Slam"],"picked":"Fiend Fire","floor":6},{"not_picked":["Heavy Blade","Sword Boomerang"],"picked":"Uppercut","floor":7},{"not_picked":["Dual Wield","Cleave"],"picked":"Shrug It Off","floor":8},{"not_picked":["Entrench","Body Slam"],"picked":"Intimidate","floor":10},{"not_picked":["Body Slam","Uppercut"],"picked":"Havoc","floor":14},{"not_picked":["Impervious","Bludgeon"],"picked":"Reaper","floor":16},{"not_picked":["Flex+1","Entrench"],"picked":"Twin Strike+1","floor":18},{"not_picked":["Bloodletting","Anger"],"picked":"Burning Pact","floor":20},{"not_picked":["Reckless Charge","Shockwave"],"picked":"Metallicize","floor":21},{"not_picked":["Perfected Strike","Hemokinesis","Sentinel"],"picked":"SKIP","floor":24},{"not_picked":["Clash","Sentinel"],"picked":"Anger","floor":25},{"not_picked":["Flex","Battle Trance"],"picked":"True Grit","floor":28},{"not_picked":["Intimidate","Blood for Blood"],"picked":"Carnage","floor":29},{"not_picked":["Reckless Charge","Blood for Blood"],"picked":"Havoc","floor":30},{"not_picked":["True Grit","Perfected Strike"],"picked":"Whirlwind+1","floor":31}],"player_experience":423737,"relics_obtained":[{"floor":7,"key":"Odd Mushroom"},{"floor":8,"key":"Regal Pillow"},{"floor":9,"key":"The Courier"},{"floor":13,"key":"Dodecahedron"},{"floor":24,"key":"Letter Opener"},{"floor":26,"key":"Ancient Tea Set"},{"floor":30,"key":"StoneCalendar"}],"event_choices":[{"damage_healed":0,"gold_gain":0,"player_choice":"Fled","damage_taken":11,"max_hp_gain":0,"max_hp_loss":0,"event_name":"Scrap Ooze","floor":2,"gold_loss":0},{"cards_removed":["Strike_R"],"damage_healed":0,"gold_gain":0,"player_choice":"Card Removal","damage_taken":0,"max_hp_gain":0,"max_hp_loss":0,"event_name":"The Cleric","floor":4,"gold_loss":75},{"damage_healed":0,"gold_gain":0,"player_choice":"Fought Mushrooms","damage_taken":0,"max_hp_gain":0,"max_hp_loss":0,"event_name":"Mushrooms","floor":7,"gold_loss":0},{"damage_healed":0,"gold_gain":0,"player_choice":"Donut","damage_taken":0,"max_hp_gain":5,"max_hp_loss":0,"event_name":"Big Fish","floor":12,"gold_loss":0},{"damage_healed":0,"gold_gain":0,"player_choice":"Forge","damage_taken":0,"max_hp_gain":0,"max_hp_loss":0,"event_name":"Accursed Blacksmith","floor":19,"gold_loss":0,"cards_upgraded":["Fiend Fire"]},{"damage_healed":0,"gold_gain":0,"player_choice":"Upgraded","damage_taken":0,"max_hp_gain":0,"max_hp_loss":0,"event_name":"Upgrade Shrine","floor":27,"gold_loss":0,"cards_upgraded":["Metallicize"]}],"is_beta":false,"boss_relics":[{"not_picked":["Ectoplasm","Orrery"],"picked":"Runic Pyramid"}],"items_purged_floors":[22],"is_endless":false,"potions_floor_spawned":[6,7,10,14,20,24,30,31],"killed_by":"Collector","ascension_level":15}