{"gold_per_floor":[118,138,153,171,185,185,216,216,216,216,250,67,81,106,106,211,211,226,141,151,164,174,200,211,211,211,211,241,241,340,226,226,331,331,346,366,55,155,207,207,207,240,266,0,10,10,10],"floor_reached":47,"playtime":2907,"items_purged":["Strike_G"],"score":749,"play_id":"71f68cf9-d5ab-48b0-b3c3-575a90e1c35b","local_time":"20190330214307","is_ascension_mode":true,"campfire_choices":[{"data":"Neutralize","floor":6.0,"key":"SMITH"},{"data":"Dash","floor":8.0,"key":"SMITH"},{"data":"Skewer","floor":15.0,"key":"SMITH"},{"data":"Noxious Fumes","floor":27,"key":"SMITH"},{"floor":29,"key":"DIG"},{"floor":32,"key":"REST"},{"floor":40,"key":"REST"},{"floor":46,"key":"DIG"}],"neow_cost":"NONE","seed_source_timestamp":0,"circlet_count":0,"master_deck":["Defend_G","Defend_G","Defend_G","Defend_G","Defend_G","Strike_G","Survivor","Neutralize+1","Dash+1","Dagger Throw","Die Die Die","PiercingWail","Poisoned Stab","Caltrops","Blur","Skewer+1","Dash","After Image","Noxious Fumes+1","Endless Agony","Adrenaline","Footwork","Blur","Bouncing Flask","Backflip","Well Laid Plans","After Image","Deflect+1","Blur","Deadly Poison","Caltrops","Bouncing Flask+1","Dodge and Roll+1","Writhe","Blur","Deadly Poison"],"special_seed":0,"relics":["Ring of the Snake","Orichalcum","Ice Cream","Question Card","Shovel","Empty Cage","The Specimen","Strawberry","Vajra","Turnip","Matryoshka","Sozu","Oddly Smooth Stone","Bird Faced Urn","Incense Burner","Regal Pillow","Lantern","Red Mask","Art of War"],"potions_floor_usage":[20,20,23,28,33],"damage_taken":[{"damage":1.0,"enemies":"2 Louse","floor":1.0,"turns":4.0},{"damage":0.0,"enemies":"Cultist","floor":2.0,"turns":4.0},{"damage":0.0,"enemies":"Jaw Worm","floor":3.0,"turns":4.0},{"damage":0.0,"enemies":"Blue Slaver","floor":4.0,"turns":4.0},{"damage":5.0,"enemies":"3 Louse","floor":5.0,"turns":2.0},{"damage":10.0,"enemies":"3 Sentries","floor":7.0,"turns":8.0},{"damage":2.0,"enemies":"Gremlin Nob","floor":11.0,"turns":3.0},{"damage":0.0,"enemies":"Looter","floor":13.0,"turns":3.0},{"damage":30.0,"enemies":"Lagavulin","floor":14.0,"turns":6.0},{"damage":21.0,"enemies":"Slime Boss","floor":16.0,"turns":10.0},{"damage":1.0,"enemies":"Shell Parasite","floor":18.0,"turns":10.0},{"damage":14,"enemies":"2 Thieves","floor":20,"turns":3},{"damage":6,"enemies":"Snake Plant","floor":21,"turns":6},{"damage":9,"enemies":"3 Cultists","floor":22,"turns":5},{"damage":0,"enemies":"Gremlin Leader","floor":23,"turns":8},{"damage":19,"enemies":"Sentry and Sphere","floor":24,"turns":8},{"damage":7,"enemies":"Book of Stabbing","floor":28,"turns":7},{"damage":44,"enemies":"Automaton","floor":33,"turns":11},{"damage":1,"enemies":"3 Darklings","floor":35,"turns":5},{"damage":8,"enemies":"Orb Walker","floor":36,"turns":5},{"damage":0,"enemies":"Mind Bloom Boss Battle","floor":38,"turns":8},{"damage":44,"enemies":"2 Orb Walkers","floor":39,"turns":6},{"damage":30,"enemies":"Reptomancer","floor":42,"turns":7},{"damage":0,"enemies":"3 Darklings","floor":45,"turns":6},{"damage":82,"enemies":"Giant Head","floor":47,"turns":9}],"seed_played":"-346398380455743315","potions_obtained":[{"floor":0.0,"key":"FearPotion"},{"floor":0.0,"key":"EssenceOfSteel"},{"floor":0.0,"key":"Ancient Potion"},{"floor":3.0,"key":"Regen Potion"},{"floor":5.0,"key":"EntropicBrew"},{"floor":7.0,"key":"Poison Potion"},{"floor":11.0,"key":"Swift Potion"},{"floor":13.0,"key":"Fire Potion"},{"floor":18.0,"key":"Fire Potion"},{"floor":20,"key":"GhostInAJar"},{"floor":28,"key":"Explosive Potion"}],"is_trial":false,"path_per_floor":["M","M","M","M","M","R","E","R","T","?","E","$","M","E","R","B",null,"M","?","M","M","M","E","M","?","T","R","E","R","?","$","R","B",null,"M","M","$","?","?","R","?","E","T","?","M","R","E"],"character_chosen":"THE_SILENT","items_purchased":["Caltrops","Blur","Skewer","Well Laid Plans","Blur","Oddly Smooth Stone","Deadly Poison","Caltrops"],"campfire_rested":2,"item_purchase_floors":[12,12,12,31,37,37,37,37],"current_hp_per_floor":[62,62,62,62,57,57,62,62,62,62,60,60,60,30,30,9,55,54,54,40,34,25,32,13,38,38,38,31,31,31,31,54,10,60,59,51,51,51,19,42,61,45,45,45,59,59,0],"gold":10,"neow_bonus":"THREE_SMALL_POTIONS","is_prod":false,"is_daily":false,"chose_seed":false,"campfire_upgraded":4,"win_rate":0,"timestamp":1554007387,"path_taken":["M","M","M","M","M","R","E","R","T","?","E","?","M","E","R","BOSS","M","?","M","M","M","E","M","?","T","R","E","R","?","?","R","BOSS","M","M","$","?","?","R","?","E","T","?","M","R","E"],"build_version":"2019-01-23","purchased_purges":1,"victory":false,"max_hp_per_floor":[70,70,70,70,70,70,70,70,70,70,70,70,70,70,70,70,70,70,70,70,70,70,77,77,77,77,77,77,77,77,77,77,77,77,77,77,77,77,77,77,77,77,77,77,77,77,77],"card_choices":[{"not_picked":["Dodge and Roll","Dagger Throw"],"picked":"Dash","floor":1.0},{"not_picked":["Slice","Deadly Poison","Riddle With Holes"],"picked":"SKIP","floor":2.0},{"not_picked":["Acrobatics","Prepared"],"picked":"Dagger Throw","floor":3.0},{"not_picked":["Dagger Spray","Cloak And Dagger"],"picked":"Die Die Die","floor":4.0},{"not_picked":["Flechettes","Outmaneuver","Deflect"],"picked":"SKIP","floor":5.0},{"not_picked":["Finisher","Unload"],"picked":"PiercingWail","floor":7.0},{"not_picked":["Finisher","Grand Finale"],"picked":"Poisoned Stab","floor":11.0},{"not_picked":["Predator","Heel Hook","Blade Dance","Prepared"],"picked":"SKIP","floor":13.0},{"not_picked":["Reflex","PiercingWail","Phantasmal Killer"],"picked":"Dash","floor":14.0},{"not_picked":["Tools of the Trade","Bullet Time","Adrenaline"],"picked":"After Image","floor":16.0},{"not_picked":["Dagger Spray+1","Cloak And Dagger","PiercingWail"],"picked":"Noxious Fumes","floor":18.0},{"not_picked":["Terror","Backflip","Deflect+1"],"picked":"Endless Agony","floor":20},{"not_picked":["Distraction","Infinite Blades","Riddle With Holes"],"picked":"Adrenaline","floor":21},{"not_picked":["Sucker Punch","Predator","Deflect"],"picked":"Footwork","floor":22},{"not_picked":["Infinite Blades","Outmaneuver","Cloak And Dagger"],"picked":"Blur","floor":23},{"not_picked":["Riddle With Holes","Distraction","Tools of the Trade"],"picked":"Bouncing Flask","floor":24},{"not_picked":["Choke","Skewer","Underhanded Strike"],"picked":"Backflip","floor":28},{"not_picked":["Corpse Explosion","Tools of the Trade","Burst"],"picked":"After Image","floor":33},{"not_picked":["Dodge and Roll","Slice","Acrobatics","Predator"],"picked":"SKIP","floor":35},{"not_picked":["Flying Knee","Blade Dance","Slice+1"],"picked":"Deflect+1","floor":36},{"not_picked":["Blade Dance","Infinite Blades","Heel Hook+1"],"picked":"Bouncing Flask+1","floor":38},{"not_picked":["Dagger Spray+1","Blade Dance","Flying Knee+1"],"picked":"Dodge and Roll+1","floor":39},{"not_picked":["Tactician","Grand Finale","Catalyst"],"picked":"Blur","floor":42},{"not_picked":["Slice+1","Skewer+1","Choke"],"picked":"Deadly Poison","floor":45}],"player_experience":103189,"relics_obtained":[{"floor":7.0,"key":"Orichalcum"},{"floor":9.0,"key":"Ice Cream"},{"floor":11.0,"key":"Question Card"},{"floor":14.0,"key":"Shovel"},{"floor":23,"key":"Strawberry"},{"floor":26,"key":"Vajra"},{"floor":28,"key":"Turnip"},{"floor":29,"key":"Matryoshka"},{"floor":38,"key":"Bird Faced Urn"},{"floor":39,"key":"Incense Burner"},{"floor":42,"key":"Regal Pillow"},{"floor":43,"key":"Lantern"},{"floor":46,"key":"Art of War"}],"event_choices":[{"cards_removed":["Strike_G"],"damage_healed":0.0,"max_hp_gain":0.0,"max_hp_loss":0.0,"gold_gain":0.0,"event_name":"Purifier","player_choice":"Purged","floor":10.0,"gold_loss":0.0,"damage_taken":0.0},{"damage_healed":0.0,"max_hp_gain":0.0,"max_hp_loss":0.0,"gold_gain":0.0,"event_name":"Addict","player_choice":"Obtained Relic","floor":19.0,"gold_loss":85.0,"damage_taken":0.0,"relics_obtained":["The Specimen"]},{"damage_healed":25,"gold_gain":0,"player_choice":"Heal","damage_taken":0,"max_hp_gain":0,"max_hp_loss":0,"event_name":"The Library","floor":25,"gold_loss":0},{"damage_healed":0,"gold_gain":99,"player_choice":"Stole From Cult","damage_taken":0,"max_hp_gain":0,"max_hp_loss":0,"event_name":"Nest","floor":30,"gold_loss":0},{"damage_healed":0,"gold_gain":0,"player_choice":"Fight","damage_taken":0,"max_hp_gain":0,"max_hp_loss":0,"event_name":"MindBloom","floor":38,"gold_loss":0},{"damage_healed":0,"gold_gain":0,"player_choice":"Fight","damage_taken":0,"max_hp_gain":0,"max_hp_loss":0,"event_name":"Mysterious Sphere","floor":39,"gold_loss":0},{"damage_healed":19,"gold_gain":0,"player_choice":"Writhe","damage_taken":0,"max_hp_gain":0,"max_hp_loss":0,"event_name":"Winding Halls","floor":41,"gold_loss":0,"cards_obtained":["Writhe"]},{"damage_healed":0,"gold_gain":0,"player_choice":"Paid","damage_taken":0,"relics_obtained":["Red Mask"],"max_hp_gain":0,"max_hp_loss":0,"event_name":"Tomb of Lord Red Mask","floor":44,"gold_loss":266}],"is_beta":false,"boss_relics":[{"not_picked":["Ring of the Serpent","Orrery"],"picked":"Empty Cage"},{"not_picked":["Philosopher\u0027s Stone","Cursed Key"],"picked":"Sozu"}],"items_purged_floors":[31],"is_endless":false,"potions_floor_spawned":[3,5,7,11,13,18,20,28,36,39,42,45],"killed_by":"Giant Head","ascension_level":6}