{"gold_per_floor":[110,285,304,383,396,396,377,24,51,51,61,48,48,63,63,160,160,175,161,175,194,212,239,239,239,287,287,322,36,52,68,68,171,171,191,203,203,44,58,91,91,144,193,205,205,221,235,250,250,250],"floor_reached":51,"playtime":4718,"items_purged":["Doubt","Strike_B","Defend_B"],"score":940,"play_id":"68d86d33-4288-4b3f-953f-9f8d65def114","local_time":"20190310104505","is_ascension_mode":false,"campfire_choices":[{"data":"Zap","floor":6,"key":"SMITH"},{"data":"Streamline","floor":10,"key":"SMITH"},{"data":"Redo","floor":13,"key":"SMITH"},{"data":"Redo","floor":15,"key":"SMITH"},{"floor":24,"key":"REST"},{"data":"Beam Cell","floor":27,"key":"SMITH"},{"data":"Chaos","floor":32,"key":"SMITH"},{"data":"Machine Learning","floor":41,"key":"SMITH"},{"floor":49,"key":"REST"}],"neow_cost":"NONE","seed_source_timestamp":0,"circlet_count":0,"master_deck":["Strike_B","Defend_B","Defend_B","Zap+1","Dualcast","BootSequence","Streamline+1","Conserve Battery","Go for the Eyes","Self Repair","Doom and Gloom","Cold Snap","Cold Snap","Redo+1","Redo+1","Biased Cognition","Darkness+1","Beam Cell+1","Consume+1","Reprogram","Stack+1","Core Surge","Defragment+1","Electrodynamics","Chaos+1","Streamline","Hologram+1","Machine Learning+1","Sweeping Beam+1","BootSequence+1","Chill+1","Melter+1","Undo+1","Coolheaded+1","Streamline+1","White Noise+1","White Noise+1","Glacier+1","Double Energy"],"special_seed":0,"relics":["FrozenCore","Membership Card","Boot","Dream Catcher","Juzu Bracelet","Mango","Mercury Hourglass","Blood Vial","Astrolabe","Runic Capacitor","Ornamental Fan","Unceasing Top","Regal Pillow"],"potions_floor_usage":[7,20,20,23,33,33,39,47,50,50],"damage_taken":[{"damage":1,"enemies":"Jaw Worm","floor":1,"turns":3},{"damage":0,"enemies":"2 Louse","floor":3,"turns":3},{"damage":1,"enemies":"Cultist","floor":5,"turns":4},{"damage":9,"enemies":"Exordium Thugs","floor":7,"turns":5},{"damage":1,"enemies":"3 Louse","floor":11,"turns":2},{"damage":0,"enemies":"2 Fungi Beasts","floor":14,"turns":3},{"damage":16,"enemies":"Slime Boss","floor":16,"turns":10},{"damage":0,"enemies":"Chosen","floor":18,"turns":7},{"damage":19,"enemies":"2 Thieves","floor":19,"turns":4},{"damage":0,"enemies":"Centurion and Healer","floor":20,"turns":6},{"damage":17,"enemies":"Snecko","floor":21,"turns":5},{"damage":0,"enemies":"Chosen and Byrds","floor":22,"turns":4},{"damage":15,"enemies":"Book of Stabbing","floor":23,"turns":6},{"damage":27,"enemies":"Slavers","floor":28,"turns":6},{"damage":0,"enemies":"Cultist and Chosen","floor":30,"turns":4},{"damage":0,"enemies":"Sentry and Sphere","floor":31,"turns":4},{"damage":71,"enemies":"Collector","floor":33,"turns":12},{"damage":0,"enemies":"Orb Walker","floor":35,"turns":4},{"damage":9,"enemies":"3 Darklings","floor":36,"turns":6},{"damage":0,"enemies":"Spire Growth","floor":39,"turns":6},{"damage":35,"enemies":"Nemesis","floor":40,"turns":9},{"damage":17,"enemies":"2 Orb Walkers","floor":42,"turns":6},{"damage":11,"enemies":"Sphere and 2 Shapes","floor":44,"turns":6},{"damage":0,"enemies":"Maw","floor":46,"turns":6},{"damage":10,"enemies":"Spire Growth","floor":47,"turns":5},{"damage":14,"enemies":"Transient","floor":48,"turns":5},{"damage":8,"enemies":"Time Eater","floor":50,"turns":10}],"seed_played":"-7278084616755181357","potions_obtained":[{"floor":5,"key":"SkillPotion"},{"floor":11,"key":"FocusPotion"},{"floor":14,"key":"SpeedPotion"},{"floor":20,"key":"Fire Potion"},{"floor":21,"key":"FairyPotion"},{"floor":23,"key":"FearPotion"},{"floor":30,"key":"Weak Potion"},{"floor":33,"key":"Strength Potion"},{"floor":36,"key":"SkillPotion"},{"floor":40,"key":"Dexterity Potion"},{"floor":44,"key":"Ancient Potion"},{"floor":48,"key":"Regen Potion"}],"is_trial":false,"path_per_floor":["M","?","M","?","M","R","M","$","T","R","M","$","R","M","R","B",null,"M","M","M","M","M","E","R","?","T","R","E","$","M","M","R","B",null,"M","M","?","$","M","E","R","?","T","M","?","M","M","M","R","B",null],"character_chosen":"DEFECT","items_purchased":["Membership Card","Self Repair","Doom and Gloom","Cold Snap","Redo","Chaos","Mercury Hourglass","Blood Vial","Runic Capacitor"],"campfire_rested":2,"item_purchase_floors":[8,8,8,8,12,29,29,29,38],"current_hp_per_floor":[81,81,81,81,80,80,71,71,71,71,77,77,77,82,82,66,82,82,63,70,53,60,52,76,76,76,76,70,70,79,88,88,19,96,96,87,87,87,89,63,63,48,48,39,39,48,47,42,85,94],"gold":250,"neow_bonus":"TEN_PERCENT_HP_BONUS","is_prod":false,"is_daily":false,"chose_seed":false,"campfire_upgraded":7,"win_rate":0.0,"timestamp":1552182305,"path_taken":["M","?","M","?","M","R","M","$","T","R","?","?","R","M","R","BOSS","M","M","M","M","M","E","R","?","T","R","E","$","M","M","R","BOSS","M","M","?","$","M","E","R","?","T","M","?","M","M","M","R","BOSS"],"build_version":"2019-01-23","purchased_purges":3,"victory":true,"max_hp_per_floor":[82,82,82,82,82,82,82,82,82,82,82,82,82,82,82,82,82,82,82,82,82,82,82,82,82,82,82,96,96,96,96,96,96,96,96,96,96,96,96,96,96,96,96,96,96,96,96,96,96,96],"card_choices":[{"not_picked":["Leap","Doom and Gloom"],"picked":"BootSequence","floor":1},{"not_picked":["Barrage","Reinforced Body"],"picked":"Streamline","floor":3},{"not_picked":["Gash","Double Energy"],"picked":"Conserve Battery","floor":5},{"not_picked":["Barrage","Compile Driver"],"picked":"Go for the Eyes","floor":7},{"not_picked":["Coolheaded","Redo"],"picked":"Cold Snap","floor":11},{"not_picked":["Steam Power","Heatsinks"],"picked":"Redo","floor":14},{"not_picked":["Creative AI","Rainbow"],"picked":"Biased Cognition","floor":16},{"not_picked":["Tempest+1","Compile Driver"],"picked":"Darkness+1","floor":18},{"not_picked":["Tempest","Leap"],"picked":"Beam Cell","floor":19},{"not_picked":["Rebound","Leap+1"],"picked":"Consume+1","floor":20},{"not_picked":["Gash","Turbo"],"picked":"Reprogram","floor":21},{"not_picked":["Rebound","Compile Driver"],"picked":"Stack+1","floor":22},{"not_picked":["Chaos","Aggregate"],"picked":"Core Surge","floor":23},{"not_picked":["Stack","Steam"],"picked":"Defragment+1","floor":24},{"not_picked":["Go for the Eyes","Skim"],"picked":"Electrodynamics","floor":28},{"not_picked":["Sweeping Beam+1","Hello World"],"picked":"Streamline","floor":30},{"not_picked":["Skim","Redo"],"picked":"Hologram+1","floor":31},{"not_picked":["Reboot","Thunder Strike"],"picked":"Machine Learning","floor":33},{"not_picked":["Beam Cell+1","Hologram+1"],"picked":"Chill+1","floor":35},{"not_picked":["Ball Lightning","Redo"],"picked":"Melter+1","floor":36},{"not_picked":["Redo","Rebound"],"picked":"Undo+1","floor":39},{"not_picked":["Undo+1","Force Field"],"picked":"Coolheaded+1","floor":40},{"not_picked":["Turbo","Tempest"],"picked":"Streamline+1","floor":42},{"not_picked":["Skim+1","Chaos+1"],"picked":"White Noise+1","floor":44},{"not_picked":["Barrage","Streamline+1","Tempest"],"picked":"SKIP","floor":46},{"not_picked":["Double Energy","Gash"],"picked":"White Noise+1","floor":47},{"not_picked":["Scrape","Go for the Eyes+1"],"picked":"Glacier+1","floor":48},{"not_picked":["Barrage","Glacier"],"picked":"Double Energy","floor":49}],"player_experience":59807,"relics_obtained":[{"floor":9,"key":"Boot"},{"floor":23,"key":"Dream Catcher"},{"floor":26,"key":"Juzu Bracelet"},{"floor":28,"key":"Mango"},{"floor":40,"key":"Ornamental Fan"},{"floor":42,"key":"Unceasing Top"},{"floor":43,"key":"Regal Pillow"}],"event_choices":[{"damage_healed":0,"gold_gain":175,"player_choice":"AGREE","damage_taken":0,"max_hp_gain":0,"max_hp_loss":0,"event_name":"Liars Game","floor":2,"gold_loss":0,"cards_obtained":["Doubt"]},{"damage_healed":0,"gold_gain":79,"player_choice":"Gained Gold","damage_taken":0,"max_hp_gain":0,"max_hp_loss":0,"event_name":"Golden Wing","floor":4,"gold_loss":0},{"damage_healed":0,"gold_gain":0,"player_choice":"Ignored","damage_taken":0,"max_hp_gain":0,"max_hp_loss":0,"event_name":"Ghosts","floor":25,"gold_loss":0},{"damage_healed":0,"gold_gain":0,"player_choice":"Ignored","damage_taken":0,"max_hp_gain":0,"max_hp_loss":0,"event_name":"Tomb of Lord Red Mask","floor":37,"gold_loss":0},{"damage_healed":0,"gold_gain":0,"player_choice":"Fight","damage_taken":0,"max_hp_gain":0,"max_hp_loss":0,"event_name":"Mysterious Sphere","floor":42,"gold_loss":0},{"cards_removed":["Thunder Strike"],"damage_healed":0,"gold_gain":0,"player_choice":"Removed Attack","damage_taken":0,"max_hp_gain":0,"max_hp_loss":0,"event_name":"Falling","floor":45,"gold_loss":0}],"is_beta":false,"boss_relics":[{"not_picked":["Empty Cage","Black Star"],"picked":"FrozenCore"},{"not_picked":["Busted Crown","Snecko Eye"],"picked":"Astrolabe"}],"items_purged_floors":[8,29,38],"is_endless":false,"potions_floor_spawned":[5,11,14,20,21,23,30,33,36,40,44,48],"ascension_level":0}