{"gold_per_floor":[112,126,142,61,161,187,187,198,198,211,227,227],"floor_reached":12,"playtime":437,"items_purged":[],"score":135,"play_id":"5669c0e2-0eec-48ae-b6ea-adf972dd58e8","local_time":"20190503151701","is_ascension_mode":true,"campfire_choices":[{"floor":7,"key":"REST"}],"neow_cost":"NONE","seed_source_timestamp":314575140048700,"circlet_count":0,"master_deck":["AscendersBane","Strike_R","Strike_R","Strike_R","Strike_R","Strike_R","Defend_R","Defend_R","Defend_R","Defend_R","Bash","Entrench","Shrug It Off","Corruption","Reaper","Entrench","Entrench+1","Power Through+1"],"relics":["Burning Blood","NeowsBlessing","Ornamental Fan","Toxic Egg 2"],"potions_floor_usage":[11,11,12],"damage_taken":[{"damage":0,"enemies":"Cultist","floor":1,"turns":1},{"damage":0,"enemies":"2 Louse","floor":2,"turns":1},{"damage":0,"enemies":"Small Slimes","floor":3,"turns":1},{"damage":61,"enemies":"3 Sentries","floor":6,"turns":16},{"damage":21,"enemies":"Blue Slaver","floor":8,"turns":7},{"damage":18,"enemies":"Red Slaver","floor":10,"turns":6},{"damage":28,"enemies":"Gremlin Gang","floor":11,"turns":6},{"damage":16,"enemies":"Gremlin Nob","floor":12,"turns":3}],"seed_played":"8800826436143364407","potions_obtained":[{"floor":1,"key":"Strength Potion"},{"floor":3,"key":"GamblersBrew"},{"floor":6,"key":"LiquidBronze"},{"floor":11,"key":"LiquidBronze"}],"is_trial":false,"path_per_floor":["M","M","M","$","?","E","R","M","T","M","M","E"],"character_chosen":"IRONCLAD","items_purchased":["Corruption"],"campfire_rested":1,"item_purchase_floors":[4],"current_hp_per_floor":[78,80,80,80,80,25,49,38,38,26,20,8],"gold":227,"neow_bonus":"THREE_ENEMY_KILL","is_prod":false,"is_daily":false,"chose_seed":false,"campfire_upgraded":0,"win_rate":0,"timestamp":1556889421,"path_taken":["M","M","?","?","?","E","R","?","T","M","M","E"],"build_version":"2019-01-23","purchased_purges":0,"victory":false,"max_hp_per_floor":[80,80,80,80,80,80,80,80,80,80,80,80],"card_choices":[{"not_picked":["Dropkick","Clash","Rampage"],"picked":"SKIP","floor":1},{"not_picked":["True Grit","Dual Wield"],"picked":"Entrench","floor":2},{"not_picked":["Pommel Strike","Carnage"],"picked":"Shrug It Off","floor":3},{"not_picked":["Iron Wave","Cleave"],"picked":"Reaper","floor":6},{"not_picked":["Anger","Bloodletting"],"picked":"Entrench","floor":8},{"not_picked":["Bloodletting+1","Havoc+1"],"picked":"Entrench+1","floor":10},{"not_picked":["Cleave","Hemokinesis"],"picked":"Power Through+1","floor":11}],"player_experience":1027618,"relics_obtained":[{"floor":6,"key":"Ornamental Fan"},{"floor":9,"key":"Toxic Egg 2"}],"event_choices":[{"damage_healed":0,"gold_gain":100,"player_choice":"Gold","damage_taken":0,"max_hp_gain":0,"max_hp_loss":0,"event_name":"Wheel of Change","floor":5,"gold_loss":0}],"is_beta":false,"boss_relics":[],"items_purged_floors":[],"is_endless":false,"potions_floor_spawned":[1,3,6,11],"killed_by":"Gremlin Nob","ascension_level":13}