{"gold_per_floor":[119,139,214,164,183,183,183,213,293,305,336,359,385,431,443,553,565,596,608,637,661,738,782,794,832,893,905],"floor_reached":27,"playtime":1312,"items_purged":[],"score":402,"play_id":"8224be0e-787b-44e7-9636-792d34adceb5","local_time":"20190406144533","daily_mods":["Heirloom","DeadlyEvents"],"is_ascension_mode":true,"campfire_choices":[{"data":"1","floor":6,"key":"LIFT"},{"data":"2","floor":10,"key":"LIFT"},{"data":"3","floor":15,"key":"LIFT"},{"floor":24,"key":"REST"}],"neow_cost":"","seed_source_timestamp":1304385364478500,"circlet_count":0,"master_deck":["Strike_R","Strike_R","Strike_R","Strike_R","Defend_R","Defend_R","Defend_R","Bash","Pommel Strike","Flex","Iron Wave","Thunderclap","Infernal Blade","Clash","Fiend Fire","Headbutt","Berserk","Flex+1","Wild Strike","Anger","Clash","Brutality","Heavy Blade","Sentinel"],"relics":["Burning Blood","Girya","MawBank","Gremlin Horn","Bag of Marbles","Philosopher\u0027s Stone","Dream Catcher","Tiny Chest","Question Card","Bag of Preparation","Art of War"],"potions_floor_usage":[8,22,22,22,27],"damage_taken":[{"damage":11,"enemies":"Jaw Worm","floor":1,"turns":2},{"damage":7,"enemies":"Small Slimes","floor":2,"turns":3},{"damage":0,"enemies":"Cultist","floor":5,"turns":2},{"damage":30,"enemies":"Lagavulin","floor":8,"turns":6},{"damage":11,"enemies":"Large Slime","floor":11,"turns":3},{"damage":7,"enemies":"Exordium Thugs","floor":12,"turns":2},{"damage":0,"enemies":"Gremlin Gang","floor":13,"turns":2},{"damage":22,"enemies":"3 Sentries","floor":14,"turns":6},{"damage":16,"enemies":"Slime Boss","floor":16,"turns":5},{"damage":12,"enemies":"Chosen","floor":18,"turns":2},{"damage":1,"enemies":"2 Thieves","floor":20,"turns":2},{"damage":24,"enemies":"Snake Plant","floor":21,"turns":3},{"damage":35,"enemies":"Book of Stabbing","floor":22,"turns":3},{"damage":11,"enemies":"Gremlin Leader","floor":23,"turns":3},{"damage":21,"enemies":"Book of Stabbing","floor":25,"turns":2},{"damage":39,"enemies":"Shelled Parasite and Fungi","floor":27,"turns":3}],"seed_played":"1967481284893312488","potions_obtained":[{"floor":5,"key":"PowerPotion"},{"floor":8,"key":"Poison Potion"},{"floor":11,"key":"LiquidBronze"},{"floor":13,"key":"LiquidBronze"},{"floor":21,"key":"Fire Potion"},{"floor":25,"key":"SpeedPotion"}],"is_trial":true,"path_per_floor":["M","M","?","?","M","R","?","E","T","R","M","M","M","E","R","B",null,"M","?","M","M","E","E","R","E","T","M"],"character_chosen":"IRONCLAD","items_purchased":[],"campfire_rested":1,"item_purchase_floors":[],"current_hp_per_floor":[75,74,63,63,69,69,69,45,45,45,40,39,45,29,29,19,80,74,74,79,61,32,27,51,36,36,0],"gold":905,"neow_bonus":"","is_prod":false,"is_daily":false,"chose_seed":false,"campfire_upgraded":0,"win_rate":0,"timestamp":1554554733,"path_taken":["M","M","?","?","M","R","?","E","T","R","M","M","M","?","R","BOSS","M","?","M","?","?","E","R","E","T","M"],"build_version":"2019-01-23","purchased_purges":0,"victory":false,"max_hp_per_floor":[80,80,80,80,80,80,80,80,80,80,80,80,80,80,80,80,80,80,80,80,80,80,80,80,80,80,80],"card_choices":[{"not_picked":["Thunderclap","Flex"],"picked":"Pommel Strike","floor":1},{"not_picked":["Entrench","Twin Strike"],"picked":"Flex","floor":2},{"not_picked":["Havoc","Perfected Strike"],"picked":"Iron Wave","floor":5},{"not_picked":["True Grit","Corruption"],"picked":"Thunderclap","floor":8},{"not_picked":["Headbutt","Sever Soul"],"picked":"Infernal Blade","floor":11},{"not_picked":["Feel No Pain","Warcry"],"picked":"Clash","floor":12},{"not_picked":["Inflame","Combust"],"picked":"Fiend Fire","floor":13},{"not_picked":["Havoc","Intimidate"],"picked":"Headbutt","floor":14},{"not_picked":["Exhume","Feed"],"picked":"Berserk","floor":16},{"not_picked":["Thunderclap","Heavy Blade"],"picked":"Flex+1","floor":18},{"not_picked":["Feel No Pain","Uppercut+1"],"picked":"Wild Strike","floor":20},{"not_picked":["Havoc","Armaments"],"picked":"Anger","floor":21},{"not_picked":["Armaments","Body Slam"],"picked":"Clash","floor":22},{"not_picked":["Sentinel","Sever Soul"],"picked":"Brutality","floor":23},{"not_picked":["Feel No Pain","Anger","Dual Wield"],"picked":"Heavy Blade","floor":24},{"not_picked":["Juggernaut","Perfected Strike","Burning Pact"],"picked":"Sentinel","floor":25}],"player_experience":134178,"relics_obtained":[{"floor":8,"key":"MawBank"},{"floor":9,"key":"Gremlin Horn"},{"floor":14,"key":"Bag of Marbles"},{"floor":22,"key":"Tiny Chest"},{"floor":23,"key":"Question Card"},{"floor":25,"key":"Bag of Preparation"},{"floor":26,"key":"Art of War"}],"event_choices":[{"damage_healed":0,"gold_gain":75,"player_choice":"Gather Gold","damage_taken":11,"max_hp_gain":0,"max_hp_loss":0,"event_name":"World of Goop","floor":3,"gold_loss":0},{"cards_removed":["Defend_R"],"damage_healed":0,"gold_gain":0,"player_choice":"Card Removal","damage_taken":0,"max_hp_gain":0,"max_hp_loss":0,"event_name":"The Cleric","floor":4,"gold_loss":50},{"cards_removed":["Strike_R"],"damage_healed":0,"gold_gain":0,"player_choice":"Purged","damage_taken":0,"max_hp_gain":0,"max_hp_loss":0,"event_name":"Purifier","floor":7,"gold_loss":0},{"damage_healed":0,"gold_gain":0,"player_choice":"Opened","damage_taken":0,"relics_obtained":["Dream Catcher"],"max_hp_gain":0,"max_hp_loss":0,"event_name":"The Mausoleum","floor":19,"gold_loss":0}],"is_beta":false,"boss_relics":[{"not_picked":["Cursed Key","Tiny House"],"picked":"Philosopher\u0027s Stone"}],"items_purged_floors":[],"is_endless":true,"potions_floor_spawned":[5,8,11,13,21,25],"killed_by":"Shelled Parasite and Fungi","ascension_level":1}