{"gold_per_floor":[116,191,205,205,215,247,247,265,288,288,53,53,64,64,64,64],"floor_reached":16,"playtime":558,"items_purged":["Defend_R"],"score":135,"play_id":"1ea3202d-bc4b-45df-8e83-22346161f0d5","local_time":"20190506233726","is_ascension_mode":true,"campfire_choices":[{"floor":7,"key":"REST"},{"data":"Shockwave","floor":10,"key":"SMITH"},{"data":"Offering","floor":12,"key":"SMITH"},{"data":"Bash","floor":15,"key":"SMITH"}],"neow_cost":"NONE","seed_source_timestamp":406908176021570,"circlet_count":0,"master_deck":["Strike_R","Strike_R","Strike_R","Strike_R","Defend_R","Defend_R","Defend_R","Bash+1","Shrug It Off","Shockwave+1","Offering+1"],"relics":["Burning Blood","NeowsBlessing","Bag of Preparation","Happy Flower"],"potions_floor_usage":[16,16],"damage_taken":[{"damage":0,"enemies":"Jaw Worm","floor":1,"turns":1},{"damage":0,"enemies":"Cultist","floor":3,"turns":1},{"damage":0,"enemies":"Small Slimes","floor":5,"turns":1},{"damage":51,"enemies":"Lagavulin","floor":6,"turns":8},{"damage":9,"enemies":"3 Louse","floor":8,"turns":6},{"damage":6,"enemies":"2 Fungi Beasts","floor":13,"turns":3},{"damage":71,"enemies":"The Guardian","floor":16,"turns":15}],"seed_played":"-5098152478616186173","potions_obtained":[{"floor":8,"key":"Weak Potion"},{"floor":13,"key":"Regen Potion"}],"is_trial":false,"path_per_floor":["M","?","M","?","M","E","R","M","T","R","$","R","M","?","R","B"],"character_chosen":"IRONCLAD","items_purchased":["Offering"],"campfire_rested":1,"item_purchase_floors":[11],"current_hp_per_floor":[78,67,73,73,79,34,58,55,55,55,55,55,55,55,55,0],"gold":64,"neow_bonus":"THREE_ENEMY_KILL","is_prod":false,"is_daily":false,"chose_seed":false,"campfire_upgraded":3,"win_rate":0,"timestamp":1557178646,"path_taken":["M","?","M","?","?","E","R","M","T","R","$","R","M","?","R","BOSS"],"build_version":"2019-01-23","purchased_purges":1,"victory":false,"max_hp_per_floor":[80,80,80,80,80,80,80,80,80,80,80,80,80,80,80,80],"card_choices":[{"not_picked":["Flex","Headbutt","Havoc"],"picked":"SKIP","floor":1},{"not_picked":["Blood for Blood","Body Slam"],"picked":"Shrug It Off","floor":3},{"not_picked":["Iron Wave","Rampage"],"picked":"Shockwave","floor":5},{"not_picked":["Havoc","Rampage","Bloodletting"],"picked":"SKIP","floor":6},{"not_picked":["Fire Breathing","Intimidate","Armaments"],"picked":"SKIP","floor":8},{"not_picked":["Shrug It Off","Fire Breathing","Clash"],"picked":"SKIP","floor":13}],"player_experience":416452,"relics_obtained":[{"floor":6,"key":"Bag of Preparation"},{"floor":9,"key":"Happy Flower"}],"event_choices":[{"damage_healed":0,"gold_gain":75,"player_choice":"Gather Gold","damage_taken":11,"max_hp_gain":0,"max_hp_loss":0,"event_name":"World of Goop","floor":2,"gold_loss":0},{"cards_removed":["Strike_R"],"damage_healed":0,"gold_gain":0,"player_choice":"Offered Basic","damage_taken":0,"max_hp_gain":0,"max_hp_loss":0,"event_name":"Bonfire Elementals","floor":4,"gold_loss":0},{"damage_healed":0,"gold_gain":0,"player_choice":"Ignored","damage_taken":0,"max_hp_gain":0,"max_hp_loss":0,"event_name":"Liars Game","floor":14,"gold_loss":0}],"is_beta":false,"boss_relics":[],"items_purged_floors":[11],"is_endless":false,"potions_floor_spawned":[8,13],"killed_by":"The Guardian","ascension_level":7}