{"gold_per_floor":[109,126,126,42,53,81,81,81,111,125,137,170,186,186,186,287,287,307,247,0,71,90,123,123,123,149,160,160,179,204,204,204,302,302,312,322,7,22,22,22,50,50,103,115,115,215,269,303,303,303],"floor_reached":51,"playtime":2277,"items_purged":["Defend_R","Rampage"],"score":1203,"play_id":"cf3ab2d5-ef18-4c9f-be32-1cdf4f393179","local_time":"20190404093512","is_ascension_mode":true,"campfire_choices":[{"data":"Bandage Up","floor":8,"key":"SMITH"},{"data":"Cleave","floor":15,"key":"SMITH"},{"floor":24,"key":"REST"},{"floor":28,"key":"REST"},{"data":"Heavy Blade","floor":32,"key":"SMITH"},{"data":"Inflame","floor":40,"key":"SMITH"},{"data":"Heavy Blade","floor":42,"key":"SMITH"},{"data":"Pummel","floor":49,"key":"SMITH"}],"neow_cost":"NONE","seed_source_timestamp":86100904428667,"circlet_count":0,"master_deck":["Defend_R","Bash","Thunderclap","Shrug It Off","Bandage Up+1","Pommel Strike","Cleave+1","True Grit+1","Disarm+1","Inflame+1","Limit Break+1","Havoc+1","Clothesline","Metallicize","Bandage Up+1","Rampage","Battle Trance+1","Shrug It Off+1","Heavy Blade+1","Inflame+1","Heavy Blade+1","Ghostly+1","Ghostly+1","Ghostly+1","Ghostly+1","Ghostly+1","Reaper","Pummel+1","Limit Break+1"],"relics":["Burning Blood","Toxic Egg 2","Tiny Chest","Blue Candle","Mercury Hourglass","Empty Cage","Frozen Egg 2","Centennial Puzzle","Strawberry","Nunchaku","Busted Crown","PreservedInsect","Juzu Bracelet","Ancient Tea Set","Torii","Happy Flower","Dream Catcher"],"potions_floor_usage":[16,23,23,33,50,50],"damage_taken":[{"damage":5,"enemies":"2 Louse","floor":1,"turns":3},{"damage":7,"enemies":"Jaw Worm","floor":2,"turns":3},{"damage":6,"enemies":"Cultist","floor":5,"turns":4},{"damage":32,"enemies":"Lagavulin","floor":6,"turns":7},{"damage":15,"enemies":"Red Slaver","floor":10,"turns":3},{"damage":0,"enemies":"Large Slime","floor":11,"turns":4},{"damage":18,"enemies":"3 Sentries","floor":12,"turns":9},{"damage":17,"enemies":"Looter","floor":13,"turns":3},{"damage":43,"enemies":"Slime Boss","floor":16,"turns":7},{"damage":18,"enemies":"Chosen","floor":18,"turns":5},{"damage":30,"enemies":"Spheric Guardian","floor":22,"turns":4},{"damage":44,"enemies":"Book of Stabbing","floor":23,"turns":6},{"damage":4,"enemies":"Centurion and Healer","floor":27,"turns":6},{"damage":9,"enemies":"Snecko","floor":29,"turns":5},{"damage":72,"enemies":"Slavers","floor":30,"turns":6},{"damage":48,"enemies":"Automaton","floor":33,"turns":10},{"damage":13,"enemies":"3 Shapes","floor":35,"turns":6},{"damage":8,"enemies":"3 Darklings","floor":36,"turns":5},{"damage":27,"enemies":"4 Shapes","floor":38,"turns":4},{"damage":0,"enemies":"Giant Head","floor":41,"turns":6},{"damage":9,"enemies":"Writhing Mass","floor":44,"turns":5},{"damage":1,"enemies":"Mind Bloom Boss Battle","floor":46,"turns":4},{"damage":0,"enemies":"Nemesis","floor":48,"turns":5},{"damage":47,"enemies":"Awakened One","floor":50,"turns":8}],"seed_played":"2241285078794781583","potions_obtained":[{"floor":2,"key":"Poison Potion"},{"floor":6,"key":"SteroidPotion"},{"floor":16,"key":"Explosive Potion"},{"floor":23,"key":"Swift Potion"},{"floor":33,"key":"Strength Potion"},{"floor":38,"key":"Energy Potion"},{"floor":46,"key":"Block Potion"}],"is_trial":false,"path_per_floor":["M","M","?","$","M","E","?","R","T","M","M","E","M","T","R","B",null,"M","?","$","T","M","E","R","?","T","M","R","M","E","?","R","B",null,"M","M","$","M","?","R","E","R","T","M","T","?","T","E","R","B",null],"character_chosen":"IRONCLAD","items_purchased":["Bandage Up","Bandage Up+1","Rampage","Pummel","Limit Break+1"],"campfire_rested":2,"item_purchase_floors":[4,20,20,37,37],"current_hp_per_floor":[81,80,80,80,84,62,55,55,55,52,64,58,53,53,53,22,72,66,66,66,66,54,28,54,37,44,58,88,97,43,43,43,8,40,44,50,50,41,41,41,50,50,50,50,50,50,50,50,50,39],"gold":303,"neow_bonus":"TEN_PERCENT_HP_BONUS","is_prod":false,"is_daily":false,"chose_seed":false,"campfire_upgraded":6,"win_rate":0,"timestamp":1554395712,"path_taken":["M","M","?","$","M","E","?","R","T","M","M","E","M","?","R","BOSS","M","?","$","?","?","E","R","?","T","M","R","M","E","?","R","BOSS","M","M","$","M","?","R","E","R","T","M","?","?","?","E","R","BOSS"],"build_version":"2019-01-23","purchased_purges":2,"victory":true,"max_hp_per_floor":[88,88,88,88,88,88,88,88,88,88,88,88,88,88,88,88,88,88,88,88,88,88,88,88,93,100,100,100,100,100,50,50,50,50,50,50,50,50,50,50,50,50,50,50,50,50,50,50,50,50],"card_choices":[{"not_picked":["Fire Breathing","Seeing Red"],"picked":"Thunderclap","floor":1},{"not_picked":["True Grit","Headbutt"],"picked":"Shrug It Off","floor":2},{"not_picked":["Rage","Warcry"],"picked":"Pommel Strike","floor":5},{"not_picked":["Battle Trance","Armaments"],"picked":"Cleave","floor":6},{"not_picked":["Bloodletting+1","Armaments+1"],"picked":"True Grit+1","floor":10},{"not_picked":["Iron Wave","Hemokinesis"],"picked":"Disarm+1","floor":11},{"not_picked":["True Grit+1","Searing Blow"],"picked":"Inflame","floor":12},{"not_picked":["Thunderclap","Pommel Strike","Fire Breathing"],"picked":"SKIP","floor":13},{"not_picked":["Offering+1","Juggernaut"],"picked":"Limit Break+1","floor":16},{"not_picked":["Flex+1","Heavy Blade"],"picked":"Havoc+1","floor":18},{"not_picked":["Blood for Blood","Rage+1"],"picked":"Battle Trance+1","floor":22},{"not_picked":["Flex+1","Exhume+1"],"picked":"Shrug It Off+1","floor":23},{"not_picked":["Power Through+1","Armaments+1"],"picked":"Heavy Blade","floor":27},{"not_picked":["Sword Boomerang+1","Anger"],"picked":"Inflame+1","floor":29},{"not_picked":["True Grit+1","Whirlwind"],"picked":"Heavy Blade","floor":30},{"not_picked":["Juggernaut+1","Bludgeon"],"picked":"Reaper","floor":33},{"not_picked":["Warcry+1"],"picked":"SKIP","floor":35},{"not_picked":["Rupture+1"],"picked":"SKIP","floor":36},{"not_picked":["Cleave+1"],"picked":"SKIP","floor":38},{"not_picked":["Thunderclap"],"picked":"SKIP","floor":41},{"not_picked":["Perfected Strike+1"],"picked":"SKIP","floor":44},{"not_picked":["Rage+1"],"picked":"SKIP","floor":48}],"player_experience":371745,"relics_obtained":[{"floor":6,"key":"Toxic Egg 2"},{"floor":9,"key":"Tiny Chest"},{"floor":12,"key":"Blue Candle"},{"floor":14,"key":"Mercury Hourglass"},{"floor":21,"key":"Frozen Egg 2"},{"floor":23,"key":"Centennial Puzzle"},{"floor":26,"key":"Strawberry"},{"floor":30,"key":"Nunchaku"},{"floor":41,"key":"PreservedInsect"},{"floor":43,"key":"Juzu Bracelet"},{"floor":45,"key":"Ancient Tea Set"},{"floor":46,"key":"Torii"},{"floor":47,"key":"Happy Flower"},{"floor":48,"key":"Dream Catcher"}],"event_choices":[{"damage_healed":0,"gold_gain":0,"cards_transformed":["Strike_R"],"player_choice":"Change","damage_taken":0,"max_hp_gain":0,"max_hp_loss":0,"event_name":"Living Wall","floor":3,"gold_loss":0,"cards_obtained":["Rampage"]},{"cards_removed":["Strike_R"],"damage_healed":0,"gold_gain":0,"player_choice":"Card Removal","damage_taken":7,"max_hp_gain":0,"max_hp_loss":0,"event_name":"Golden Wing","floor":7,"gold_loss":0},{"damage_healed":0,"gold_gain":0,"cards_transformed":["Defend_R","Strike_R"],"player_choice":"Transformed Cards","damage_taken":0,"max_hp_gain":0,"max_hp_loss":0,"event_name":"Designer","floor":19,"gold_loss":60,"cards_obtained":["Clothesline","Metallicize"]},{"damage_healed":0,"gold_gain":0,"player_choice":"Shed Blood","damage_taken":22,"max_hp_gain":5,"max_hp_loss":0,"event_name":"Forgotten Altar","floor":25,"gold_loss":0},{"damage_healed":0,"gold_gain":0,"player_choice":"Became a Ghost","damage_taken":0,"max_hp_gain":0,"max_hp_loss":50,"event_name":"Ghosts","floor":31,"gold_loss":0,"cards_obtained":["Ghostly","Ghostly","Ghostly","Ghostly","Ghostly"]},{"cards_removed":["Defend_R"],"damage_healed":0,"gold_gain":0,"player_choice":"Removed Skill","damage_taken":0,"max_hp_gain":0,"max_hp_loss":0,"event_name":"Falling","floor":39,"gold_loss":0},{"damage_healed":0,"gold_gain":0,"player_choice":"Fight","damage_taken":0,"max_hp_gain":0,"max_hp_loss":0,"event_name":"MindBloom","floor":46,"gold_loss":0}],"is_beta":false,"boss_relics":[{"not_picked":["Fusion Hammer","Mark of Pain"],"picked":"Empty Cage"},{"not_picked":["Black Blood","Sozu"],"picked":"Busted Crown"}],"items_purged_floors":[20,37],"is_endless":false,"potions_floor_spawned":[2,6,16,23,33,38,46,48],"ascension_level":9}