{"gold_per_floor":[109,121,136,136,148,148,175,250,250,268,283,315,315,329,329,329],"floor_reached":16,"playtime":506,"items_purged":[],"score":114,"play_id":"5a63b969-cacf-48b6-ad0b-e0482eedcd71","local_time":"20190310131819","is_ascension_mode":false,"campfire_choices":[{"data":"Bash","floor":13,"key":"SMITH"},{"data":"Perfected Strike","floor":15,"key":"SMITH"}],"neow_cost":"","seed_source_timestamp":0,"circlet_count":0,"master_deck":["Strike_R","Strike_R","Strike_R","Strike_R","Strike_R","Defend_R","Defend_R","Defend_R","Defend_R","Bash+1","Dropkick","Perfected Strike+1","Pommel Strike","Thunderclap","Dropkick","Metallicize","Pommel Strike","Inflame","Shockwave"],"special_seed":0,"relics":["Burning Blood","Letter Opener","Paper Frog","Mercury Hourglass"],"potions_floor_usage":[10,12,16],"damage_taken":[{"damage":4,"enemies":"2 Louse","floor":1,"turns":4},{"damage":0,"enemies":"Cultist","floor":2,"turns":2},{"damage":6,"enemies":"Jaw Worm","floor":3,"turns":4},{"damage":10,"enemies":"Looter","floor":5,"turns":3},{"damage":31,"enemies":"Lagavulin","floor":7,"turns":5},{"damage":19,"enemies":"Exordium Thugs","floor":10,"turns":4},{"damage":0,"enemies":"Exordium Wildlife","floor":11,"turns":3},{"damage":23,"enemies":"3 Sentries","floor":12,"turns":7},{"damage":7,"enemies":"Blue Slaver","floor":14,"turns":2},{"damage":24,"enemies":"The Guardian","floor":16,"turns":7}],"seed_played":"5250899905871361756","potions_obtained":[{"floor":7,"key":"PowerPotion"},{"floor":10,"key":"Strength Potion"},{"floor":11,"key":"AttackPotion"},{"floor":14,"key":"Strength Potion"}],"is_trial":false,"path_per_floor":["M","M","M","?","M","?","E","?","T","M","M","E","R","M","R","B"],"character_chosen":"IRONCLAD","items_purchased":[],"campfire_rested":0,"item_purchase_floors":[],"current_hp_per_floor":[80,80,80,80,76,81,56,48,48,35,41,24,24,23,23,0],"gold":329,"neow_bonus":"","is_prod":false,"is_daily":false,"chose_seed":false,"campfire_upgraded":2,"win_rate":0.0,"timestamp":1552249099,"path_taken":["M","M","M","?","?","?","E","?","T","M","M","E","R","M","R","BOSS"],"build_version":"2019-01-23","purchased_purges":0,"victory":false,"max_hp_per_floor":[80,80,80,80,80,85,85,85,85,85,85,85,85,85,85,85],"card_choices":[{"not_picked":["Anger","Clothesline"],"picked":"Dropkick","floor":1},{"not_picked":["Infernal Blade","Shrug It Off"],"picked":"Perfected Strike","floor":2},{"not_picked":["Flex","Warcry"],"picked":"Pommel Strike","floor":3},{"not_picked":["Pommel Strike","Twin Strike"],"picked":"Thunderclap","floor":5},{"not_picked":["Cleave","Body Slam"],"picked":"Dropkick","floor":7},{"not_picked":["Pommel Strike","Juggernaut"],"picked":"Metallicize","floor":10},{"not_picked":["Whirlwind","Clash"],"picked":"Pommel Strike","floor":11},{"not_picked":["Body Slam","Uppercut"],"picked":"Inflame","floor":12},{"not_picked":["Anger","Thunderclap"],"picked":"Shockwave","floor":14}],"player_experience":0,"relics_obtained":[{"floor":7,"key":"Letter Opener"},{"floor":9,"key":"Paper Frog"},{"floor":12,"key":"Mercury Hourglass"}],"event_choices":[{"damage_healed":0,"gold_gain":0,"player_choice":"Bought 0 Potions","damage_taken":0,"max_hp_gain":0,"max_hp_loss":0,"event_name":"The Woman in Blue","floor":4,"gold_loss":0},{"damage_healed":0,"gold_gain":0,"player_choice":"Donut","damage_taken":0,"max_hp_gain":5,"max_hp_loss":0,"event_name":"Big Fish","floor":6,"gold_loss":0},{"damage_healed":0,"gold_gain":75,"player_choice":"Touch","damage_taken":8,"max_hp_gain":0,"max_hp_loss":0,"event_name":"FaceTrader","floor":8,"gold_loss":0}],"is_beta":false,"boss_relics":[],"items_purged_floors":[],"is_endless":false,"potions_floor_spawned":[7,10,11,14],"killed_by":"The Guardian","ascension_level":0}