{"gold_per_floor":[114,127,402,421,81,106,123,154,154,172,172,183,183,106,106,201,201,211,211,224,54,70,97,97,129,152,152,170,201,126,126,126,223,223,234,90,90,102,121,150,168,168,168,197,197,297,316,330,330,330,330,330,78,111,111],"floor_reached":55,"playtime":4609,"items_purged":["Regret","Defend_R"],"score":963,"play_id":"da91afc0-2322-4182-9318-b2bcc1d1c599","local_time":"20190323211155","is_ascension_mode":true,"campfire_choices":[{"data":"Panacea","floor":11,"key":"SMITH"},{"data":"Demon Form","floor":13,"key":"SMITH"},{"data":"Pommel Strike","floor":15,"key":"SMITH"},{"data":"Apotheosis","floor":24,"key":"SMITH"},{"floor":27,"key":"REST"},{"floor":32,"key":"REST"},{"floor":42,"key":"RECALL"},{"floor":45,"key":"REST"},{"data":"Limit Break","floor":49,"key":"SMITH"},{"data":"Bash","floor":52,"key":"SMITH"}],"neow_cost":"NONE","seed_source_timestamp":776824994071982,"circlet_count":0,"master_deck":["Strike_R","Strike_R","Strike_R","Strike_R","Strike_R","Defend_R+1","Defend_R","Bash+1","Demon Form+1","Sword Boomerang","Pommel Strike+1","Perfected Strike","Panacea+1","Warcry+1","Perfected Strike","Carnage","Rampage","Headbutt","Perfected Strike","Ghostly Armor","Power Through","Perfected Strike","Shrug It Off","Ghostly Armor","Whirlwind","Perfected Strike","Inflame","Apotheosis+1","Pommel Strike","Battle Trance","Limit Break+1","Blood for Blood+1","Warcry+1","Impervious","Disarm+1","Dark Shackles","True Grit+1","Shrug It Off","Inflame","Twin Strike+1","Wild Strike","Pommel Strike+1","Heavy Blade+1"],"relics":["Burning Blood","Orichalcum","Bag of Preparation","Gambling Chip","Bird Faced Urn","Orrery","Pocketwatch","Paper Frog","Mercury Hourglass","Enchiridion","Sozu","Vajra","Blood Vial","Unceasing Top","Turnip","StoneCalendar","War Paint","Art of War"],"potions_floor_usage":[6,16,23,23,25,29,33],"damage_taken":[{"damage":6,"enemies":"Cultist","floor":1,"turns":4},{"damage":9,"enemies":"Jaw Worm","floor":2,"turns":4},{"damage":3,"enemies":"2 Louse","floor":4,"turns":3},{"damage":20,"enemies":"Gremlin Nob","floor":6,"turns":4},{"damage":7,"enemies":"Exordium Wildlife","floor":7,"turns":3},{"damage":24,"enemies":"3 Sentries","floor":8,"turns":5},{"damage":3,"enemies":"2 Fungi Beasts","floor":10,"turns":2},{"damage":13,"enemies":"Large Slime","floor":12,"turns":4},{"damage":24,"enemies":"Hexaghost","floor":16,"turns":7},{"damage":4,"enemies":"Chosen","floor":18,"turns":4},{"damage":5,"enemies":"Spheric Guardian","floor":20,"turns":3},{"damage":11,"enemies":"Centurion and Healer","floor":22,"turns":6},{"damage":49,"enemies":"Book of Stabbing","floor":23,"turns":5},{"damage":24,"enemies":"Slavers","floor":25,"turns":5},{"damage":0,"enemies":"Cultist and Chosen","floor":28,"turns":5},{"damage":15,"enemies":"Book of Stabbing","floor":29,"turns":4},{"damage":28,"enemies":"Automaton","floor":33,"turns":10},{"damage":0,"enemies":"Orb Walker","floor":35,"turns":2},{"damage":13,"enemies":"3 Darklings","floor":38,"turns":4},{"damage":12,"enemies":"Spire Growth","floor":39,"turns":3},{"damage":27,"enemies":"Giant Head","floor":40,"turns":6},{"damage":14,"enemies":"Writhing Mass","floor":41,"turns":4},{"damage":55,"enemies":"Reptomancer","floor":44,"turns":5},{"damage":3,"enemies":"Mind Bloom Boss Battle","floor":46,"turns":6},{"damage":4,"enemies":"Transient","floor":47,"turns":5},{"damage":5,"enemies":"Sphere and 2 Shapes","floor":48,"turns":4},{"damage":28,"enemies":"Time Eater","floor":50,"turns":5},{"damage":36,"enemies":"Shield and Spear","floor":54,"turns":6},{"damage":54,"enemies":"The Heart","floor":55,"turns":3}],"seed_played":"4219770256375925013","potions_obtained":[{"floor":4,"key":"Explosive Potion"},{"floor":6,"key":"Dexterity Potion"},{"floor":8,"key":"Regen Potion"},{"floor":12,"key":"Regen Potion"},{"floor":20,"key":"Fire Potion"},{"floor":25,"key":"Energy Potion"},{"floor":29,"key":"SkillPotion"}],"is_trial":false,"path_per_floor":["M","M","?","M","$","E","M","E","T","M","R","M","R","$","R","B",null,"M","?","M","$","M","E","R","E","T","R","M","E","?","?","R","B",null,"M","$","?","M","M","E","M","R","T","E","R","?","M","M","R","B",null,"R","$","E","B"],"character_chosen":"IRONCLAD","items_purchased":["Panacea","Warcry","Orichalcum","Ghostly Armor","Apotheosis","Vajra","War Paint"],"campfire_rested":3,"item_purchase_floors":[5,5,5,14,21,36,53],"current_hp_per_floor":[80,77,77,80,80,66,65,47,47,50,50,43,43,43,43,42,80,80,80,80,80,77,46,46,28,28,52,60,51,51,35,59,41,80,80,80,80,73,71,56,56,56,56,13,37,50,58,67,67,51,80,80,80,50,0],"gold":111,"neow_bonus":"ONE_RANDOM_RARE_CARD","is_prod":false,"is_daily":false,"chose_seed":false,"campfire_upgraded":6,"win_rate":0,"timestamp":1553343115,"path_taken":["M","M","?","M","$","E","M","E","T","M","R","?","R","$","R","BOSS","M","?","?","$","M","E","R","E","T","R","M","E","?","?","R","BOSS","M","$","?","M","M","E","M","R","T","E","R","?","M","M","R","BOSS","R","$","E","BOSS"],"build_version":"2019-01-23","purchased_purges":2,"victory":false,"max_hp_per_floor":[80,80,80,80,80,80,80,80,80,80,80,80,80,80,80,80,80,80,80,80,80,80,80,80,80,80,80,80,80,80,80,80,80,80,80,80,80,80,80,80,80,80,80,80,80,80,80,80,80,80,80,80,80,80,80],"card_choices":[{"not_picked":["Clash","Havoc"],"picked":"Sword Boomerang","floor":1},{"not_picked":["Warcry","Sentinel"],"picked":"Pommel Strike","floor":2},{"not_picked":["Cleave","Spot Weakness"],"picked":"Perfected Strike","floor":4},{"not_picked":["Offering","Armaments"],"picked":"Perfected Strike","floor":6},{"not_picked":["Intimidate","Clash"],"picked":"Carnage","floor":7},{"not_picked":["Reckless Charge","Havoc"],"picked":"Rampage","floor":8},{"not_picked":["Warcry","Body Slam"],"picked":"Headbutt","floor":10},{"not_picked":["True Grit","Shrug It Off"],"picked":"Perfected Strike","floor":12},{"not_picked":["Hemokinesis","Corruption"],"picked":"Power Through","floor":17},{"not_picked":["Evolve","Warcry"],"picked":"Perfected Strike","floor":17},{"not_picked":["Bloodletting","Dual Wield"],"picked":"Shrug It Off","floor":17},{"not_picked":["Iron Wave","Carnage"],"picked":"Ghostly Armor","floor":17},{"not_picked":["Rupture","Clothesline"],"picked":"Whirlwind","floor":18},{"not_picked":["Sentinel","Anger"],"picked":"Inflame","floor":20},{"not_picked":["Sever Soul","Headbutt"],"picked":"Pommel Strike","floor":22},{"not_picked":["Burning Pact+1","Headbutt"],"picked":"Battle Trance","floor":23},{"not_picked":["Battle Trance","Sentinel"],"picked":"Limit Break","floor":25},{"not_picked":["Reckless Charge","Wild Strike"],"picked":"Blood for Blood+1","floor":28},{"not_picked":["Whirlwind","Pummel"],"picked":"Warcry+1","floor":29},{"not_picked":["Exhume","Dark Embrace"],"picked":"Impervious","floor":33},{"not_picked":["Wild Strike","Twin Strike+1"],"picked":"Disarm+1","floor":35},{"not_picked":["Panache","Jack Of All Trades"],"picked":"Dark Shackles","floor":37},{"not_picked":["Clothesline","Rage"],"picked":"True Grit+1","floor":38},{"not_picked":["Combust","Shrug It Off","Hemokinesis"],"picked":"SKIP","floor":39},{"not_picked":["Clash","Thunderclap"],"picked":"Shrug It Off","floor":40},{"not_picked":["Body Slam+1","Infernal Blade"],"picked":"Inflame","floor":41},{"not_picked":["True Grit+1","Shrug It Off"],"picked":"Twin Strike+1","floor":44},{"not_picked":["Clash+1","Cleave+1"],"picked":"Wild Strike","floor":46},{"not_picked":["Feed","Clash+1","Wild Strike"],"picked":"SKIP","floor":47},{"not_picked":["Clash+1","Ghostly Armor"],"picked":"Pommel Strike+1","floor":48},{"not_picked":["Armaments+1","Perfected Strike"],"picked":"Heavy Blade+1","floor":54}],"player_experience":143354,"relics_obtained":[{"floor":6,"key":"Bag of Preparation"},{"floor":8,"key":"Gambling Chip"},{"floor":9,"key":"Bird Faced Urn"},{"floor":23,"key":"Pocketwatch"},{"floor":25,"key":"Paper Frog"},{"floor":29,"key":"Mercury Hourglass"},{"floor":31,"key":"Enchiridion"},{"floor":40,"key":"Blood Vial"},{"floor":43,"key":"Unceasing Top"},{"floor":44,"key":"Turnip"},{"floor":46,"key":"StoneCalendar"},{"floor":54,"key":"Art of War"}],"event_choices":[{"damage_healed":0,"gold_gain":275,"player_choice":"Desecrate","damage_taken":0,"max_hp_gain":0,"max_hp_loss":0,"event_name":"Golden Shrine","floor":3,"gold_loss":0,"cards_obtained":["Regret"]},{"damage_healed":0,"gold_gain":0,"player_choice":"Copied","damage_taken":0,"max_hp_gain":0,"max_hp_loss":0,"event_name":"Duplicator","floor":19,"gold_loss":0,"cards_obtained":["Perfected Strike"]},{"cards_removed":["Defend_R"],"damage_healed":0,"gold_gain":0,"player_choice":"Gave Gold","damage_taken":0,"max_hp_gain":0,"max_hp_loss":0,"event_name":"Beggar","floor":30,"gold_loss":75},{"damage_healed":0,"gold_gain":0,"player_choice":"Obtained Book","damage_taken":16,"max_hp_gain":0,"max_hp_loss":0,"event_name":"Cursed Tome","floor":31,"gold_loss":0},{"damage_healed":0,"gold_gain":0,"player_choice":"Memory 1","damage_taken":0,"max_hp_gain":0,"max_hp_loss":0,"event_name":"SensoryStone","floor":37,"gold_loss":0},{"damage_healed":0,"gold_gain":0,"player_choice":"Fight","damage_taken":0,"max_hp_gain":0,"max_hp_loss":0,"event_name":"MindBloom","floor":46,"gold_loss":0}],"is_beta":false,"boss_relics":[{"not_picked":["Snecko Eye","Ectoplasm"],"picked":"Orrery"},{"not_picked":["Empty Cage","Black Star"],"picked":"Sozu"}],"items_purged_floors":[5,53],"is_endless":false,"potions_floor_spawned":[4,6,8,12,20,25,29,35,39,54],"killed_by":"The Heart","ascension_level":3}