{"gold_per_floor":[117,131,145,206,61,94,94,125,125,159,159,194,194,209,209,304,304,320,14,32,43,43,68,68,98,160,198,210,237,249,9,9,106,106,117,117,87,100,100,100,114,134,134,165,165,185,185,202,202,202],"floor_reached":50,"playtime":2710,"items_purged":["Strike_B"],"score":616,"play_id":"31009073-2c55-42e6-ab54-655a832cc6c6","local_time":"20190425185420","is_ascension_mode":true,"campfire_choices":[{"floor":7,"key":"REST"},{"floor":11,"key":"REST"},{"data":"Zap","floor":13,"key":"SMITH"},{"data":"Beam Cell","floor":15,"key":"SMITH"},{"data":"Metamorphosis","floor":24,"key":"SMITH"},{"floor":28,"key":"REST"},{"floor":32,"key":"REST"},{"floor":40,"key":"REST"},{"floor":45,"key":"REST"},{"floor":49,"key":"REST"}],"neow_cost":"NONE","seed_source_timestamp":932971325458098,"circlet_count":0,"master_deck":["Strike_B","Defend_B","Defend_B","Defend_B","Defend_B","Zap+1","Dualcast","Machine Learning","Beam Cell+1","Gash","Streamline","Gash","Gash","Loop+1","BootSequence","Scrape","Electrodynamics+1","Metamorphosis+1","White Noise+1","Redo+1","Cold Snap","Biased Cognition+1","Core Surge","Seek+1","Biased Cognition+1","Panacea","Tempest+1","Gash","Cold Snap+1","BootSequence"],"relics":["Cracked Core","Omamori","Oddly Smooth Stone","Frozen Egg 2","Symbiotic Virus","Cables","DataDisk","Empty Cage","Membership Card","PreservedInsect","MawBank","Lantern","Art of War","Red Mask","Nloth\u0027s Gift","Bag of Marbles","Fusion Hammer","Letter Opener","Peace Pipe"],"potions_floor_usage":[6,6,16,16,18,25,29,44,46,46,50],"damage_taken":[{"damage":6,"enemies":"2 Louse","floor":1,"turns":2},{"damage":10,"enemies":"Small Slimes","floor":2,"turns":3},{"damage":6,"enemies":"Jaw Worm","floor":3,"turns":3},{"damage":24,"enemies":"3 Sentries","floor":6,"turns":7},{"damage":18,"enemies":"Lagavulin","floor":8,"turns":6},{"damage":12,"enemies":"3 Sentries","floor":10,"turns":6},{"damage":6,"enemies":"Gremlin Nob","floor":12,"turns":3},{"damage":2,"enemies":"Red Slaver","floor":14,"turns":3},{"damage":23,"enemies":"The Guardian","floor":16,"turns":7},{"damage":4,"enemies":"Spheric Guardian","floor":18,"turns":3},{"damage":7,"enemies":"2 Thieves","floor":20,"turns":3},{"damage":12,"enemies":"Centurion and Healer","floor":21,"turns":4},{"damage":17,"enemies":"Slavers","floor":23,"turns":3},{"damage":16,"enemies":"Gremlin Leader","floor":25,"turns":4},{"damage":21,"enemies":"Masked Bandits","floor":27,"turns":4},{"damage":9,"enemies":"Snecko","floor":29,"turns":3},{"damage":29,"enemies":"Champ","floor":33,"turns":6},{"damage":0,"enemies":"3 Shapes","floor":35,"turns":4},{"damage":1,"enemies":"Orb Walker","floor":38,"turns":3},{"damage":0,"enemies":"4 Shapes","floor":41,"turns":2},{"damage":20,"enemies":"3 Darklings","floor":42,"turns":4},{"damage":49,"enemies":"Nemesis","floor":44,"turns":5},{"damage":20,"enemies":"Spire Growth","floor":46,"turns":4},{"damage":21,"enemies":"Maw","floor":48,"turns":6},{"damage":40,"enemies":"Awakened One","floor":50,"turns":3}],"seed_played":"6910135092994423589","potions_obtained":[{"floor":1,"key":"EssenceOfSteel"},{"floor":3,"key":"FocusPotion"},{"floor":12,"key":"Regen Potion"},{"floor":14,"key":"EssenceOfSteel"},{"floor":16,"key":"Energy Potion"},{"floor":18,"key":"Fruit Juice"},{"floor":20,"key":"Weak Potion"},{"floor":33,"key":"Regen Potion"},{"floor":37,"key":"GamblersBrew"},{"floor":37,"key":"AttackPotion"},{"floor":38,"key":"FocusPotion"},{"floor":44,"key":"Regen Potion"}],"is_trial":false,"path_per_floor":["M","M","M","?","$","E","R","E","T","E","R","E","R","M","R","B",null,"M","$","M","M","?","E","R","E","T","?","R","M","?","$","R","B",null,"M","?","?","M","$","R","M","M","T","E","R","M","?","M","R","B"],"character_chosen":"DEFECT","items_purchased":["Omamori","Membership Card","Metamorphosis","Core Surge","Seek","Bag of Marbles"],"campfire_rested":7,"item_purchase_floors":[5,19,19,31,31,31],"current_hp_per_floor":[69,59,53,53,53,29,51,33,33,21,43,37,37,35,35,27,75,76,76,69,57,57,40,40,24,24,3,27,18,18,18,42,13,80,80,80,80,79,79,80,80,60,60,16,40,32,32,11,35,0],"gold":202,"neow_bonus":"ONE_RANDOM_RARE_CARD","is_prod":false,"is_daily":false,"chose_seed":false,"campfire_upgraded":3,"win_rate":0,"timestamp":1556214860,"path_taken":["M","M","M","?","$","E","R","E","T","E","R","E","R","M","R","BOSS","M","$","M","M","?","E","R","E","T","?","R","M","?","$","R","BOSS","M","?","?","M","$","R","?","M","T","E","R","M","?","?","R","BOSS"],"build_version":"2019-01-23","purchased_purges":1,"victory":false,"max_hp_per_floor":[75,75,75,75,75,75,75,75,75,75,75,75,75,75,75,75,75,80,80,80,80,80,80,80,80,80,80,80,80,80,80,80,80,80,80,80,80,80,80,80,80,80,80,80,80,80,80,80,80,80],"card_choices":[{"not_picked":["BootSequence","Go for the Eyes"],"picked":"Beam Cell","floor":1},{"not_picked":["Leap","Stack"],"picked":"Gash","floor":2},{"not_picked":["Stack","Rebound"],"picked":"Streamline","floor":3},{"not_picked":["Reboot","Undo"],"picked":"Gash","floor":6},{"not_picked":["Hologram","Leap"],"picked":"Gash","floor":8},{"not_picked":["Recycle","Chaos"],"picked":"Loop+1","floor":10},{"not_picked":["Streamline","Conserve Battery"],"picked":"BootSequence","floor":12},{"not_picked":["FTL","Lockon"],"picked":"Scrape","floor":14},{"not_picked":["Fission","Creative AI+1"],"picked":"Electrodynamics+1","floor":16},{"not_picked":["Sweeping Beam+1","Streamline","Stack"],"picked":"SKIP","floor":18},{"not_picked":["Stack","Leap","Scrape+1"],"picked":"SKIP","floor":20},{"not_picked":["BootSequence+1","Rebound+1"],"picked":"White Noise+1","floor":21},{"not_picked":["Hello World+1","Static Discharge+1"],"picked":"Redo+1","floor":23},{"not_picked":["Sweeping Beam","Undo"],"picked":"Cold Snap","floor":25},{"not_picked":["Barrage","Beam Cell"],"picked":"Biased Cognition+1","floor":29},{"not_picked":["Core Surge","Fission"],"picked":"Biased Cognition+1","floor":33},{"not_picked":["Double Energy","Conserve Battery","Cold Snap"],"picked":"SKIP","floor":35},{"not_picked":["The Bomb","Enlightenment"],"picked":"Panacea","floor":36},{"not_picked":["Self Repair+1","Streamline"],"picked":"Tempest+1","floor":38},{"not_picked":["Steam+1","Force Field+1"],"picked":"Gash","floor":41},{"not_picked":["Sweeping Beam+1","Sunder"],"picked":"Cold Snap+1","floor":42},{"not_picked":["Consume","Streamline+1","Barrage"],"picked":"SKIP","floor":44},{"not_picked":["Storm+1","Aggregate","Lockon+1"],"picked":"SKIP","floor":46},{"not_picked":["Stack+1","Streamline"],"picked":"BootSequence","floor":48}],"player_experience":1844059,"relics_obtained":[{"floor":6,"key":"Oddly Smooth Stone"},{"floor":8,"key":"Matryoshka"},{"floor":9,"key":"Frozen Egg 2"},{"floor":9,"key":"Symbiotic Virus"},{"floor":10,"key":"Cables"},{"floor":12,"key":"DataDisk"},{"floor":23,"key":"PreservedInsect"},{"floor":25,"key":"MawBank"},{"floor":26,"key":"Lantern"},{"floor":26,"key":"Art of War"},{"floor":27,"key":"Red Mask"},{"floor":43,"key":"Letter Opener"},{"floor":44,"key":"Peace Pipe"}],"event_choices":[{"damage_healed":0,"gold_gain":61,"player_choice":"Gained Gold","damage_taken":0,"max_hp_gain":0,"max_hp_loss":0,"event_name":"Golden Wing","floor":4,"gold_loss":0},{"damage_healed":0,"gold_gain":0,"player_choice":"Ignored","damage_taken":0,"max_hp_gain":0,"max_hp_loss":0,"event_name":"Ghosts","floor":22,"gold_loss":0},{"damage_healed":0,"gold_gain":0,"player_choice":"Fought Bandits","damage_taken":0,"max_hp_gain":0,"max_hp_loss":0,"event_name":"Masked Bandits","floor":27,"gold_loss":0},{"damage_healed":0,"gold_gain":0,"player_choice":"Traded Relic","damage_taken":0,"relics_obtained":["Nloth\u0027s Gift"],"max_hp_gain":0,"max_hp_loss":0,"event_name":"N\u0027loth","floor":30,"relics_lost":["Matryoshka"],"gold_loss":0},{"damage_healed":0,"gold_gain":0,"player_choice":"Memory 1","damage_taken":0,"max_hp_gain":0,"max_hp_loss":0,"event_name":"SensoryStone","floor":36,"gold_loss":0},{"damage_healed":0,"gold_gain":0,"player_choice":"Bought 2 Potions","damage_taken":0,"max_hp_gain":0,"max_hp_loss":0,"event_name":"The Woman in Blue","floor":37,"gold_loss":0},{"damage_healed":0,"gold_gain":0,"player_choice":"Upgraded","damage_taken":0,"max_hp_gain":0,"max_hp_loss":0,"event_name":"Upgrade Shrine","floor":47,"gold_loss":0,"cards_upgraded":["Seek"]}],"is_beta":false,"boss_relics":[{"not_picked":["Pandora\u0027s Box","Velvet Choker"],"picked":"Empty Cage"},{"not_picked":["Coffee Dripper","Inserter"],"picked":"Fusion Hammer"}],"items_purged_floors":[31],"is_endless":false,"potions_floor_spawned":[1,3,12,14,16,18,20,33,38,41,44],"killed_by":"Awakened One","ascension_level":1}