{"gold_per_floor":[112,38,38,38,48,76,88,88,143,143,172,172,184,197,197,197],"floor_reached":16,"playtime":464,"items_purged":[],"score":121,"play_id":"f873ccb2-ac1c-461f-96b7-82ca73b5c137","local_time":"20190121024245","is_ascension_mode":true,"campfire_choices":[{"floor":8,"key":"REST"},{"floor":15,"key":"REST"}],"neow_cost":"NONE","seed_source_timestamp":615862644071084,"circlet_count":0,"master_deck":["Strike_B","Strike_B+1","Strike_B","Strike_B","Defend_B+1","Defend_B","Defend_B","Zap","Dualcast","Stack","Lockon","Conserve Battery","Electrodynamics","Melter","Sweeping Beam","Blizzard","FTL"],"relics":["Cracked Core","Anchor","PreservedInsect","Mummified Hand"],"potions_floor_usage":[6,16],"damage_taken":[{"damage":4,"enemies":"Jaw Worm","floor":1,"turns":3},{"damage":1,"enemies":"Cultist","floor":5,"turns":3},{"damage":26,"enemies":"3 Sentries","floor":6,"turns":8},{"damage":0,"enemies":"2 Louse","floor":7,"turns":2},{"damage":24,"enemies":"Lagavulin","floor":11,"turns":4},{"damage":28,"enemies":"Large Slime","floor":13,"turns":4},{"damage":0,"enemies":"2 Fungi Beasts","floor":14,"turns":2},{"damage":32,"enemies":"The Guardian","floor":16,"turns":7}],"seed_played":"5250854743770032506","potions_obtained":[{"floor":1,"key":"FearPotion"},{"floor":6,"key":"Swift Potion"},{"floor":7,"key":"AttackPotion"},{"floor":14,"key":"LiquidBronze"}],"is_trial":false,"path_per_floor":["M","$","?","$","M","E","M","R","T","?","E","?","M","M","R","B"],"character_chosen":"DEFECT","items_purchased":["Lockon"],"campfire_rested":2,"item_purchase_floors":[2],"current_hp_per_floor":[78,78,78,78,77,51,51,75,75,75,51,35,7,7,31,0],"gold":197,"neow_bonus":"TEN_PERCENT_HP_BONUS","is_prod":false,"is_daily":false,"chose_seed":false,"campfire_upgraded":0,"win_rate":0,"timestamp":1548067365,"path_taken":["M","$","?","?","M","E","?","R","T","?","E","?","M","M","R","BOSS"],"build_version":"2019-01-17v2","purchased_purges":0,"victory":false,"max_hp_per_floor":[82,82,82,82,82,82,82,82,82,82,82,82,82,82,82,82],"card_choices":[{"not_picked":["Scrape","Go for the Eyes"],"picked":"Stack","floor":1},{"not_picked":["Cold Snap","Coolheaded"],"picked":"Conserve Battery","floor":5},{"not_picked":["Ball Lightning","Compile Driver"],"picked":"Electrodynamics","floor":6},{"not_picked":["Steam","Loop"],"picked":"Melter","floor":7},{"not_picked":["Go for the Eyes","Beam Cell"],"picked":"Sweeping Beam","floor":11},{"not_picked":["Coolheaded","Chill"],"picked":"Blizzard","floor":13},{"not_picked":["Machine Learning","Conserve Battery"],"picked":"FTL","floor":14}],"player_experience":336081,"relics_obtained":[{"floor":6,"key":"Anchor"},{"floor":9,"key":"PreservedInsect"},{"floor":11,"key":"Mummified Hand"}],"event_choices":[{"cards_removed":["Defend_B"],"damage_healed":0,"gold_gain":0,"player_choice":"Purged","damage_taken":0,"max_hp_gain":0,"max_hp_loss":0,"event_name":"Purifier","floor":3,"gold_loss":0},{"damage_healed":0,"gold_gain":0,"player_choice":"Ignored","damage_taken":0,"max_hp_gain":0,"max_hp_loss":0,"event_name":"Liars Game","floor":10,"gold_loss":0},{"damage_healed":0,"gold_gain":0,"player_choice":"Entered Light","damage_taken":16,"max_hp_gain":0,"max_hp_loss":0,"event_name":"Shining Light","floor":12,"gold_loss":0,"cards_upgraded":["Defend_B","Strike_B"]}],"is_beta":false,"boss_relics":[],"items_purged_floors":[],"is_endless":false,"potions_floor_spawned":[1,6,7,14],"killed_by":"The Guardian","ascension_level":2}