{"gold_per_floor":[111,74,74,86,86,86,120,120,120,144,178,178,210,224,224,322,322,340,354,38,38,38,38,50,50,76,87,87,101,128,128],"floor_reached":31,"playtime":1402,"items_purged":["Strike_R"],"score":296,"play_id":"9a5defbd-3bec-4ee3-a423-39d74cb5f622","local_time":"20180907175958","is_ascension_mode":false,"campfire_choices":[{"data":"Dropkick","floor":6,"key":"SMITH"},{"data":"Flame Barrier","floor":8,"key":"SMITH"},{"data":"Clash","floor":12,"key":"SMITH"},{"data":"Spot Weakness","floor":15,"key":"SMITH"},{"data":"Barricade","floor":23,"key":"SMITH"},{"data":"Strike_R","floor":25,"key":"SMITH"},{"data":"Defend_R","floor":28,"key":"SMITH"}],"neow_cost":"NONE","seed_source_timestamp":422380920485405,"circlet_count":0,"master_deck":["Strike_R+1","Strike_R","Strike_R+1","Defend_R+1","Defend_R","Defend_R+1","Defend_R","Bash+1","Flame Barrier+1","Dropkick+1","Clash+1","Spot Weakness+1","Barricade+1"],"relics":["Burning Blood","Pantograph","Strawberry","Odd Mushroom","Art of War","Eternal Feather","Matryoshka","Nloth\u0027s Gift","Bag of Marbles","Bag of Preparation","Omamori"],"potions_floor_usage":[7,19,24,24,30,31],"damage_taken":[{"damage":8,"enemies":"Jaw Worm","floor":1,"turns":4},{"damage":10,"enemies":"Cultist","floor":4,"turns":4},{"damage":0,"enemies":"Gremlin Nob","floor":7,"turns":2},{"damage":7,"enemies":"The Mushroom Lair","floor":10,"turns":4},{"damage":7,"enemies":"Lagavulin","floor":11,"turns":5},{"damage":23,"enemies":"3 Sentries","floor":13,"turns":10},{"damage":0,"enemies":"2 Louse","floor":14,"turns":2},{"damage":9,"enemies":"The Guardian","floor":16,"turns":10},{"damage":14,"enemies":"Spheric Guardian","floor":18,"turns":4},{"damage":22,"enemies":"Chosen","floor":19,"turns":5},{"damage":23,"enemies":"Centurion and Healer","floor":24,"turns":10},{"damage":6,"enemies":"Snake Plant","floor":27,"turns":4},{"damage":19,"enemies":"Chosen and Byrds","floor":29,"turns":7},{"damage":36,"enemies":"Gremlin Leader","floor":30,"turns":9},{"damage":35,"enemies":"Snecko","floor":31,"turns":6}],"seed_played":"3921533966227090059","potions_obtained":[{"floor":1,"key":"SteroidPotion"},{"floor":13,"key":"GamblersBrew"},{"floor":14,"key":"GamblersBrew"},{"floor":16,"key":"Regen Potion"},{"floor":19,"key":"BloodPotion"},{"floor":27,"key":"PowerPotion"}],"is_trial":false,"path_per_floor":["M","$","?","M","?","R","E","R","T","?","E","R","E","M","R","B",null,"M","M","$","?","?","R","M","R","T","M","R","M","E"],"character_chosen":"IRONCLAD","items_purchased":["Dropkick","Matryoshka"],"campfire_rested":0,"item_purchase_floors":[2,20],"current_hp_per_floor":[78,78,78,74,58,58,64,64,71,70,69,69,52,58,58,80,87,79,63,63,63,46,52,50,56,56,56,62,49,19,0],"gold":128,"neow_bonus":"REMOVE_CARD","is_prod":false,"is_daily":false,"chose_seed":false,"campfire_upgraded":7,"win_rate":0,"timestamp":1536368398,"path_taken":["M","$","?","M","?","R","E","R","T","?","E","R","E","M","R","BOSS","M","M","$","?","?","R","M","R","T","M","R","M","E","M"],"build_version":"2018-09-06","purchased_purges":1,"victory":false,"max_hp_per_floor":[80,80,80,80,80,80,80,80,87,87,87,87,87,87,87,87,87,87,87,87,87,92,92,92,92,92,92,92,92,92,92],"card_choices":[{"not_picked":["Feel No Pain","Heavy Blade"],"picked":"Flame Barrier","floor":1},{"not_picked":["Carnage","Warcry","Armaments"],"picked":"SKIP","floor":4},{"not_picked":["Body Slam","Flex","Rupture"],"picked":"SKIP","floor":7},{"not_picked":["Warcry","Feel No Pain"],"picked":"Clash","floor":10},{"not_picked":["Brutality","Ghostly Armor","Pommel Strike"],"picked":"SKIP","floor":11},{"not_picked":["Battle Trance","Twin Strike","Clash"],"picked":"SKIP","floor":13},{"not_picked":["Iron Wave","Flex"],"picked":"Spot Weakness","floor":14},{"not_picked":["Limit Break","Juggernaut"],"picked":"Barricade","floor":16},{"not_picked":["Twin Strike","Pommel Strike","Combust+1"],"picked":"SKIP","floor":18},{"not_picked":["Pummel","Thunderclap","Pommel Strike+1"],"picked":"SKIP","floor":19},{"not_picked":["Warcry","Shrug It Off","Blood for Blood"],"picked":"SKIP","floor":24},{"not_picked":["Evolve","Body Slam","Burning Pact"],"picked":"SKIP","floor":27},{"not_picked":["True Grit+1","Pommel Strike+1","Iron Wave"],"picked":"SKIP","floor":29},{"not_picked":["Flex+1","Inflame","Wild Strike"],"picked":"SKIP","floor":30}],"player_experience":186727,"relics_obtained":[{"floor":7,"key":"Pantograph"},{"floor":9,"key":"Strawberry"},{"floor":10,"key":"Odd Mushroom"},{"floor":11,"key":"Red Skull"},{"floor":13,"key":"Art of War"},{"floor":26,"key":"Bag of Marbles"},{"floor":26,"key":"Bag of Preparation"},{"floor":30,"key":"Omamori"}],"event_choices":[{"event_name":"Upgrade Shrine","player_choice":"Upgraded","floor":3,"damage_taken":0},{"event_name":"Shining Light","player_choice":"Entered Light","floor":5,"damage_taken":0},{"event_name":"Mushrooms","player_choice":"Fought Mushrooms","floor":10,"damage_taken":0},{"event_name":"N\u0027loth","player_choice":"Traded a Red Skull","floor":21,"damage_taken":0},{"event_name":"Forgotten Altar","player_choice":"Shed Blood","floor":22,"damage_taken":0}],"is_beta":false,"boss_relics":[{"not_picked":["Lizard Tail","Coffee Dripper"],"picked":"Eternal Feather"}],"items_purged_floors":[20],"is_endless":false,"potions_floor_spawned":[1,13,14,16,19,27],"killed_by":"Snecko","ascension_level":0}