{"gold_per_floor":[20,40,60,78,78,78,112,112,187,262,262,262],"floor_reached":12,"playtime":377,"items_purged":[],"score":86,"play_id":"5be879d2-d27b-44bc-a450-d3518123bb42","local_time":"20180811221647","is_ascension_mode":true,"campfire_choices":[{"data":"Dualcast","floor":6,"key":"SMITH"},{"data":"Sweeping Beam","floor":8,"key":"SMITH"}],"neow_cost":"NO_GOLD","seed_source_timestamp":297712502544586,"circlet_count":0,"master_deck":["Strike_B","Strike_B","Strike_B","Strike_B","Defend_B","Defend_B","Defend_B","Defend_B","Zap+1","Dualcast+1","Sweeping Beam+1","Leap","Conserve Battery","Ball Lightning"],"relics":["Cracked Core","Bird Faced Urn","Turnip","Molten Egg 2","Anchor"],"potions_floor_usage":[12,12],"damage_taken":[{"damage":4,"enemies":"Small Slimes","floor":1,"turns":4},{"damage":0,"enemies":"Cultist","floor":2,"turns":4},{"damage":5,"enemies":"2 Louse","floor":3,"turns":2},{"damage":3,"enemies":"2 Fungi Beasts","floor":4,"turns":4},{"damage":10,"enemies":"3 Sentries","floor":7,"turns":7},{"damage":9,"enemies":"Lagavulin","floor":12,"turns":7}],"seed_played":"6462930828726720831","potions_obtained":[{"floor":1,"key":"SkillPotion"},{"floor":7,"key":"EssenceOfSteel"}],"is_trial":false,"path_per_floor":["M","M","M","M","?","R","E","R","T","?","?"],"character_chosen":"DEFECT","items_purchased":[],"campfire_rested":0,"item_purchase_floors":[],"current_hp_per_floor":[71,71,66,63,63,63,53,53,53,42,9,0],"gold":262,"neow_bonus":"ONE_RARE_RELIC","is_prod":false,"is_daily":false,"chose_seed":false,"campfire_upgraded":2,"win_rate":0,"timestamp":1534051007,"path_taken":["M","M","M","M","?","R","E","R","T","?","?","E"],"build_version":"2018-08-09","purchased_purges":0,"victory":false,"max_hp_per_floor":[75,75,75,75,75,75,75,75,75,75,75,75],"card_choices":[{"not_picked":["Static Discharge","Sweeping Beam","Barrage"],"picked":"SKIP","floor":1},{"not_picked":["Turbo","Coolheaded"],"picked":"Sweeping Beam","floor":2},{"not_picked":["Rebound","Skim"],"picked":"Leap","floor":3},{"not_picked":["Stack","Chaos"],"picked":"Conserve Battery","floor":4},{"not_picked":["Force Field","Sweeping Beam"],"picked":"Ball Lightning","floor":7}],"player_experience":41315,"relics_obtained":[{"floor":7,"key":"Turnip"},{"floor":9,"key":"Molten Egg 2"}],"event_choices":[{"event_name":"Living Wall","player_choice":"Grow","floor":5,"damage_taken":0},{"event_name":"World of Goop","player_choice":"Gather Gold","floor":10,"damage_taken":0},{"event_name":"Scrap Ooze","player_choice":"success","floor":11,"damage_taken":33}],"is_beta":false,"boss_relics":[],"items_purged_floors":[],"is_endless":false,"potions_floor_spawned":[1,7],"killed_by":"Lagavulin","ascension_level":2}