{"gold_per_floor":[119,119,136,151,151,178,178,205,205,35,48,61,61,31,31,135,135,153,163,163,163,176,176,209,221,221,10,10,21,86,101,101,206,206,217,228,278,40,106,106],"floor_reached":40,"playtime":2679,"items_purged":[],"score":575,"play_id":"53a7e29a-fc75-4124-942f-853f92a45d02","local_time":"20190327121438","is_ascension_mode":true,"campfire_choices":[{"data":"Shrug It Off","floor":7,"key":"SMITH"},{"floor":13,"key":"REST"},{"data":"Flame Barrier","floor":15,"key":"SMITH"},{"floor":23,"key":"REST"},{"data":"Havoc","floor":32,"key":"SMITH"}],"neow_cost":"NONE","seed_source_timestamp":283486879936688,"circlet_count":0,"master_deck":["Strike_R","Strike_R","Strike_R","Strike_R","Defend_R","Defend_R","Defend_R","Defend_R","Bash+1","Perfected Strike","Shrug It Off+1","Armaments","Rage","Sword Boomerang","Reckless Charge","Flame Barrier+1","Headbutt","Dropkick","Dark Embrace","Hemokinesis+1","Intimidate+1","Ghostly","Ghostly","Ghostly","Ghostly","Ghostly","Feel No Pain+1","Flame Barrier","Offering","True Grit","Dark Shackles","Disarm","Havoc+1","Shockwave","Warcry","Uppercut","True Grit+1","Blood for Blood","Armaments","Shockwave","True Grit","Reaper","Immolate"],"relics":["Burning Blood","Oddly Smooth Stone","The Courier","Charon\u0027s Ashes","Torii","Eternal Feather","Enchiridion","Gremlin Horn","Peace Pipe","SsserpentHead","Orrery"],"potions_floor_usage":[6,11,12,19,22,31,33],"damage_taken":[{"damage":2,"enemies":"2 Louse","floor":1,"turns":3},{"damage":6,"enemies":"Cultist","floor":3,"turns":3},{"damage":4,"enemies":"Small Slimes","floor":4,"turns":3},{"damage":28,"enemies":"Lagavulin","floor":6,"turns":7},{"damage":35,"enemies":"3 Sentries","floor":8,"turns":11},{"damage":0,"enemies":"3 Louse","floor":11,"turns":3},{"damage":13,"enemies":"Lots of Slimes","floor":12,"turns":4},{"damage":32,"enemies":"The Guardian","floor":16,"turns":14},{"damage":12,"enemies":"3 Byrds","floor":18,"turns":5},{"damage":11,"enemies":"Shell Parasite","floor":19,"turns":6},{"damage":17,"enemies":"Cultist and Chosen","floor":22,"turns":7},{"damage":15,"enemies":"Slavers","floor":24,"turns":6},{"damage":7,"enemies":"Centurion and Healer","floor":25,"turns":7},{"damage":1,"enemies":"3 Cultists","floor":29,"turns":3},{"damage":1,"enemies":"Cultist and Chosen","floor":30,"turns":6},{"damage":8,"enemies":"Sentry and Sphere","floor":31,"turns":7},{"damage":80,"enemies":"Automaton","floor":33,"turns":14},{"damage":9,"enemies":"3 Darklings","floor":35,"turns":8},{"damage":4,"enemies":"Orb Walker","floor":36,"turns":4},{"damage":24,"enemies":"Transient","floor":39,"turns":5},{"damage":28,"enemies":"Giant Head","floor":40,"turns":8}],"seed_played":"922618160672625842","potions_obtained":[{"floor":3,"key":"Strength Potion"},{"floor":8,"key":"Swift Potion"},{"floor":14,"key":"FairyPotion"},{"floor":14,"key":"SneckoOil"},{"floor":18,"key":"PowerPotion"},{"floor":19,"key":"Poison Potion"},{"floor":24,"key":"Fire Potion"},{"floor":29,"key":"SkillPotion"}],"is_trial":false,"path_per_floor":["M","?","M","M","?","E","R","E","T","$","M","M","R","?","R","B",null,"M","M","?","?","M","R","E","M","T","$","?","M","M","M","R","B",null,"M","M","?","$","M","E"],"character_chosen":"IRONCLAD","items_purchased":["Flame Barrier","Headbutt","BloodPotion","Strength Potion","True Grit","Dark Shackles","Disarm","Havoc","Reaper","Immolate"],"campfire_rested":2,"item_purchase_floors":[10,10,10,10,27,27,27,27,38,38],"current_hp_per_floor":[80,80,80,80,80,58,58,29,29,29,43,36,60,60,60,34,69,63,58,40,24,13,40,31,30,30,30,30,35,40,38,40,8,32,29,31,31,31,13,0],"gold":106,"neow_bonus":"RANDOM_COMMON_RELIC","is_prod":false,"is_daily":false,"chose_seed":false,"campfire_upgraded":3,"win_rate":0,"timestamp":1553710478,"path_taken":["M","?","?","M","?","E","R","E","T","$","?","M","R","?","R","BOSS","M","?","?","?","M","R","E","M","T","$","?","M","?","M","R","BOSS","M","M","?","$","?","E"],"build_version":"2019-01-23","purchased_purges":0,"victory":false,"max_hp_per_floor":[80,80,80,80,80,80,80,80,80,80,80,80,80,80,80,80,80,80,80,40,40,40,40,40,40,40,40,40,40,40,40,40,40,40,40,40,40,40,40,40],"card_choices":[{"not_picked":["Cleave","Bloodletting"],"picked":"Perfected Strike","floor":1},{"not_picked":["Heavy Blade","Havoc"],"picked":"Shrug It Off","floor":3},{"not_picked":["Pummel","Brutality"],"picked":"Armaments","floor":4},{"not_picked":["Pommel Strike","Armaments"],"picked":"Sword Boomerang","floor":6},{"not_picked":["Shrug It Off","Thunderclap"],"picked":"Reckless Charge","floor":8},{"not_picked":["Thunderclap","Heavy Blade"],"picked":"Dropkick","floor":11},{"not_picked":["Warcry","Sword Boomerang","Bloodletting"],"picked":"SKIP","floor":12},{"not_picked":["Double Tap","Bludgeon"],"picked":"Dark Embrace","floor":16},{"not_picked":["Wild Strike","Iron Wave"],"picked":"Hemokinesis+1","floor":18},{"not_picked":["Perfected Strike","Battle Trance"],"picked":"Intimidate+1","floor":19},{"not_picked":["Pommel Strike","Anger+1"],"picked":"Feel No Pain","floor":22},{"not_picked":["Pommel Strike","Dual Wield+1"],"picked":"Flame Barrier","floor":24},{"not_picked":["Second Wind","Perfected Strike"],"picked":"Offering","floor":25},{"not_picked":["Iron Wave","Perfected Strike"],"picked":"Shockwave","floor":29},{"not_picked":["Cleave","Pommel Strike"],"picked":"Warcry","floor":30},{"not_picked":["Evolve+1","Perfected Strike+1"],"picked":"Uppercut","floor":31},{"not_picked":["Shrug It Off","Limit Break"],"picked":"True Grit+1","floor":34},{"not_picked":["Anger+1","Cleave+1"],"picked":"Blood for Blood","floor":34},{"not_picked":["Headbutt","Sword Boomerang"],"picked":"Armaments","floor":34},{"not_picked":["Sword Boomerang","Headbutt+1"],"picked":"Shockwave","floor":34},{"not_picked":["Body Slam","Sword Boomerang+1","Pommel Strike"],"picked":"SKIP","floor":35},{"not_picked":["Anger","Uppercut"],"picked":"True Grit","floor":36},{"not_picked":["Searing Blow","Clash+1","Pommel Strike"],"picked":"SKIP","floor":39}],"player_experience":338086,"relics_obtained":[{"floor":6,"key":"The Courier"},{"floor":8,"key":"Charon\u0027s Ashes"},{"floor":9,"key":"Torii"},{"floor":21,"key":"Enchiridion"},{"floor":24,"key":"Gremlin Horn"},{"floor":26,"key":"Peace Pipe"}],"event_choices":[{"damage_healed":0,"gold_gain":0,"player_choice":"Upgraded","damage_taken":0,"max_hp_gain":0,"max_hp_loss":0,"event_name":"Upgrade Shrine","floor":2,"gold_loss":0,"cards_upgraded":["Bash"]},{"damage_healed":0,"gold_gain":0,"cards_transformed":["Strike_R"],"player_choice":"Transformed","damage_taken":0,"max_hp_gain":0,"max_hp_loss":0,"event_name":"Transmorgrifier","floor":5,"gold_loss":0,"cards_obtained":["Rage"]},{"damage_healed":0,"gold_gain":0,"player_choice":"Bought 2 Potions","damage_taken":0,"max_hp_gain":0,"max_hp_loss":0,"event_name":"The Woman in Blue","floor":14,"gold_loss":0},{"damage_healed":0,"gold_gain":0,"player_choice":"Became a Ghost","damage_taken":0,"max_hp_gain":0,"max_hp_loss":40,"event_name":"Ghosts","floor":20,"gold_loss":0,"cards_obtained":["Ghostly","Ghostly","Ghostly","Ghostly","Ghostly"]},{"damage_healed":0,"gold_gain":0,"player_choice":"Obtained Book","damage_taken":16,"max_hp_gain":0,"max_hp_loss":0,"event_name":"Cursed Tome","floor":21,"gold_loss":0},{"damage_healed":0,"gold_gain":0,"player_choice":"Trade","damage_taken":0,"relics_obtained":["SsserpentHead"],"max_hp_gain":0,"max_hp_loss":0,"event_name":"FaceTrader","floor":28,"gold_loss":0},{"damage_healed":0,"gold_gain":0,"player_choice":"Upgraded","damage_taken":0,"max_hp_gain":0,"max_hp_loss":0,"event_name":"Upgrade Shrine","floor":37,"gold_loss":0,"cards_upgraded":["Feel No Pain"]}],"is_beta":false,"boss_relics":[{"not_picked":["Empty Cage","Fusion Hammer"],"picked":"Eternal Feather"},{"not_picked":["White Beast Statue","Calling Bell"],"picked":"Orrery"}],"items_purged_floors":[],"is_endless":false,"potions_floor_spawned":[3,8,16,18,19,24,29],"killed_by":"Giant Head","ascension_level":5}