{"gold_per_floor":[116,76,76,1,1,31,31,61,112,112,126,155,173,186,186,282,282,302,321,254,6,24,53,63,90,90,90,121,220,220,170,170,170],"floor_reached":33,"playtime":1535,"items_purged":["Rupture","Strike_R"],"score":639,"play_id":"1e812c01-af46-4ca0-a70e-b7abe261adfa","local_time":"20190429224537","is_ascension_mode":true,"campfire_choices":[{"data":"Flame Barrier","floor":7,"key":"SMITH"},{"data":"Inflame","floor":10,"key":"SMITH"},{"data":"Whirlwind","floor":15,"key":"SMITH"},{"floor":30,"key":"REST"},{"data":"Limit Break","floor":32,"key":"SMITH"}],"neow_cost":"NONE","seed_source_timestamp":1728281148419300,"circlet_count":0,"master_deck":["AscendersBane","Strike_R","Strike_R","Strike_R","Defend_R","Defend_R","Defend_R","Defend_R","Bash","Inflame+1","Flame Barrier+1","Whirlwind+1","Metallicize","Seeing Red","Offering","Infernal Blade","Dropkick+1","True Grit","Shockwave","Disarm","Armaments","Limit Break+1"],"relics":["Burning Blood","NeowsBlessing","Bag of Marbles","Pear","Smiling Mask","Paper Frog","Runic Pyramid","Anchor","Bottled Flame","Regal Pillow","Pen Nib","Mercury Hourglass","StoneCalendar"],"potions_floor_usage":[16,18,23,25,33],"damage_taken":[{"damage":0,"enemies":"Small Slimes","floor":1,"turns":1},{"damage":0,"enemies":"3 Sentries","floor":6,"turns":2},{"damage":0,"enemies":"Gremlin Nob","floor":8,"turns":1},{"damage":11,"enemies":"Cultist","floor":11,"turns":4},{"damage":30,"enemies":"3 Sentries","floor":12,"turns":12},{"damage":9,"enemies":"Jaw Worm","floor":13,"turns":3},{"damage":11,"enemies":"Exordium Thugs","floor":14,"turns":4},{"damage":45,"enemies":"The Guardian","floor":16,"turns":14},{"damage":12,"enemies":"Shell Parasite","floor":18,"turns":5},{"damage":21,"enemies":"3 Byrds","floor":19,"turns":4},{"damage":13,"enemies":"Snecko","floor":22,"turns":4},{"damage":32,"enemies":"Gremlin Leader","floor":23,"turns":4},{"damage":20,"enemies":"Shelled Parasite and Fungi","floor":24,"turns":3},{"damage":0,"enemies":"Slavers","floor":25,"turns":2},{"damage":7,"enemies":"Book of Stabbing","floor":28,"turns":5},{"damage":50,"enemies":"Collector","floor":33,"turns":5}],"seed_played":"-530184888215774537","potions_obtained":[{"floor":1,"key":"Weak Potion"},{"floor":6,"key":"Swift Potion"},{"floor":18,"key":"Fruit Juice"},{"floor":19,"key":"AttackPotion"},{"floor":24,"key":"Strength Potion"},{"floor":28,"key":"BloodPotion"}],"is_trial":false,"path_per_floor":["M","$","?","$","$","E","R","E","T","R","M","E","M","M","R","B",null,"M","M","?","$","M","E","M","E","T","$","E","?","R","$","R","B"],"character_chosen":"IRONCLAD","items_purchased":["Inflame","Bottled Flame"],"campfire_rested":1,"item_purchase_floors":[2,21],"current_hp_per_floor":[78,78,78,78,78,80,80,90,90,90,85,61,58,53,53,14,71,70,55,55,55,48,22,8,14,14,14,13,13,56,56,56,6],"gold":170,"neow_bonus":"THREE_ENEMY_KILL","is_prod":false,"is_daily":false,"chose_seed":false,"campfire_upgraded":4,"win_rate":0,"timestamp":1556570737,"path_taken":["M","$","?","?","$","E","R","E","T","R","M","E","M","M","R","BOSS","M","M","?","$","M","E","M","E","T","?","E","?","R","$","R","BOSS"],"build_version":"2019-01-23","purchased_purges":2,"victory":false,"max_hp_per_floor":[80,80,80,80,80,80,80,90,90,90,90,90,90,90,90,90,90,95,95,95,95,95,95,95,95,95,95,95,95,95,95,95,95],"card_choices":[{"not_picked":["Fire Breathing","Thunderclap","Reckless Charge"],"picked":"SKIP","floor":1},{"not_picked":["Heavy Blade","Uppercut"],"picked":"Flame Barrier","floor":6},{"not_picked":["Wild Strike","Rage","Anger"],"picked":"SKIP","floor":8},{"not_picked":["Second Wind","Clash","Power Through"],"picked":"SKIP","floor":11},{"not_picked":["Flex","Dual Wield"],"picked":"Whirlwind","floor":12},{"not_picked":["Headbutt","Sword Boomerang"],"picked":"Metallicize","floor":13},{"not_picked":["Anger","Cleave"],"picked":"Seeing Red","floor":14},{"not_picked":["Immolate","Dark Embrace"],"picked":"Offering","floor":16},{"not_picked":["Power Through+1","Hemokinesis+1"],"picked":"Infernal Blade","floor":18},{"not_picked":["Pommel Strike","Anger"],"picked":"Dropkick+1","floor":19},{"not_picked":["Clothesline","Second Wind+1"],"picked":"True Grit","floor":22},{"not_picked":["Power Through","Shrug It Off+1"],"picked":"Shockwave","floor":23},{"not_picked":["Havoc","Warcry"],"picked":"Disarm","floor":24},{"not_picked":["True Grit+1","Exhume"],"picked":"Armaments","floor":25},{"not_picked":["Clash","Burning Pact+1"],"picked":"Limit Break","floor":28}],"player_experience":875656,"relics_obtained":[{"floor":6,"key":"Bag of Marbles"},{"floor":8,"key":"Pear"},{"floor":9,"key":"Smiling Mask"},{"floor":12,"key":"Paper Frog"},{"floor":23,"key":"Regal Pillow"},{"floor":25,"key":"Pen Nib"},{"floor":26,"key":"Mercury Hourglass"},{"floor":28,"key":"StoneCalendar"}],"event_choices":[{"damage_healed":0,"gold_gain":0,"cards_transformed":["Strike_R"],"player_choice":"Transformed","damage_taken":0,"max_hp_gain":0,"max_hp_loss":0,"event_name":"Transmorgrifier","floor":3,"gold_loss":0,"cards_obtained":["Rupture"]},{"damage_healed":0,"gold_gain":0,"player_choice":"Paid Gold","damage_taken":0,"relics_obtained":["Anchor"],"max_hp_gain":0,"max_hp_loss":0,"event_name":"WeMeetAgain","floor":20,"gold_loss":67},{"damage_healed":0,"gold_gain":99,"player_choice":"Stole From Cult","damage_taken":0,"max_hp_gain":0,"max_hp_loss":0,"event_name":"Nest","floor":29,"gold_loss":0}],"is_beta":false,"boss_relics":[{"not_picked":["Orrery","Fusion Hammer"],"picked":"Runic Pyramid"}],"items_purged_floors":[4,31],"is_endless":false,"potions_floor_spawned":[1,6,14,18,19,24,28],"killed_by":"Collector","ascension_level":11}