{"gold_per_floor":[117,170,42,60,6,37,53,70,122,134,34,34,34,63,63,162,162,174,190,13,28,28,28,28,28,28,56,76,76,76,26,26,130,180,191,191,191,206,216,216,227,227,227,253,270,270,220,170,170,170,170,170,23,23,23],"floor_reached":56,"playtime":2879,"items_purged":["Strike_R","Strike_R","Strike_R","Defend_R","Parasite","Strike_R","Shrug It Off"],"score":1208,"play_id":"829ef0ba-0e3c-4b7c-875e-80f13b80dab7","local_time":"20181201073555","is_ascension_mode":false,"campfire_choices":[{"data":"Flex","floor":13,"key":"SMITH"},{"floor":15,"key":"REST"},{"data":"Limit Break","floor":23,"key":"SMITH"},{"data":"Pummel","floor":25,"key":"SMITH"},{"data":"Pummel","floor":29,"key":"SMITH"},{"floor":32,"key":"RECALL"},{"data":"Flex","floor":40,"key":"SMITH"},{"floor":49,"key":"REST"},{"data":"Heavy Blade","floor":52,"key":"SMITH"}],"neow_cost":"NONE","seed_source_timestamp":61083392760721,"circlet_count":0,"master_deck":["Strike_R","Defend_R","Defend_R","Bash","Pummel+1","Sword Boomerang","Shrug It Off+1","Flex+1","Battle Trance","Limit Break+1","Pommel Strike","Pummel+1","Pommel Strike+1","Double Tap","Flame Barrier","Flex+1","Limit Break+1","Heavy Blade+1"],"relics":["Burning Blood","NeowsBlessing","Gremlin Horn","Pen Nib","Ginger","Smiling Mask","Eternal Feather","Red Skull","Mummified Hand","Tiny House","Shuriken","Bronze Scales"],"potions_floor_usage":[10,18,21,28,33,35,38,39,41,54,55,55],"damage_taken":[{"damage":0,"enemies":"Cultist","floor":1,"turns":1},{"damage":0,"enemies":"Small Slimes","floor":4,"turns":1},{"damage":1,"enemies":"3 Sentries","floor":6,"turns":2},{"damage":8,"enemies":"Jaw Worm","floor":7,"turns":3},{"damage":4,"enemies":"Blue Slaver","floor":8,"turns":5},{"damage":0,"enemies":"Lots of Slimes","floor":10,"turns":3},{"damage":36,"enemies":"Lagavulin","floor":14,"turns":5},{"damage":28,"enemies":"Slime Boss","floor":16,"turns":11},{"damage":10,"enemies":"2 Thieves","floor":18,"turns":4},{"damage":6,"enemies":"Chosen","floor":19,"turns":5},{"damage":4,"enemies":"3 Cultists","floor":21,"turns":4},{"damage":6,"enemies":"Gremlin Leader","floor":27,"turns":5},{"damage":25,"enemies":"Centurion and Healer","floor":28,"turns":6},{"damage":79,"enemies":"Collector","floor":33,"turns":9},{"damage":31,"enemies":"3 Shapes","floor":35,"turns":4},{"damage":17,"enemies":"Orb Walker","floor":38,"turns":5},{"damage":36,"enemies":"Writhing Mass","floor":39,"turns":5},{"damage":0,"enemies":"Jaw Worm Horde","floor":41,"turns":2},{"damage":15,"enemies":"Reptomancer","floor":44,"turns":3},{"damage":58,"enemies":"3 Darklings","floor":45,"turns":6},{"damage":72,"enemies":"Awakened One","floor":50,"turns":8},{"damage":98,"enemies":"Shield and Spear","floor":54,"turns":5},{"damage":167,"enemies":"The Heart","floor":55,"turns":6}],"seed_played":"-5475995827806587874","potions_obtained":[{"floor":6,"key":"Dexterity Potion"},{"floor":8,"key":"Block Potion"},{"floor":16,"key":"SpeedPotion"},{"floor":19,"key":"SkillPotion"},{"floor":21,"key":"BloodPotion"},{"floor":27,"key":"Dexterity Potion"},{"floor":34,"key":"Dexterity Potion"},{"floor":35,"key":"Weak Potion"},{"floor":38,"key":"Energy Potion"},{"floor":39,"key":"AttackPotion"},{"floor":45,"key":"SmokeBomb"}],"is_trial":false,"path_per_floor":["M","T","$","M","$","E","M","M","T","M","$","?","R","E","R","B",null,"M","M","$","M","$","R","$","R","T","E","M","R","?","$","R","B",null,"M","?","?","M","M","R","M","?","T","E","M","?","$","$","R","B",null,"R","$","E","B",null],"character_chosen":"IRONCLAD","items_purchased":["Sword Boomerang","Flex","Shrug It Off","Pummel","PowerPotion","PowerPotion"],"campfire_rested":2,"item_purchase_floors":[3,5,20,20,53,53],"current_hp_per_floor":[80,80,80,80,80,80,78,80,80,80,80,80,80,50,74,52,80,76,76,76,78,78,80,80,80,80,80,69,78,78,78,80,7,85,60,60,60,49,81,81,81,81,81,72,53,53,53,53,78,12,78,78,78,78,23],"gold":23,"neow_bonus":"THREE_ENEMY_KILL","is_prod":false,"is_daily":false,"chose_seed":false,"campfire_upgraded":6,"win_rate":0,"timestamp":1543646155,"path_taken":["M","?","$","M","$","E","M","M","T","M","$","?","R","E","R","BOSS","M","M","?","M","$","R","$","R","T","E","M","R","?","$","R","BOSS","M","?","?","M","M","R","M","?","T","E","?","?","?","$","R","BOSS","R","$","E","BOSS"],"build_version":"2018-11-15","purchased_purges":7,"victory":true,"max_hp_per_floor":[80,80,80,80,80,80,80,80,80,80,80,80,80,80,80,80,80,80,80,80,80,80,80,80,80,80,80,80,80,80,80,80,80,85,85,81,81,81,81,81,81,81,81,81,81,81,78,78,78,78,78,78,78,78,78],"card_choices":[{"not_picked":["Clash","Uppercut"],"picked":"Pummel","floor":1},{"not_picked":["Thunderclap","Twin Strike"],"picked":"Shrug It Off","floor":4},{"not_picked":["Iron Wave","Power Through","Thunderclap"],"picked":"SKIP","floor":6},{"not_picked":["Berserk","Fire Breathing","Infernal Blade"],"picked":"SKIP","floor":7},{"not_picked":["Body Slam","Wild Strike"],"picked":"Battle Trance","floor":8},{"not_picked":["Havoc","Disarm","Dropkick"],"picked":"SKIP","floor":10},{"not_picked":["Feel No Pain","Rupture","Iron Wave"],"picked":"SKIP","floor":14},{"not_picked":["Berserk","Bludgeon"],"picked":"Limit Break","floor":16},{"not_picked":["Evolve+1","Clash"],"picked":"Pommel Strike","floor":18},{"not_picked":["Warcry","Iron Wave","Thunderclap"],"picked":"SKIP","floor":19},{"not_picked":["Clash+1","Intimidate","Thunderclap"],"picked":"SKIP","floor":21},{"not_picked":["Body Slam+1","Evolve"],"picked":"Pommel Strike+1","floor":27},{"not_picked":["Anger","Sword Boomerang","Entrench+1"],"picked":"SKIP","floor":28},{"not_picked":["Limit Break","Impervious"],"picked":"Double Tap","floor":33},{"not_picked":["Second Wind","Perfected Strike"],"picked":"Flame Barrier","floor":34},{"not_picked":["Rage","Clothesline+1","Body Slam+1"],"picked":"SKIP","floor":35},{"not_picked":["Wild Strike+1","Ghostly Armor","Perfected Strike"],"picked":"SKIP","floor":38},{"not_picked":["Pommel Strike","Perfected Strike"],"picked":"Flex","floor":39},{"not_picked":["Shrug It Off+1","True Grit+1","Wild Strike"],"picked":"SKIP","floor":41},{"not_picked":["Havoc+1","Feed"],"picked":"Heavy Blade","floor":44},{"not_picked":["Sentinel+1","Clothesline+1","Shockwave"],"picked":"SKIP","floor":45}],"player_experience":302212,"relics_obtained":[{"floor":6,"key":"Gremlin Horn"},{"floor":9,"key":"Pen Nib"},{"floor":14,"key":"Smiling Mask"},{"floor":26,"key":"Red Skull"},{"floor":27,"key":"Mummified Hand"},{"floor":43,"key":"Shuriken"},{"floor":44,"key":"Bronze Scales"}],"event_choices":[{"damage_healed":0,"gold_gain":0,"player_choice":"Gave Potion","damage_taken":0,"relics_obtained":["Ginger"],"max_hp_gain":0,"max_hp_loss":0,"event_name":"WeMeetAgain","floor":12,"gold_loss":0},{"damage_healed":0,"gold_gain":0,"player_choice":"Ignored","damage_taken":0,"max_hp_gain":0,"max_hp_loss":0,"event_name":"Vampires","floor":30,"gold_loss":0},{"damage_healed":0,"gold_gain":0,"player_choice":"Max HP","damage_taken":0,"max_hp_gain":0,"max_hp_loss":4,"event_name":"Winding Halls","floor":36,"gold_loss":0},{"damage_healed":0,"gold_gain":0,"player_choice":"Memory 1","damage_taken":0,"max_hp_gain":0,"max_hp_loss":0,"event_name":"SensoryStone","floor":37,"gold_loss":0},{"damage_healed":0,"gold_gain":0,"player_choice":"Copied","damage_taken":0,"max_hp_gain":0,"max_hp_loss":0,"event_name":"Duplicator","floor":42,"gold_loss":0,"cards_obtained":["Limit Break"]},{"cards_removed":["Defend_R"],"damage_healed":0,"gold_gain":0,"player_choice":"Removed Skill","damage_taken":0,"max_hp_gain":0,"max_hp_loss":0,"event_name":"Falling","floor":46,"gold_loss":0}],"is_beta":false,"boss_relics":[{"not_picked":["White Beast Statue","Runic Cube"],"picked":"Eternal Feather"},{"not_picked":["Cursed Key","Pandora\u0027s Box"],"picked":"Tiny House"}],"items_purged_floors":[3,11,20,31,47,48,53],"is_endless":false,"potions_floor_spawned":[6,8,16,19,21,27,35,38,39,45],"ascension_level":0}