{"gold_per_floor":[113,129,142,159,33,33,58,58,84,110,124,124,124,158,158,254,317,330,330,35,49,65,65,88,88,88,111,125,125,156,156],"floor_reached":31,"playtime":1271,"items_purged":["Strike_R"],"score":485,"play_id":"2d416ab4-fa01-4aec-9747-adced65020f9","local_time":"20190417112507","is_ascension_mode":true,"campfire_choices":[{"data":"Bash","floor":6.0,"key":"SMITH"},{"data":"Disarm","floor":8.0,"key":"SMITH"},{"floor":13.0,"key":"REST"},{"floor":15.0,"key":"REST"},{"floor":23,"key":"REST"},{"data":"Hemokinesis","floor":25,"key":"SMITH"},{"floor":29,"key":"REST"}],"neow_cost":"NONE","seed_source_timestamp":0,"circlet_count":0,"master_deck":["AscendersBane","Strike_R","Strike_R+1","Strike_R","Strike_R","Defend_R","Defend_R","Defend_R","Defend_R","Bash+1","Rupture","Iron Wave","Sword Boomerang","Twin Strike","Wild Strike","Disarm+1","Rupture","Cleave+1","Shrug It Off+1","Demon Form","Havoc","Hemokinesis+1","Shrug It Off","Heavy Blade","Battle Trance","Second Wind","Shrug It Off","Heavy Blade"],"special_seed":0,"relics":["Burning Blood","Vajra","Bag of Marbles","Regal Pillow","Golden Idol","Ancient Tea Set","Tiny House","Anchor","Whetstone","Question Card"],"potions_floor_usage":[18,20,27,28,30],"damage_taken":[{"damage":8.0,"enemies":"2 Louse","floor":1.0,"turns":3.0},{"damage":11.0,"enemies":"Cultist","floor":2.0,"turns":4.0},{"damage":6.0,"enemies":"Jaw Worm","floor":3.0,"turns":4.0},{"damage":10.0,"enemies":"3 Louse","floor":4.0,"turns":2.0},{"damage":20.0,"enemies":"Gremlin Nob","floor":7.0,"turns":4.0},{"damage":21.0,"enemies":"3 Sentries","floor":10.0,"turns":10.0},{"damage":16.0,"enemies":"Blue Slaver","floor":11.0,"turns":4.0},{"damage":34.0,"enemies":"Lagavulin","floor":14.0,"turns":7.0},{"damage":73,"enemies":"Slime Boss","floor":16,"turns":14},{"damage":20,"enemies":"Spheric Guardian","floor":18,"turns":4},{"damage":30,"enemies":"2 Thieves","floor":21,"turns":5},{"damage":15,"enemies":"Centurion and Healer","floor":22,"turns":7},{"damage":17,"enemies":"Snecko","floor":24,"turns":5},{"damage":14,"enemies":"Snake Plant","floor":27,"turns":3},{"damage":52,"enemies":"Cultist and Chosen","floor":28,"turns":10},{"damage":51,"enemies":"Slavers","floor":30,"turns":7},{"damage":20,"enemies":"Snecko","floor":31,"turns":3}],"seed_played":"-7488919708746508661","potions_obtained":[{"floor":2.0,"key":"EssenceOfSteel"},{"floor":3.0,"key":"Explosive Potion"},{"floor":7.0,"key":"Block Potion"},{"floor":17,"key":"AttackPotion"},{"floor":18,"key":"Regen Potion"},{"floor":21,"key":"Fire Potion"},{"floor":27,"key":"LiquidBronze"},{"floor":30,"key":"Fire Potion"}],"is_trial":false,"path_per_floor":["M","M","M","M","$","R","E","R","T","E","M","?","R","E","R","B",null,"M","?","$","M","M","R","M","R","T","M","M","R","E","M"],"character_chosen":"IRONCLAD","items_purchased":["Wild Strike","Anchor","Shrug It Off","Fruit Juice"],"campfire_rested":4,"item_purchase_floors":[5,20,20,20],"current_hp_per_floor":[73,68,68,64,64,64,50,50,50,35,25,25,64,36,75,8,69,55,55,60,36,27,69,58,58,58,50,19,61,16,0],"gold":156,"neow_bonus":"TEN_PERCENT_HP_BONUS","is_prod":false,"is_daily":false,"chose_seed":false,"campfire_upgraded":3,"win_rate":0,"timestamp":1555525507,"path_taken":["M","M","M","M","$","R","E","R","T","E","M","?","R","E","R","BOSS","M","?","?","M","M","R","M","R","T","?","M","R","E","M"],"build_version":"2019-01-23","purchased_purges":1,"victory":false,"max_hp_per_floor":[82,82,82,82,82,82,82,82,82,82,82,82,82,82,82,82,87,87,87,92,92,92,92,92,92,92,92,92,92,92,92],"card_choices":[{"not_picked":["Warcry","Clash"],"picked":"Rupture","floor":1.0},{"not_picked":["Anger","Headbutt"],"picked":"Iron Wave","floor":2.0},{"not_picked":["Pommel Strike","Clash"],"picked":"Sword Boomerang","floor":3.0},{"not_picked":["Corruption","Limit Break"],"picked":"Twin Strike","floor":4.0},{"not_picked":["Anger","Sword Boomerang"],"picked":"Disarm","floor":7.0},{"not_picked":["Headbutt","Reckless Charge"],"picked":"Rupture","floor":10.0},{"not_picked":["Carnage","Dark Embrace"],"picked":"Cleave","floor":11.0},{"not_picked":["Warcry","Clothesline"],"picked":"Shrug It Off","floor":14.0},{"not_picked":["Barricade","Immolate"],"picked":"Demon Form","floor":16},{"not_picked":["Clothesline","Wild Strike"],"picked":"Havoc","floor":17},{"not_picked":["Clash","Bloodletting"],"picked":"Hemokinesis","floor":18},{"not_picked":["Cleave+1","Sentinel+1"],"picked":"Heavy Blade","floor":21},{"not_picked":["Thunderclap","Pommel Strike"],"picked":"Battle Trance","floor":22},{"not_picked":["Flex","Pommel Strike"],"picked":"Second Wind","floor":24},{"not_picked":["Dropkick","Exhume"],"picked":"Shrug It Off","floor":27},{"not_picked":["Clash","Second Wind"],"picked":"Heavy Blade","floor":28},{"not_picked":["Twin Strike","Carnage+1","Clash"],"picked":"SKIP","floor":30}],"player_experience":448264,"relics_obtained":[{"floor":7.0,"key":"Vajra"},{"floor":9.0,"key":"Bag of Marbles"},{"floor":10.0,"key":"Regal Pillow"},{"floor":14.0,"key":"Ancient Tea Set"},{"floor":26,"key":"Whetstone"},{"floor":30,"key":"Question Card"}],"event_choices":[{"damage_healed":0.0,"max_hp_gain":0.0,"max_hp_loss":0.0,"gold_gain":0.0,"event_name":"Golden Idol","player_choice":"Take Wound","floor":12.0,"gold_loss":0.0,"damage_taken":0.0,"relics_obtained":["Golden Idol"],"cards_obtained":["Injury"]},{"cards_removed":["Injury"],"damage_healed":0,"gold_gain":0,"player_choice":"Purged","damage_taken":0,"max_hp_gain":0,"max_hp_loss":0,"event_name":"Purifier","floor":19,"gold_loss":0}],"is_beta":false,"boss_relics":[{"not_picked":["Philosopher\u0027s Stone","Runic Pyramid"],"picked":"Tiny House"}],"items_purged_floors":[5],"is_endless":false,"potions_floor_spawned":[2,3,7,18,21,27,30],"killed_by":"Snecko","ascension_level":15}