{"gold_per_floor":[14,24,24,37,48,48,60,72,118,118,134,147,181,197,197,197],"floor_reached":16,"playtime":1839,"items_purged":[],"score":133,"play_id":"880a0f4b-e284-4fed-8283-c178271eae4a","local_time":"20190404192222","is_ascension_mode":false,"campfire_choices":[{"data":"Fusion","floor":6,"key":"SMITH"},{"data":"Stack","floor":10,"key":"SMITH"},{"data":"Capacitor","floor":15,"key":"SMITH"}],"neow_cost":"NO_GOLD","seed_source_timestamp":1157351845190800,"circlet_count":0,"master_deck":["Strike_B","Strike_B","Strike_B","Strike_B","Defend_B","Defend_B","Defend_B","Defend_B","Zap","Dualcast","Electrodynamics","Turbo","Fusion+1","Hello World","Stack+1","Fusion","Capacitor+1","Capacitor","Defragment","Machine Learning","BootSequence"],"relics":["Cracked Core","Anchor","Kunai"],"potions_floor_usage":[12,16,16,16],"damage_taken":[{"damage":0,"enemies":"Cultist","floor":1,"turns":2},{"damage":6,"enemies":"Jaw Worm","floor":2,"turns":3},{"damage":5,"enemies":"Small Slimes","floor":4,"turns":2},{"damage":10,"enemies":"Looter","floor":5,"turns":3},{"damage":29,"enemies":"Lots of Slimes","floor":7,"turns":4},{"damage":12,"enemies":"2 Fungi Beasts","floor":8,"turns":3},{"damage":1,"enemies":"Exordium Wildlife","floor":11,"turns":3},{"damage":0,"enemies":"3 Louse","floor":12,"turns":1},{"damage":0,"enemies":"3 Sentries","floor":13,"turns":3},{"damage":0,"enemies":"2 Fungi Beasts","floor":14,"turns":3},{"damage":30,"enemies":"Slime Boss","floor":16,"turns":3}],"seed_played":"924419842605272941","potions_obtained":[{"floor":2,"key":"AttackPotion"},{"floor":7,"key":"Ancient Potion"},{"floor":12,"key":"Strength Potion"},{"floor":13,"key":"SteroidPotion"}],"is_trial":false,"path_per_floor":["M","M","$","M","M","R","M","M","T","R","M","M","E","M","R","B"],"character_chosen":"DEFECT","items_purchased":[],"campfire_rested":0,"item_purchase_floors":[],"current_hp_per_floor":[75,69,69,64,54,54,25,13,13,13,12,12,12,12,12,0],"gold":197,"neow_bonus":"THREE_RARE_CARDS","is_prod":false,"is_daily":false,"chose_seed":false,"campfire_upgraded":3,"win_rate":0.0,"timestamp":1554398542,"path_taken":["M","M","?","M","M","R","M","M","T","R","M","M","E","M","R","BOSS"],"build_version":"2019-01-23","purchased_purges":0,"victory":false,"max_hp_per_floor":[75,75,75,75,75,75,75,75,75,75,75,75,75,75,75,75],"card_choices":[{"not_picked":["All For One","Seek"],"picked":"Electrodynamics","floor":0},{"not_picked":["Gash","Go for the Eyes"],"picked":"Turbo","floor":1},{"not_picked":["Streamline","Rebound"],"picked":"Fusion","floor":2},{"not_picked":["Skim","Leap"],"picked":"Hello World","floor":4},{"not_picked":["Darkness","Barrage"],"picked":"Stack","floor":5},{"not_picked":["Sweeping Beam","Storm"],"picked":"Fusion","floor":7},{"not_picked":["Machine Learning","Stack"],"picked":"Capacitor","floor":8},{"not_picked":["Compile Driver","Recycle"],"picked":"Capacitor","floor":11},{"not_picked":["Redo","Beam Cell"],"picked":"Defragment","floor":12},{"not_picked":["Hologram","Skim"],"picked":"Machine Learning","floor":13},{"not_picked":["Coolheaded","Ball Lightning"],"picked":"BootSequence","floor":14}],"player_experience":52420,"relics_obtained":[{"floor":9,"key":"Anchor"},{"floor":13,"key":"Kunai"}],"event_choices":[],"is_beta":false,"boss_relics":[],"items_purged_floors":[],"is_endless":false,"potions_floor_spawned":[2,7,12,13],"killed_by":"Slime Boss","ascension_level":0}