{"gold_per_floor":[109,109,121,140,157,182,182,213,213,213,213,213,51,61,61,61],"floor_reached":16,"playtime":1283,"items_purged":[],"score":149,"play_id":"80a86f1f-3366-4563-b7ae-a4ec7c1544b3","local_time":"20190409161216","is_ascension_mode":true,"campfire_choices":[{"data":"Perfected Strike","floor":7,"key":"SMITH"},{"floor":11,"key":"REST"},{"data":"Shockwave","floor":15,"key":"SMITH"}],"neow_cost":"NONE","seed_source_timestamp":398694770967246,"circlet_count":0,"master_deck":["Strike_R","Strike_R+1","Strike_R","Strike_R","Defend_R","Defend_R","Defend_R","Defend_R","Bash+1","Perfected Strike+1","Shrug It Off","Pommel Strike+1","Shockwave+1","Shrug It Off"],"relics":["Burning Blood","Oddly Smooth Stone","The Courier","Mummified Hand","Self Forming Clay","Whetstone"],"potions_floor_usage":[6,16,16],"damage_taken":[{"damage":1,"enemies":"Small Slimes","floor":1,"turns":4},{"damage":0,"enemies":"2 Louse","floor":3,"turns":3},{"damage":0,"enemies":"Cultist","floor":4,"turns":4},{"damage":9,"enemies":"Blue Slaver","floor":5,"turns":8},{"damage":44,"enemies":"3 Sentries","floor":6,"turns":13},{"damage":28,"enemies":"Gremlin Nob","floor":8,"turns":4},{"damage":0,"enemies":"Red Slaver","floor":14,"turns":3},{"damage":42,"enemies":"Hexaghost","floor":16,"turns":12}],"seed_played":"-4531807892443555490","potions_obtained":[{"floor":1,"key":"Swift Potion"},{"floor":6,"key":"Dexterity Potion"},{"floor":8,"key":"PowerPotion"}],"is_trial":false,"path_per_floor":["?","?","?"],"character_chosen":"IRONCLAD","items_purchased":["Whetstone","Shrug It Off"],"campfire_rested":1,"item_purchase_floors":[13,13],"current_hp_per_floor":[85,78,84,88,85,47,47,25,25,7,33,33,33,39,39,0],"gold":61,"neow_bonus":"TEN_PERCENT_HP_BONUS","is_prod":false,"is_daily":false,"chose_seed":false,"campfire_upgraded":2,"win_rate":0,"timestamp":1554847936,"path_taken":["M","?","M","M","M","E","R","E","T","?","R","?","$","M","R","BOSS"],"build_version":"2019-01-23","purchased_purges":0,"victory":false,"max_hp_per_floor":[88,88,88,88,88,88,88,88,88,88,88,88,88,88,88,88],"card_choices":[{"not_picked":["Blood for Blood","Power Through"],"picked":"Perfected Strike","floor":1},{"not_picked":["Fire Breathing","Heavy Blade","Havoc"],"picked":"SKIP","floor":3},{"not_picked":["Clothesline","Pummel","Anger"],"picked":"SKIP","floor":4},{"not_picked":["Clothesline","Rage"],"picked":"Shrug It Off","floor":5},{"not_picked":["Havoc","Flex"],"picked":"Pommel Strike","floor":6},{"not_picked":["Fiend Fire","Havoc"],"picked":"Shockwave","floor":8},{"not_picked":["Spot Weakness","Thunderclap","Shrug It Off"],"picked":"SKIP","floor":14}],"player_experience":556888,"relics_obtained":[{"floor":6,"key":"Oddly Smooth Stone"},{"floor":8,"key":"The Courier"},{"floor":9,"key":"Mummified Hand"}],"event_choices":[{"cards_removed":["Strike_R"],"damage_healed":0,"gold_gain":0,"player_choice":"Card Removal","damage_taken":7,"max_hp_gain":0,"max_hp_loss":0,"event_name":"Golden Wing","floor":2,"gold_loss":0},{"damage_healed":0,"gold_gain":0,"player_choice":"Success","damage_taken":18,"relics_obtained":["Self Forming Clay"],"max_hp_gain":0,"max_hp_loss":0,"event_name":"Scrap Ooze","floor":10,"gold_loss":0},{"damage_healed":0,"gold_gain":0,"player_choice":"Grow","damage_taken":0,"max_hp_gain":0,"max_hp_loss":0,"event_name":"Living Wall","floor":12,"gold_loss":0,"cards_upgraded":["Pommel Strike"]}],"is_beta":false,"boss_relics":[],"items_purged_floors":[],"is_endless":false,"potions_floor_spawned":[1,6,8],"killed_by":"Hexaghost","ascension_level":7}