{"gold_per_floor":[117,127,127,143,158,191,191,207,259,294,294,304,304,33,33,136,136,149,49,49,49,62,88,88,88,88,88,99,99,198,210,210,306,306,321,51,51,69,88,88,106,31,31,31,31],"floor_reached":45,"playtime":2537,"items_purged":["Normality","Gash","Doubt","Parasite"],"score":443,"play_id":"7d0d8655-dfe9-4aef-af46-20d1188256ff","local_time":"20181118122903","is_ascension_mode":false,"campfire_choices":[{"data":"Darkness","floor":7,"key":"SMITH"},{"floor":11,"key":"REST"},{"data":"Echo Form","floor":13,"key":"SMITH"},{"floor":15,"key":"REST"},{"floor":24,"key":"REST"},{"floor":32,"key":"REST"},{"floor":40,"key":"REST"},{"floor":44,"key":"REST"}],"neow_cost":"NONE","seed_source_timestamp":342957766705974,"circlet_count":0,"master_deck":["Zap","Dualcast","Darkness+1","Sunder","Echo Form+1","Echo Form+1","Seek","Steam Power","Ball Lightning","Genetic Algorithm","Beam Cell","Conserve Battery+1","Static Discharge+1","Core Surge","Amplify","Loop+1","Decay"],"relics":["Cursed Key","Ornamental Fan","Mummified Hand","Juzu Bracelet","DollysMirror","Pandora\u0027s Box","Vajra","Ginger","Runic Pyramid","Membership Card","Bottled Flame"],"potions_floor_usage":[6,10,16,23,31,31,41],"damage_taken":[{"damage":1,"enemies":"Jaw Worm","floor":1,"turns":3},{"damage":1,"enemies":"Cultist","floor":2,"turns":4},{"damage":0,"enemies":"2 Louse","floor":4,"turns":2},{"damage":0,"enemies":"Looter","floor":5,"turns":3},{"damage":16,"enemies":"Lagavulin","floor":6,"turns":6},{"damage":10,"enemies":"Gremlin Gang","floor":8,"turns":5},{"damage":22,"enemies":"3 Sentries","floor":10,"turns":7},{"damage":11,"enemies":"Large Slime","floor":12,"turns":4},{"damage":11,"enemies":"Hexaghost","floor":16,"turns":7},{"damage":27,"enemies":"3 Byrds","floor":18,"turns":3},{"damage":0,"enemies":"Chosen","floor":22,"turns":3},{"damage":43,"enemies":"Slavers","floor":23,"turns":5},{"damage":13,"enemies":"Shelled Parasite and Fungi","floor":28,"turns":3},{"damage":8,"enemies":"Centurion and Healer","floor":31,"turns":4},{"damage":12,"enemies":"Collector","floor":33,"turns":6},{"damage":17,"enemies":"3 Shapes","floor":35,"turns":3},{"damage":18,"enemies":"Orb Walker","floor":38,"turns":3},{"damage":38,"enemies":"Writhing Mass","floor":39,"turns":4},{"damage":15,"enemies":"Transient","floor":41,"turns":5},{"damage":40,"enemies":"Reptomancer","floor":45,"turns":3}],"seed_played":"8397740781267207183","potions_obtained":[{"floor":2,"key":"Regen Potion"},{"floor":5,"key":"FearPotion"},{"floor":10,"key":"Ancient Potion"},{"floor":12,"key":"SpeedPotion"},{"floor":18,"key":"Ancient Potion"},{"floor":31,"key":"Fruit Juice"},{"floor":39,"key":"FocusPotion"},{"floor":41,"key":"Block Potion"}],"is_trial":false,"path_per_floor":["M","M","?","M","M","E","R","M","T","E","R","M","R","$","R","B",null,"M","$","?","$","M","E","R","?","T","$","M","?","?","M","R","B",null,"M","$","?","M","M","R","M","$","T","R","E"],"character_chosen":"DEFECT","items_purchased":["DollysMirror","Membership Card"],"campfire_rested":6,"item_purchase_floors":[14,36],"current_hp_per_floor":[74,73,73,73,73,62,62,52,52,30,52,41,41,41,63,52,75,48,48,48,48,48,5,27,27,27,27,14,14,14,11,35,23,80,63,63,63,45,7,31,16,16,16,39,0],"gold":31,"neow_bonus":"BOSS_RELIC","is_prod":false,"is_daily":false,"chose_seed":false,"campfire_upgraded":2,"win_rate":0,"timestamp":1542540543,"path_taken":["M","M","?","M","M","E","R","?","T","E","R","M","R","$","R","BOSS","M","$","?","$","M","E","R","?","T","$","M","?","?","M","R","BOSS","M","$","?","M","M","R","M","?","T","R","E"],"build_version":"2018-11-15","purchased_purges":4,"victory":false,"max_hp_per_floor":[75,75,75,75,75,75,75,75,75,75,75,75,75,75,75,75,75,75,75,75,75,75,75,75,75,75,75,75,75,75,80,80,80,80,80,80,80,80,80,80,80,77,77,77,77],"card_choices":[{"not_picked":["Rebound","Barrage","Stack"],"picked":"SKIP","floor":1},{"not_picked":["Go for the Eyes","Barrage","Coolheaded"],"picked":"SKIP","floor":2},{"not_picked":["Recycle","Barrage","Fusion"],"picked":"SKIP","floor":4},{"not_picked":["Rip and Tear","Reinforced Body"],"picked":"Darkness","floor":5},{"not_picked":["Compile Driver","Sweeping Beam","Chill"],"picked":"SKIP","floor":6},{"not_picked":["Go for the Eyes","Rebound"],"picked":"Sunder","floor":8},{"not_picked":["Rainbow","Ball Lightning"],"picked":"Echo Form","floor":10},{"not_picked":["Redo","Ball Lightning","Rebound"],"picked":"SKIP","floor":12},{"not_picked":["Biased Cognition","Thunder Strike"],"picked":"Seek","floor":16},{"not_picked":["Turbo","Go for the Eyes"],"picked":"Conserve Battery+1","floor":18},{"not_picked":["Hologram","Consume","Lockon"],"picked":"SKIP","floor":22},{"not_picked":["Ball Lightning","Chaos","Force Field"],"picked":"SKIP","floor":23},{"not_picked":["Barrage","Cold Snap"],"picked":"Static Discharge+1","floor":28},{"not_picked":["Go for the Eyes","Tempest","White Noise"],"picked":"SKIP","floor":31},{"not_picked":["Seek","Echo Form"],"picked":"Amplify","floor":33},{"not_picked":["Go for the Eyes+1","Coolheaded+1","Hello World+1"],"picked":"SKIP","floor":35},{"not_picked":["Aggregate+1","Barrage"],"picked":"Loop+1","floor":38},{"not_picked":["Chaos+1","FTL","Tempest"],"picked":"SKIP","floor":39},{"not_picked":["Gash","Streamline","Reinforced Body+1"],"picked":"SKIP","floor":41}],"player_experience":214966,"relics_obtained":[{"floor":3,"key":"Ornamental Fan"},{"floor":6,"key":"Mummified Hand"},{"floor":10,"key":"Juzu Bracelet"},{"floor":23,"key":"Vajra"},{"floor":26,"key":"Ginger"},{"floor":43,"key":"Bottled Flame"}],"event_choices":[{"damage_healed":0,"gold_gain":0,"player_choice":"Relic","damage_taken":0,"max_hp_gain":0,"max_hp_loss":0,"event_name":"Wheel of Change","floor":3,"gold_loss":0},{"cards_removed":["Coolheaded"],"damage_healed":0,"gold_gain":0,"player_choice":"Elegance","damage_taken":0,"max_hp_gain":0,"max_hp_loss":0,"event_name":"Back to Basics","floor":20,"gold_loss":0},{"damage_healed":0,"gold_gain":0,"player_choice":"Ignored","damage_taken":0,"max_hp_gain":0,"max_hp_loss":0,"event_name":"Ghosts","floor":25,"gold_loss":0},{"damage_healed":0,"gold_gain":0,"cards_transformed":["Streamline"],"player_choice":"Transformed","damage_taken":0,"max_hp_gain":0,"max_hp_loss":0,"event_name":"Transmorgrifier","floor":29,"gold_loss":0,"cards_obtained":["Core Surge"]},{"damage_healed":0,"gold_gain":99,"player_choice":"Stole From Cult","damage_taken":0,"max_hp_gain":0,"max_hp_loss":0,"event_name":"Nest","floor":30,"gold_loss":0},{"cards_removed":["Lockon"],"damage_healed":0,"gold_gain":0,"player_choice":"Removed Attack","damage_taken":0,"max_hp_gain":0,"max_hp_loss":0,"event_name":"Falling","floor":37,"gold_loss":0}],"is_beta":false,"boss_relics":[{"not_picked":["Eternal Feather","Astrolabe"],"picked":"Pandora\u0027s Box"},{"not_picked":["Velvet Choker","Tiny House"],"picked":"Runic Pyramid"}],"items_purged_floors":[14,19,36,42],"is_endless":false,"potions_floor_spawned":[2,5,10,12,18,31,39,41],"killed_by":"Reptomancer","ascension_level":0}