{"gold_per_floor":[118,137,156,172,188,223,223,373,373,390,390],"floor_reached":11,"playtime":227,"items_purged":[],"score":139,"play_id":"a8ad886e-b697-467d-94dd-be877f067442","local_time":"20190506115052","is_ascension_mode":true,"campfire_choices":[{"floor":7,"key":"REST"}],"neow_cost":"NONE","seed_source_timestamp":561616215900799,"circlet_count":0,"master_deck":["AscendersBane","Strike_R","Strike_R","Strike_R","Strike_R","Strike_R","Defend_R","Defend_R","Defend_R","Defend_R","Bash","Double Tap","Disarm","Perfected Strike","Shockwave","Doubt","Immolate"],"relics":["Fusion Hammer","Letter Opener","Paper Frog"],"potions_floor_usage":[6,6,11],"damage_taken":[{"damage":6,"enemies":"Cultist","floor":1,"turns":3},{"damage":0,"enemies":"Small Slimes","floor":2,"turns":2},{"damage":12,"enemies":"Jaw Worm","floor":3,"turns":2},{"damage":24,"enemies":"Exordium Wildlife","floor":4,"turns":6},{"damage":12,"enemies":"Looter","floor":5,"turns":3},{"damage":14,"enemies":"Gremlin Nob","floor":6,"turns":3},{"damage":14,"enemies":"Exordium Thugs","floor":10,"turns":4},{"damage":18,"enemies":"Lagavulin","floor":11,"turns":4}],"seed_played":"-7655634469432633923","potions_obtained":[{"floor":2,"key":"Regen Potion"},{"floor":4,"key":"PowerPotion"},{"floor":6,"key":"Strength Potion"}],"is_trial":false,"path_per_floor":["M","M","M","M","M","E","R","?","T","M","E"],"character_chosen":"IRONCLAD","items_purchased":[],"campfire_rested":1,"item_purchase_floors":[],"current_hp_per_floor":[62,62,50,26,14,9,31,31,31,17,0],"gold":390,"neow_bonus":"BOSS_RELIC","is_prod":false,"is_daily":false,"chose_seed":false,"campfire_upgraded":0,"win_rate":0,"timestamp":1557136252,"path_taken":["M","M","M","M","?","E","R","?","T","M","E"],"build_version":"2019-01-23","purchased_purges":0,"victory":false,"max_hp_per_floor":[75,75,75,75,75,75,75,75,75,75,75],"card_choices":[{"not_picked":["Flex","Warcry","Headbutt"],"picked":"SKIP","floor":1},{"not_picked":["Hemokinesis","Wild Strike"],"picked":"Double Tap","floor":2},{"not_picked":["Cleave","Pommel Strike"],"picked":"Disarm","floor":3},{"not_picked":["Warcry","Clash","Body Slam"],"picked":"SKIP","floor":4},{"not_picked":["Havoc","Power Through"],"picked":"Perfected Strike","floor":5},{"not_picked":["Heavy Blade","Cleave"],"picked":"Shockwave","floor":6},{"not_picked":["Perfected Strike","Warcry"],"picked":"Immolate","floor":10}],"player_experience":1138786,"relics_obtained":[{"floor":6,"key":"Letter Opener"},{"floor":9,"key":"Paper Frog"}],"event_choices":[{"damage_healed":0,"gold_gain":150,"player_choice":"AGREE","damage_taken":0,"max_hp_gain":0,"max_hp_loss":0,"event_name":"Liars Game","floor":8,"gold_loss":0,"cards_obtained":["Doubt"]}],"is_beta":false,"boss_relics":[],"items_purged_floors":[],"is_endless":false,"potions_floor_spawned":[2,4,6],"killed_by":"Lagavulin","ascension_level":16}