{"gold_per_floor":[111,35,35,46,62,62,87,97,97,97,116,4,4,4,4,106,106,106],"floor_reached":18,"playtime":334,"items_purged":[],"score":176,"play_id":"7f592b57-663d-4da3-b45f-d3719d72ecb2","local_time":"20190213140922","is_ascension_mode":true,"campfire_choices":[{"data":"Defragment","floor":6,"key":"SMITH"},{"floor":10,"key":"REST"},{"floor":15,"key":"REST"}],"neow_cost":"NONE","seed_source_timestamp":1984247491872351,"circlet_count":0,"master_deck":["Strike_B","Strike_B","Strike_B","Strike_B","Defend_B","Defend_B","Defend_B","Defend_B","Zap","Dualcast","Defragment+1","Lockon","Cold Snap","Reprogram","Doom and Gloom","Ball Lightning","Ball Lightning","Fusion","BootSequence","Multi-Cast"],"relics":["Cracked Core","NeowsBlessing","Art of War","Sundial"],"potions_floor_usage":[7,16],"damage_taken":[{"damage":0,"enemies":"Small Slimes","floor":1,"turns":1},{"damage":0,"enemies":"2 Louse","floor":4,"turns":1},{"damage":0,"enemies":"Jaw Worm","floor":5,"turns":1},{"damage":14,"enemies":"Gremlin Nob","floor":7,"turns":4},{"damage":28,"enemies":"Lots of Slimes","floor":8,"turns":3},{"damage":13,"enemies":"Blue Slaver","floor":11,"turns":2},{"damage":12,"enemies":"Slime Boss","floor":16,"turns":6},{"damage":10,"enemies":"Shell Parasite","floor":18,"turns":2}],"seed_played":"-3983092390659189342","potions_obtained":[{"floor":4,"key":"Swift Potion"},{"floor":5,"key":"FairyPotion"},{"floor":7,"key":"Poison Potion"},{"floor":16,"key":"Poison Potion"}],"is_trial":false,"path_per_floor":["M","$","?","M","M","R","E","M","T","R","M","$","?","?","R","B",null,"M"],"character_chosen":"DEFECT","items_purchased":["Lockon","Fusion","BootSequence"],"campfire_rested":2,"item_purchase_floors":[2,12,12],"current_hp_per_floor":[75,75,68,68,68,68,54,26,26,48,35,35,35,35,57,45,75,65],"gold":106,"neow_bonus":"THREE_ENEMY_KILL","is_prod":false,"is_daily":false,"chose_seed":false,"campfire_upgraded":1,"win_rate":0,"timestamp":1550095762,"path_taken":["M","$","?","M","M","R","E","M","T","R","M","$","?","?","R","BOSS","M"],"build_version":"2019-01-23","purchased_purges":0,"victory":false,"max_hp_per_floor":[75,75,75,75,75,75,75,75,75,75,75,75,75,75,75,75,75,75],"card_choices":[{"not_picked":["Compile Driver","Cold Snap"],"picked":"Defragment","floor":1},{"not_picked":["Beam Cell","Compile Driver"],"picked":"Cold Snap","floor":4},{"not_picked":["Go for the Eyes","Recycle"],"picked":"Reprogram","floor":5},{"not_picked":["Ball Lightning","Compile Driver"],"picked":"Doom and Gloom","floor":7},{"not_picked":["Hologram","Heatsinks"],"picked":"Ball Lightning","floor":8},{"not_picked":["Coolheaded","Biased Cognition"],"picked":"Ball Lightning","floor":11},{"not_picked":["Fission","Reboot"],"picked":"Multi-Cast","floor":16}],"player_experience":357104,"relics_obtained":[{"floor":7,"key":"Sundial"}],"event_choices":[{"damage_healed":0,"gold_gain":0,"player_choice":"Success","damage_taken":7,"relics_obtained":["Art of War"],"max_hp_gain":0,"max_hp_loss":0,"event_name":"Scrap Ooze","floor":3,"gold_loss":0},{"damage_healed":0,"gold_gain":0,"player_choice":"Ignored","damage_taken":0,"max_hp_gain":0,"max_hp_loss":0,"event_name":"Liars Game","floor":13,"gold_loss":0},{"damage_healed":0,"gold_gain":0,"player_choice":"Ignored","damage_taken":0,"max_hp_gain":0,"max_hp_loss":0,"event_name":"Golden Idol","floor":14,"gold_loss":0}],"is_beta":false,"boss_relics":[{"not_picked":["Runic Pyramid","Snecko Eye","FrozenCore"]}],"items_purged_floors":[],"is_endless":false,"potions_floor_spawned":[4,5,7,16],"killed_by":"Shell Parasite","ascension_level":2}