{"gold_per_floor":[119,119,132,146,146,146,160,160,239,259,277,287,312,312,312,386,386,401,413,183,202,117,117,135,135,187,287,287,297,324,324,324,395,445,461,561,574,574,574,574,574,593,616,616,518,534,534,549,549,549,549,549,39,69,69],"floor_reached":55,"playtime":2397,"items_purged":["Bash","Writhe","Injury"],"score":1264,"play_id":"2362af7a-4122-440e-812f-ab31f12cd736","local_time":"20190506124301","is_ascension_mode":true,"campfire_choices":[{"data":"True Grit","floor":6.0,"key":"SMITH"},{"data":"Uppercut","floor":8.0,"key":"SMITH"},{"data":"Double Tap","floor":15.0,"key":"SMITH"},{"data":"Heavy Blade","floor":23.0,"key":"SMITH"},{"data":"Spot Weakness","floor":25.0,"key":"SMITH"},{"data":"Battle Trance","floor":28.0,"key":"SMITH"},{"floor":32.0,"key":"REST"},{"data":"Limit Break","floor":40.0,"key":"SMITH"},{"floor":44.0,"key":"RECALL"},{"data":"Whirlwind","floor":47.0,"key":"SMITH"},{"floor":49.0,"key":"REST"},{"data":"Pummel","floor":52.0,"key":"SMITH"}],"neow_cost":"NONE","seed_source_timestamp":42374757341027,"circlet_count":0,"master_deck":["AscendersBane","Strike_R","Strike_R","Strike_R+1","Strike_R","Strike_R","Defend_R","Defend_R","Defend_R","Defend_R","Feed","Uppercut+1","Metallicize+1","True Grit+1","Spot Weakness+1","Battle Trance","Double Tap+1","Limit Break+1","Offering","Heavy Blade+1","Ghostly Armor","Battle Trance+1","Necronomicurse","Offering","Whirlwind+1","Pummel+1","True Grit+1"],"special_seed":0,"relics":["Burning Blood","Boot","Mercury Hourglass","Blue Candle","Cursed Key","Vajra","Smiling Mask","Regal Pillow","Ancient Tea Set","Necronomicon","Tiny House","FossilizedHelix","Pantograph","Red Skull","Ornamental Fan"],"potions_floor_usage":[55,55],"damage_taken":[{"damage":12.0,"enemies":"Jaw Worm","floor":1.0,"turns":2.0},{"damage":7.0,"enemies":"Small Slimes","floor":3.0,"turns":3.0},{"damage":1.0,"enemies":"Cultist","floor":4.0,"turns":3.0},{"damage":13.0,"enemies":"Looter","floor":7.0,"turns":5.0},{"damage":1.0,"enemies":"Blue Slaver","floor":10.0,"turns":5.0},{"damage":16.0,"enemies":"Lots of Slimes","floor":11.0,"turns":3.0},{"damage":3.0,"enemies":"3 Louse","floor":12.0,"turns":3.0},{"damage":6.0,"enemies":"Gremlin Nob","floor":13.0,"turns":4.0},{"damage":36.0,"enemies":"Hexaghost","floor":16.0,"turns":7.0},{"damage":9.0,"enemies":"Spheric Guardian","floor":18.0,"turns":3.0},{"damage":26.0,"enemies":"2 Thieves","floor":19.0,"turns":3.0},{"damage":16.0,"enemies":"Centurion and Healer","floor":21.0,"turns":3.0},{"damage":5.0,"enemies":"Snake Plant","floor":24.0,"turns":3.0},{"damage":18.0,"enemies":"Chosen and Byrds","floor":29.0,"turns":4.0},{"damage":22.0,"enemies":"Slavers","floor":30.0,"turns":5.0},{"damage":50.0,"enemies":"Champ","floor":33.0,"turns":10.0},{"damage":12.0,"enemies":"3 Darklings","floor":35.0,"turns":3.0},{"damage":19.0,"enemies":"Mind Bloom Boss Battle","floor":36.0,"turns":6.0},{"damage":8.0,"enemies":"3 Shapes","floor":37.0,"turns":12.0},{"damage":21.0,"enemies":"Transient","floor":42.0,"turns":5.0},{"damage":0.0,"enemies":"3 Darklings","floor":46.0,"turns":2.0},{"damage":6.0,"enemies":"4 Shapes","floor":48.0,"turns":8.0},{"damage":6.0,"enemies":"Donu and Deca","floor":50.0,"turns":1.0},{"damage":26,"enemies":"Shield and Spear","floor":54,"turns":3},{"damage":117,"enemies":"The Heart","floor":55,"turns":6}],"seed_played":"-6680886032778085043","potions_obtained":[{"floor":1.0,"key":"SkillPotion"},{"floor":3.0,"key":"Block Potion"},{"floor":14.0,"key":"Energy Potion"},{"floor":14.0,"key":"Weak Potion"},{"floor":16.0,"key":"EssenceOfSteel"},{"floor":19.0,"key":"AttackPotion"},{"floor":29.0,"key":"EssenceOfSteel"},{"floor":30.0,"key":"PowerPotion"},{"floor":33.0,"key":"GamblersBrew"},{"floor":34.0,"key":"BloodPotion"},{"floor":48.0,"key":"Strength Potion"}],"is_trial":false,"path_per_floor":["M","$","M","M","?","R","M","R","T","M","M","M","E","?","R","B",null,"M","M","$","M","?","R","M","R","T","?","R","M","E","?","R","B",null,"M","?","M","?","?","R","?","M","T","R","$","M","R","M","R","B",null,"R","$","E","B"],"character_chosen":"IRONCLAD","items_purchased":["Vajra","SteroidPotion","Pantograph","Swift Potion","Red Skull"],"campfire_rested":2,"item_purchase_floors":[20,45,53,53,53],"current_hp_per_floor":[65,65,67,75,57,57,53,53,53,61,54,60,60,60,60,30,80,77,57,57,50,50,50,51,51,51,51,51,42,26,10,55,11,84,78,68,69,69,69,69,69,54,54,54,54,60,60,63,112,112,115,115,115,95,0],"gold":69,"neow_bonus":"ONE_RANDOM_RARE_CARD","is_prod":false,"is_daily":false,"chose_seed":false,"campfire_upgraded":9,"win_rate":0,"timestamp":1557114181,"path_taken":["M","$","M","M","?","R","M","R","T","M","M","M","E","?","R","BOSS","M","?","$","M","?","R","M","R","T","?","R","?","E","?","R","BOSS","M","?","M","?","?","R","?","M","T","R","$","M","R","?","R","BOSS","R","$","E","BOSS"],"build_version":"2019-01-23","purchased_purges":3,"victory":false,"max_hp_per_floor":[78,78,81,84,84,84,87,87,87,90,93,96,96,96,96,96,96,96,96,96,99,99,99,99,99,99,99,99,102,102,102,102,102,107,107,110,113,113,113,113,113,113,113,113,113,113,113,116,116,116,116,116,116,116,116],"card_choices":[{"not_picked":["Ghostly Armor","Clash"],"picked":"Uppercut","floor":1.0},{"not_picked":["Infernal Blade","Searing Blow"],"picked":"Metallicize","floor":3.0},{"not_picked":["Sever Soul","Sword Boomerang"],"picked":"True Grit","floor":4.0},{"not_picked":["Evolve","Reckless Charge"],"picked":"Spot Weakness","floor":7.0},{"not_picked":["Disarm","True Grit"],"picked":"Battle Trance","floor":10.0},{"not_picked":["Spot Weakness","Warcry","Clash"],"picked":"SKIP","floor":11.0},{"not_picked":["Clothesline","Combust"],"picked":"Double Tap","floor":12.0},{"not_picked":["Combust","Reaper"],"picked":"Limit Break","floor":13.0},{"not_picked":["Feed","Fiend Fire"],"picked":"Offering","floor":16.0},{"not_picked":["Metallicize","Wild Strike"],"picked":"Heavy Blade","floor":18.0},{"not_picked":["Rampage","Burning Pact"],"picked":"Ghostly Armor","floor":19.0},{"not_picked":["Entrench","Twin Strike","Infernal Blade"],"picked":"SKIP","floor":21.0},{"not_picked":["Feel No Pain","Rage"],"picked":"Battle Trance","floor":24.0},{"not_picked":["Burning Pact","Body Slam","Clothesline+1"],"picked":"SKIP","floor":29.0},{"not_picked":["Wild Strike","Dropkick","Metallicize"],"picked":"SKIP","floor":30.0},{"not_picked":["Immolate","Bludgeon"],"picked":"Offering","floor":33.0},{"not_picked":["Wild Strike+1","Twin Strike+1"],"picked":"Whirlwind","floor":34.0},{"not_picked":["Iron Wave","Second Wind","Headbutt"],"picked":"SKIP","floor":35.0},{"not_picked":["Barricade","Anger+1","Twin Strike"],"picked":"SKIP","floor":37.0},{"not_picked":["Evolve","Clash"],"picked":"Pummel","floor":42.0},{"not_picked":["Hemokinesis","Wild Strike"],"picked":"True Grit+1","floor":46.0},{"not_picked":["Heavy Blade","Havoc","Ghostly Armor"],"picked":"SKIP","floor":48.0},{"not_picked":["Flex","Metallicize","Havoc+1"],"picked":"SKIP","floor":54}],"player_experience":532076,"relics_obtained":[{"floor":9.0,"key":"Mercury Hourglass"},{"floor":13.0,"key":"Blue Candle"},{"floor":26.0,"key":"Regal Pillow"},{"floor":30.0,"key":"Ancient Tea Set"},{"floor":31.0,"key":"Necronomicon"},{"floor":36.0,"key":"FossilizedHelix"},{"floor":54,"key":"Ornamental Fan"}],"event_choices":[{"damage_healed":0.0,"max_hp_gain":0.0,"max_hp_loss":0.0,"gold_gain":0.0,"event_name":"Scrap Ooze","player_choice":"Success","floor":5.0,"gold_loss":0.0,"damage_taken":18.0,"relics_obtained":["Boot"]},{"damage_healed":0.0,"max_hp_gain":0.0,"max_hp_loss":0.0,"gold_gain":0.0,"event_name":"Lab","player_choice":"Got Potions","floor":14.0,"gold_loss":0.0,"damage_taken":0.0},{"damage_healed":0.0,"max_hp_gain":0.0,"max_hp_loss":0.0,"gold_gain":0.0,"event_name":"Addict","player_choice":"Obtained Relic","floor":22.0,"gold_loss":85.0,"damage_taken":0.0,"relics_obtained":["Smiling Mask"]},{"damage_healed":0.0,"max_hp_gain":0.0,"max_hp_loss":0.0,"gold_gain":100.0,"event_name":"Golden Shrine","player_choice":"Pray","floor":27.0,"gold_loss":0.0,"damage_taken":0.0},{"damage_healed":0.0,"max_hp_gain":0.0,"max_hp_loss":0.0,"gold_gain":0.0,"event_name":"Cursed Tome","player_choice":"Obtained Book","floor":31.0,"gold_loss":0.0,"damage_taken":16.0},{"damage_healed":0.0,"max_hp_gain":0.0,"max_hp_loss":0.0,"gold_gain":0.0,"event_name":"MindBloom","player_choice":"Fight","floor":36.0,"gold_loss":0.0,"damage_taken":0.0},{"damage_healed":0.0,"max_hp_gain":0.0,"max_hp_loss":0.0,"gold_gain":0.0,"event_name":"Tomb of Lord Red Mask","player_choice":"Ignored","floor":38.0,"gold_loss":0.0,"damage_taken":0.0},{"damage_healed":0.0,"max_hp_gain":0.0,"max_hp_loss":0.0,"gold_gain":0.0,"event_name":"Mysterious Sphere","player_choice":"Ignored","floor":39.0,"gold_loss":0.0,"damage_taken":0.0},{"damage_healed":0.0,"max_hp_gain":0.0,"max_hp_loss":0.0,"gold_gain":0.0,"event_name":"Upgrade Shrine","player_choice":"Upgraded","floor":41.0,"gold_loss":0.0,"damage_taken":0.0,"cards_upgraded":["Metallicize"]}],"is_beta":false,"boss_relics":[{"not_picked":["Mark of Pain","Runic Dome"],"picked":"Cursed Key"},{"not_picked":["Velvet Choker","Busted Crown"],"picked":"Tiny House"}],"items_purged_floors":[20,45,53],"is_endless":false,"potions_floor_spawned":[1,3,7,10,16,19,29,30,33,46,48],"killed_by":"The Heart","ascension_level":14}