{"gold_per_floor":[215,290,306,320,320,355,367,367,367,377,327,327,355,367,367,464,464,479,22,0,14,113,130,130,130,130,150,150,168,0,0,0,0],"floor_reached":33,"playtime":2210,"items_purged":["Strike_R"],"score":358,"play_id":"e0399a79-6948-4ad8-8b0f-8e5270193393","local_time":"20190408211821","is_ascension_mode":true,"campfire_choices":[{"data":"Uppercut","floor":8,"key":"SMITH"},{"data":"Bash","floor":12,"key":"SMITH"},{"data":"Iron Wave","floor":15,"key":"SMITH"},{"data":"True Grit","floor":24,"key":"SMITH"},{"floor":32,"key":"REST"}],"neow_cost":"NONE","seed_source_timestamp":329734310221028,"circlet_count":0,"master_deck":["Defend_R","Defend_R","Defend_R","Defend_R","Bash+1","Cleave","Iron Wave+1","Rampage","Uppercut+1","Iron Wave","Disarm","Anger","Thunderclap","Juggernaut","Body Slam","Feed","True Grit+1","Twin Strike","Blood for Blood","Spot Weakness+1","Armaments","Chrysalis"],"relics":["Burning Blood","Shuriken","Torii","Odd Mushroom","Sozu","Calipers","Pear"],"potions_floor_usage":[16,16,29,33],"damage_taken":[{"damage":2,"enemies":"2 Louse","floor":1,"turns":4},{"damage":3,"enemies":"Jaw Worm","floor":3,"turns":4},{"damage":5,"enemies":"Cultist","floor":4,"turns":4},{"damage":30,"enemies":"Lagavulin","floor":6,"turns":5},{"damage":0,"enemies":"3 Louse","floor":7,"turns":3},{"damage":0,"enemies":"Large Slime","floor":10,"turns":4},{"damage":2,"enemies":"The Mushroom Lair","floor":13,"turns":4},{"damage":2,"enemies":"Looter","floor":14,"turns":3},{"damage":25,"enemies":"The Guardian","floor":16,"turns":9},{"damage":2,"enemies":"Shell Parasite","floor":18,"turns":4},{"damage":18,"enemies":"Spheric Guardian","floor":21,"turns":4},{"damage":3,"enemies":"Cultist and Chosen","floor":23,"turns":6},{"damage":8,"enemies":"Chosen and Byrds","floor":27,"turns":6},{"damage":40,"enemies":"Sentry and Sphere","floor":29,"turns":6},{"damage":81,"enemies":"Automaton","floor":33,"turns":6}],"seed_played":"-6105004272583237890","potions_obtained":[{"floor":1,"key":"SpeedPotion"},{"floor":10,"key":"Swift Potion"},{"floor":14,"key":"AttackPotion"},{"floor":16,"key":"Explosive Potion"}],"is_trial":false,"path_per_floor":["?","?","M","?","?","?","?","?","M","?","?"],"character_chosen":"IRONCLAD","items_purchased":["Calipers","Feed","Chrysalis"],"campfire_rested":1,"item_purchase_floors":[19,19,30],"current_hp_per_floor":[76,65,68,69,69,45,51,51,51,57,57,57,61,65,65,46,72,76,76,76,64,64,70,70,70,80,78,78,47,47,47,75,0],"gold":0,"neow_bonus":"HUNDRED_GOLD","is_prod":false,"is_daily":false,"chose_seed":false,"campfire_upgraded":4,"win_rate":0,"timestamp":1554779901,"path_taken":["M","?","M","M","?","E","?","R","T","M","?","R","?","M","R","BOSS","M","$","?","M","?","M","R","?","T","?","?","M","$","?","R","BOSS"],"build_version":"2019-01-23","purchased_purges":1,"victory":false,"max_hp_per_floor":[80,80,80,80,80,80,80,80,80,80,80,80,80,80,80,80,80,80,80,80,80,80,83,83,83,93,93,93,96,96,96,96,96],"card_choices":[{"not_picked":["Dual Wield","Flex"],"picked":"Cleave","floor":1},{"not_picked":["Infernal Blade","Bloodletting"],"picked":"Iron Wave","floor":3},{"not_picked":["Headbutt","Dropkick"],"picked":"Rampage","floor":4},{"not_picked":["Clothesline","Rage"],"picked":"Uppercut","floor":6},{"not_picked":["Wild Strike","Infernal Blade"],"picked":"Iron Wave","floor":7},{"not_picked":["Corruption","Havoc"],"picked":"Disarm","floor":10},{"not_picked":["Brutality","Rupture"],"picked":"Anger","floor":13},{"not_picked":["Flex","Twin Strike"],"picked":"Thunderclap","floor":14},{"not_picked":["Double Tap","Offering"],"picked":"Juggernaut","floor":16},{"not_picked":["Infernal Blade","Thunderclap+1"],"picked":"Body Slam","floor":18},{"not_picked":["Twin Strike","Heavy Blade","Flex+1"],"picked":"SKIP","floor":21},{"not_picked":["Blood for Blood+1","Pommel Strike"],"picked":"True Grit","floor":23},{"not_picked":["Flex","Intimidate"],"picked":"Spot Weakness+1","floor":27},{"not_picked":["Flex","Heavy Blade"],"picked":"Armaments","floor":29}],"player_experience":552288,"relics_obtained":[{"floor":6,"key":"Shuriken"},{"floor":9,"key":"Torii"},{"floor":13,"key":"Odd Mushroom"},{"floor":26,"key":"Pear"}],"event_choices":[{"damage_healed":0,"gold_gain":75,"player_choice":"Gather Gold","damage_taken":11,"max_hp_gain":0,"max_hp_loss":0,"event_name":"World of Goop","floor":2,"gold_loss":0},{"cards_removed":["Strike_R"],"damage_healed":0,"gold_gain":0,"player_choice":"Offered Basic","damage_taken":0,"max_hp_gain":0,"max_hp_loss":0,"event_name":"Bonfire Elementals","floor":5,"gold_loss":0},{"cards_removed":["Strike_R"],"damage_healed":0,"gold_gain":0,"player_choice":"Card Removal","damage_taken":0,"max_hp_gain":0,"max_hp_loss":0,"event_name":"The Cleric","floor":11,"gold_loss":50},{"damage_healed":0,"gold_gain":0,"player_choice":"Fought Mushrooms","damage_taken":0,"max_hp_gain":0,"max_hp_loss":0,"event_name":"Mushrooms","floor":13,"gold_loss":0},{"damage_healed":0,"gold_gain":0,"player_choice":"Paid Fearfully","damage_taken":0,"max_hp_gain":0,"max_hp_loss":0,"event_name":"Masked Bandits","floor":20,"gold_loss":22},{"damage_healed":0,"gold_gain":99,"player_choice":"Stole From Cult","damage_taken":0,"max_hp_gain":0,"max_hp_loss":0,"event_name":"Nest","floor":22,"gold_loss":0},{"damage_healed":0,"gold_gain":0,"cards_transformed":["Strike_R","Strike_R"],"player_choice":"Became Test Subject","damage_taken":0,"max_hp_gain":0,"max_hp_loss":0,"event_name":"Drug Dealer","floor":25,"gold_loss":0,"cards_obtained":["Twin Strike","Blood for Blood"]},{"damage_healed":0,"gold_gain":0,"player_choice":"Ignored","damage_taken":0,"max_hp_gain":0,"max_hp_loss":0,"event_name":"Ghosts","floor":28,"gold_loss":0},{"damage_healed":0,"gold_gain":0,"player_choice":"Ignored","damage_taken":0,"max_hp_gain":0,"max_hp_loss":0,"event_name":"Beggar","floor":31,"gold_loss":0}],"is_beta":false,"boss_relics":[{"not_picked":["Snecko Eye","Black Blood"],"picked":"Sozu"}],"items_purged_floors":[19],"is_endless":false,"potions_floor_spawned":[1,10,14,16,18,23],"killed_by":"Automaton","ascension_level":7}