{"gold_per_floor":[117,130,130,150,165,192,192,210,286,305,305,316,332,12,12,116,116,127,142,142,158,158,184,184,203,203,203,221,255,90,108,108,108],"floor_reached":33,"playtime":1460,"items_purged":["Strike_R"],"score":366,"play_id":"a582c228-ff98-4d26-845c-66ea9d82f68d","local_time":"20190326143653","is_ascension_mode":true,"campfire_choices":[{"data":"Shockwave","floor":7,"key":"SMITH"},{"data":"Inflame","floor":11,"key":"SMITH"},{"floor":15,"key":"REST"},{"data":"J.A.X.","floor":27,"key":"SMITH"},{"floor":32,"key":"REST"}],"neow_cost":"NONE","seed_source_timestamp":251369320070893,"circlet_count":0,"master_deck":["Strike_R","Strike_R","Strike_R","Defend_R","Defend_R","Defend_R","Defend_R","Bash","Seeing Red","Inflame+1","Decay","Whirlwind","Shockwave+1","Immolate","Rampage","Thunderclap","Power Through","Battle Trance","Shrug It Off","Fiend Fire","Armaments","Clothesline+1","Whirlwind","Shrug It Off+1","J.A.X.+1","Infernal Blade","Offering","Sword Boomerang+1","Madness","Flame Barrier","Twin Strike+1"],"relics":["Burning Blood","Anchor","Matryoshka","Chemical X","Velvet Choker","Dead Branch","Boot","Darkstone Periapt","Omamori"],"potions_floor_usage":[6,16,18,29,31,33],"damage_taken":[{"damage":1,"enemies":"Cultist","floor":1,"turns":3},{"damage":8,"enemies":"Jaw Worm","floor":2,"turns":4},{"damage":5,"enemies":"2 Louse","floor":4,"turns":3},{"damage":17,"enemies":"Lots of Slimes","floor":5,"turns":3},{"damage":43,"enemies":"3 Sentries","floor":6,"turns":6},{"damage":1,"enemies":"Exordium Thugs","floor":8,"turns":2},{"damage":7,"enemies":"Large Slime","floor":10,"turns":4},{"damage":5,"enemies":"Looter","floor":12,"turns":3},{"damage":3,"enemies":"Exordium Thugs","floor":13,"turns":3},{"damage":41,"enemies":"The Guardian","floor":16,"turns":11},{"damage":1,"enemies":"Spheric Guardian","floor":18,"turns":3},{"damage":9,"enemies":"Shell Parasite","floor":19,"turns":4},{"damage":0,"enemies":"Centurion and Healer","floor":21,"turns":4},{"damage":38,"enemies":"Gremlin Leader","floor":23,"turns":5},{"damage":6,"enemies":"Cultist and Chosen","floor":25,"turns":3},{"damage":0,"enemies":"Chosen and Byrds","floor":28,"turns":5},{"damage":27,"enemies":"Book of Stabbing","floor":29,"turns":4},{"damage":0,"enemies":"3 Cultists","floor":31,"turns":2},{"damage":85,"enemies":"Champ","floor":33,"turns":7}],"seed_played":"1002551422956353391","potions_obtained":[{"floor":1,"key":"SteroidPotion"},{"floor":4,"key":"GamblersBrew"},{"floor":5,"key":"SkillPotion"},{"floor":8,"key":"SteroidPotion"},{"floor":19,"key":"SkillPotion"},{"floor":25,"key":"Energy Potion"}],"is_trial":false,"path_per_floor":["M","M","?","M","M","E","R","M","T","M","R","M","M","$","R","B",null,"M","M","?","M","?","E","?","M","T","R","M","E","$","M","R","B"],"character_chosen":"IRONCLAD","items_purchased":["Chemical X","Shrug It Off","Madness","Flame Barrier"],"campfire_rested":2,"item_purchase_floors":[14,14,30,30],"current_hp_per_floor":[88,86,86,87,76,39,39,44,44,43,43,44,47,47,73,38,76,81,78,78,84,84,52,52,52,52,52,58,37,37,43,69,0],"gold":108,"neow_bonus":"TEN_PERCENT_HP_BONUS","is_prod":false,"is_daily":false,"chose_seed":false,"campfire_upgraded":3,"win_rate":0,"timestamp":1553632613,"path_taken":["M","M","?","?","M","E","R","M","T","M","R","M","M","$","R","BOSS","M","M","?","M","?","E","?","?","T","R","M","E","$","M","R","BOSS"],"build_version":"2019-01-23","purchased_purges":1,"victory":false,"max_hp_per_floor":[88,88,88,88,88,88,88,88,88,88,88,88,88,88,88,88,88,88,88,88,88,88,88,88,88,88,88,88,88,88,88,88,88],"card_choices":[{"not_picked":["Havoc","Body Slam"],"picked":"Seeing Red","floor":1},{"not_picked":["Warcry","Fire Breathing"],"picked":"Inflame","floor":2},{"not_picked":["Heavy Blade","Rupture"],"picked":"Whirlwind","floor":4},{"not_picked":["Flex","Power Through"],"picked":"Shockwave","floor":5},{"not_picked":["Pummel","Pommel Strike"],"picked":"Immolate","floor":6},{"not_picked":["Whirlwind","Burning Pact"],"picked":"Rampage","floor":8},{"not_picked":["Searing Blow","Flex"],"picked":"Thunderclap","floor":10},{"not_picked":["Blood for Blood","Hemokinesis"],"picked":"Power Through","floor":12},{"not_picked":["Second Wind","Sentinel"],"picked":"Battle Trance","floor":13},{"not_picked":["Immolate","Feed"],"picked":"Fiend Fire","floor":16},{"not_picked":["Twin Strike","Wild Strike+1"],"picked":"Armaments","floor":18},{"not_picked":["Ghostly Armor+1","True Grit+1"],"picked":"Clothesline+1","floor":19},{"not_picked":["Pommel Strike+1","Clothesline"],"picked":"Shrug It Off+1","floor":21},{"not_picked":["Flex","Pommel Strike"],"picked":"Infernal Blade","floor":23},{"not_picked":["Dropkick","Reckless Charge+1","Wild Strike+1"],"picked":"SKIP","floor":25},{"not_picked":["Flex","Perfected Strike"],"picked":"Offering","floor":28},{"not_picked":["Anger","Rupture+1"],"picked":"Sword Boomerang+1","floor":29},{"not_picked":["Flex","Iron Wave"],"picked":"Twin Strike+1","floor":31}],"player_experience":333833,"relics_obtained":[{"floor":6,"key":"Anchor"},{"floor":9,"key":"Matryoshka"},{"floor":23,"key":"Dead Branch"},{"floor":26,"key":"Boot"},{"floor":26,"key":"Darkstone Periapt"},{"floor":29,"key":"Omamori"}],"event_choices":[{"damage_healed":0,"gold_gain":0,"player_choice":"Cursed","damage_taken":0,"max_hp_gain":0,"max_hp_loss":0,"event_name":"Wheel of Change","floor":3,"gold_loss":0,"cards_obtained":["Decay"]},{"damage_healed":0,"gold_gain":0,"player_choice":"Read","damage_taken":0,"max_hp_gain":0,"max_hp_loss":0,"event_name":"The Library","floor":20,"gold_loss":0,"cards_obtained":["Whirlwind"]},{"damage_healed":0,"gold_gain":0,"player_choice":"Obtain J.A.X.","damage_taken":0,"max_hp_gain":0,"max_hp_loss":0,"event_name":"Drug Dealer","floor":22,"gold_loss":0,"cards_obtained":["J.A.X."]},{"cards_removed":["Strike_R"],"damage_healed":0,"gold_gain":0,"player_choice":"Offered Basic","damage_taken":0,"max_hp_gain":0,"max_hp_loss":0,"event_name":"Bonfire Elementals","floor":24,"gold_loss":0}],"is_beta":false,"boss_relics":[{"not_picked":["Lizard Tail","Orrery"],"picked":"Velvet Choker"}],"items_purged_floors":[14],"is_endless":false,"potions_floor_spawned":[1,4,5,8,19,25],"killed_by":"Champ","ascension_level":5}