{"gold_per_floor":[113,133,208,85,104,132,132,154,177,204,216,260,291,335,347,454,466,488,500,132,145,145,177,177,177,200,200,216,18,48,147,147,247,247,262,276,276,276,292,292],"floor_reached":40,"playtime":2368,"items_purged":["Strike_B","Strike_B"],"score":542,"play_id":"dc785637-4687-4777-bf26-b2438c0942aa","local_time":"20180809215121","is_ascension_mode":false,"campfire_choices":[{"data":"Defragment","floor":7,"key":"SMITH"},{"data":"Zap","floor":15,"key":"SMITH"},{"data":"Creative AI","floor":25,"key":"SMITH"},{"data":"Defragment","floor":27,"key":"SMITH"},{"floor":32,"key":"REST"}],"neow_cost":"","seed_source_timestamp":121368228091903,"circlet_count":0,"master_deck":["Strike_B","Strike_B","Defend_B","Defend_B","Defend_B","Defend_B","Zap+1","Dualcast","Hologram","Defragment+1","Glacier","Glacier","Reinforced Body","Go for the Eyes","Go for the Eyes","Creative AI+1","BootSequence","Panache","Capacitor","Compile Driver","Defragment+1","Compile Driver+1","Cold Snap+1","Fission","Leap","Compile Driver+1","Consume+1"],"relics":["Cracked Core","Bag of Preparation","Odd Mushroom","MawBank","Question Card","Bag of Marbles","Happy Flower","Inserter","Lantern","Blood Vial","ClockworkSouvenir","Dodecahedron","Nuclear Battery"],"potions_floor_usage":[6,16,30,33],"damage_taken":[{"damage":0,"enemies":"Small Slimes","floor":1,"turns":4},{"damage":0,"enemies":"Cultist","floor":2,"turns":4},{"damage":7,"enemies":"2 Louse","floor":5,"turns":2},{"damage":6,"enemies":"3 Sentries","floor":6,"turns":12},{"damage":5,"floor":8,"turns":6},{"damage":0,"enemies":"2 Fungi Beasts","floor":10,"turns":4},{"damage":7,"enemies":"Gremlin Nob","floor":12,"turns":8},{"damage":3,"enemies":"Looter","floor":13,"turns":4},{"damage":0,"enemies":"3 Sentries","floor":14,"turns":14},{"damage":11,"enemies":"Hexaghost","floor":16,"turns":17},{"damage":0,"enemies":"Spheric Guardian","floor":18,"turns":7},{"damage":0,"enemies":"Shell Parasite","floor":21,"turns":9},{"damage":0,"enemies":"Book of Stabbing","floor":23,"turns":9},{"damage":13,"enemies":"Cultist and Chosen","floor":28,"turns":8},{"damage":5,"enemies":"Slavers","floor":30,"turns":7},{"damage":0,"enemies":"Collector","floor":33,"turns":9},{"damage":6,"enemies":"Flame Bruiser 1 Orb","floor":35,"turns":10},{"damage":4,"enemies":"Orb Walker","floor":36,"turns":4},{"damage":0,"enemies":"3 Darklings","floor":39,"turns":4},{"damage":75,"enemies":"2 Orb Walkers","floor":40,"turns":8}],"seed_played":"221251551541378680","potions_obtained":[{"floor":2,"key":"EssenceOfSteel"},{"floor":8,"key":"Dexterity Potion"},{"floor":10,"key":"FocusPotion"},{"floor":18,"key":"EssenceOfSteel"},{"floor":30,"key":"SteroidPotion"}],"is_trial":false,"path_per_floor":["M","M","?","$","M","E","R","?","T","M","?","E","M","E","R","B",null,"M","?","$","M","$","E","?","R","T","R","M","$","E","?","R","B",null,"M","M","?","?","M"],"character_chosen":"DEFECT","items_purchased":["Strength Potion","Panache","Capacitor","ClockworkSouvenir"],"campfire_rested":1,"item_purchase_floors":[4,20,20,29],"current_hp_per_floor":[75,75,64,64,57,51,51,46,46,46,46,39,36,36,36,25,75,75,75,75,75,75,75,75,75,75,75,62,62,59,59,75,75,75,69,67,67,67,69,0],"gold":292,"neow_bonus":"","is_prod":false,"is_daily":false,"chose_seed":false,"campfire_upgraded":4,"win_rate":0.0,"timestamp":1533876681,"path_taken":["M","M","?","$","M","E","R","?","T","M","?","E","?","E","R","BOSS","M","?","$","M","$","E","?","R","T","R","?","$","E","?","R","BOSS","M","M","?","?","?","E"],"build_version":"2018-08-09","purchased_purges":2,"victory":false,"max_hp_per_floor":[75,75,75,75,75,75,75,75,75,75,75,75,75,75,75,75,75,75,75,75,75,75,75,75,75,75,75,75,75,75,75,75,75,75,75,75,75,75,75,75],"card_choices":[{"not_picked":["Gash","Rip and Tear"],"picked":"Cold Snap","floor":1},{"not_picked":["Gash","Beam Cell"],"picked":"Hologram","floor":2},{"not_picked":["Go for the Eyes","Hologram"],"picked":"Defragment","floor":5},{"not_picked":["Loop","Redo"],"picked":"Glacier","floor":6},{"not_picked":["Storm","Steam"],"picked":"Glacier","floor":10},{"not_picked":["Go for the Eyes","Static Discharge","White Noise"],"picked":"Reinforced Body","floor":12},{"not_picked":["Skim","Steam Power","Reprogram"],"picked":"Go for the Eyes","floor":13},{"not_picked":["FTL","Force Field","Redo"],"picked":"Go for the Eyes","floor":14},{"not_picked":["All For One","Multi-Cast","Buffer"],"picked":"Creative AI","floor":16},{"not_picked":["Gash","Reprogram+1","Go for the Eyes"],"picked":"BootSequence","floor":18},{"not_picked":["Coolheaded","Redo","Streamline+1"],"picked":"Compile Driver","floor":21},{"not_picked":["Hologram","Chaos","Lockon"],"picked":"Defragment","floor":23},{"not_picked":["Reprogram","Stack","Hologram"],"picked":"Compile Driver+1","floor":28},{"not_picked":["Capacitor+1","Go for the Eyes","Gash"],"picked":"Cold Snap+1","floor":30},{"not_picked":["Machine Learning","Creative AI","Multi-Cast"],"picked":"Fission","floor":33},{"not_picked":["Aggregate+1","Gash","FTL+1"],"picked":"Leap","floor":35},{"not_picked":["Double Energy","Stack","Barrage"],"picked":"Compile Driver+1","floor":36},{"not_picked":["Loop+1","Go for the Eyes+1","Cold Snap"],"picked":"Consume+1","floor":39}],"player_experience":6418,"relics_obtained":[{"floor":6,"key":"Bag of Preparation"},{"floor":8,"key":"Odd Mushroom"},{"floor":9,"key":"MawBank"},{"floor":12,"key":"Bag of Marbles"},{"floor":14,"key":"Happy Flower"},{"floor":23,"key":"Lantern"},{"floor":26,"key":"Blood Vial"},{"floor":30,"key":"Dodecahedron"}],"event_choices":[{"event_name":"World of Goop","player_choice":"Gather Gold","floor":3,"damage_taken":0},{"event_name":"Mushrooms","player_choice":"Fought Mushrooms","floor":8,"damage_taken":0},{"event_name":"Dead Adventurer","player_choice":"Searched \u00272\u0027 times","floor":11,"damage_taken":0},{"event_name":"Drug Dealer","player_choice":"Ignored","floor":19,"damage_taken":0},{"event_name":"Ghosts","player_choice":"Ignored","floor":24,"damage_taken":0},{"event_name":"Nest","player_choice":"Stole From Cult","floor":31,"damage_taken":0},{"event_name":"Falling","player_choice":"Removed Attack","floor":37,"damage_taken":0},{"event_name":"Tomb of Lord Red Mask","player_choice":"Ignored","floor":38,"damage_taken":0}],"is_beta":false,"boss_relics":[{"not_picked":["Coffee Dripper","Philosopher\u0027s Stone"],"picked":"Inserter"},{"not_picked":["Astrolabe","Empty Cage"],"picked":"Nuclear Battery"}],"items_purged_floors":[4,20],"is_endless":false,"potions_floor_spawned":[2,8,10,12,13,18,23,30],"killed_by":"2 Orb Walkers","ascension_level":0}