{"gold_per_floor":[110,121,133,133,145,170,170,205,205,205,223,279,354,434,434,535,535,555,555,75,87,98,98,132,132,201,211,245,262,280,310,310,410,410,425,425,286,286,301,301],"floor_reached":40,"playtime":1856,"items_purged":["Strike_R","Strike_R"],"score":614,"play_id":"e9b12058-1084-4e47-88c1-9e7ff86b8539","local_time":"20180816132831","is_ascension_mode":true,"campfire_choices":[{"data":"Bash","floor":7,"key":"SMITH"},{"data":"Whirlwind","floor":10,"key":"SMITH"},{"floor":15,"key":"REST"},{"data":"Bludgeon","floor":23,"key":"SMITH"},{"data":"Metallicize","floor":25,"key":"SMITH"},{"data":"Armaments","floor":32,"key":"SMITH"}],"neow_cost":"NONE","seed_source_timestamp":95326442386263,"circlet_count":0,"master_deck":["Strike_R","Strike_R","Defend_R","Defend_R","Defend_R","Defend_R","Bash+1","Disarm","Pommel Strike","Iron Wave","Armaments+1","Cleave","Whirlwind+1","Shockwave","Clash","Bludgeon+1","Metallicize+1","Clothesline","Inflame+1","Impervious","Disarm","Blood for Blood+1","Disarm+1","Juggernaut","Decay","Pain","Normality","Shrug It Off+1","Evolve","Panacea","Apotheosis","Apotheosis"],"relics":["Burning Blood","Art of War","Ancient Tea Set","Question Card","Ornamental Fan","Tiny Chest","Mummified Hand","Snecko Eye","Bird Faced Urn","Du-Vu Doll","Pantograph","Orichalcum","Turnip","Calling Bell","Dream Catcher","Kunai","Ice Cream"],"potions_floor_usage":[6,6,24,33],"damage_taken":[{"damage":18,"enemies":"Jaw Worm","floor":1,"turns":4},{"damage":5,"enemies":"2 Louse","floor":2,"turns":3},{"damage":3,"enemies":"Cultist","floor":3,"turns":4},{"damage":8,"enemies":"2 Fungi Beasts","floor":5,"turns":4},{"damage":13,"enemies":"Lagavulin","floor":6,"turns":7},{"damage":26,"enemies":"Gremlin Nob","floor":8,"turns":4},{"damage":23,"enemies":"Exordium Thugs","floor":11,"turns":5},{"damage":15,"enemies":"3 Sentries","floor":12,"turns":3},{"damage":15,"enemies":"The Guardian","floor":16,"turns":15},{"damage":0,"enemies":"3 Byrds","floor":18,"turns":2},{"damage":11,"enemies":"Spheric Guardian","floor":21,"turns":4},{"damage":1,"enemies":"Snecko","floor":22,"turns":4},{"damage":0,"enemies":"Gremlin Leader","floor":24,"turns":6},{"damage":0,"enemies":"Centurion and Healer","floor":27,"turns":4},{"damage":5,"enemies":"Book of Stabbing","floor":28,"turns":5},{"damage":0,"enemies":"Sentry and Sphere","floor":29,"turns":3},{"damage":13,"enemies":"Chosen and Byrds","floor":30,"turns":6},{"damage":16,"enemies":"Slavers","floor":31,"turns":4},{"damage":51,"enemies":"Collector","floor":33,"turns":9},{"damage":14,"enemies":"Orb Walker","floor":35,"turns":5},{"damage":31,"enemies":"3 Darklings","floor":39,"turns":4},{"damage":47,"enemies":"Giant Head","floor":40,"turns":7}],"seed_played":"-1017275335404069405","potions_obtained":[{"floor":3,"key":"Poison Potion"},{"floor":5,"key":"SkillPotion"},{"floor":8,"key":"BloodPotion"},{"floor":16,"key":"FearPotion"},{"floor":22,"key":"AttackPotion"},{"floor":27,"key":"Poison Potion"},{"floor":28,"key":"PowerPotion"},{"floor":29,"key":"Regen Potion"},{"floor":35,"key":"Dexterity Potion"}],"is_trial":false,"path_per_floor":["M","M","M","?","M","E","R","E","T","R","M","E","?","T","R","B",null,"M","?","$","M","M","R","E","R","T","M","E","M","M","E","R","B",null,"M","?","$","?","M"],"character_chosen":"IRONCLAD","items_purchased":["Bird Faced Urn","Metallicize","Clothesline","Evolve"],"campfire_rested":1,"item_purchase_floors":[20,20,20,37],"current_hp_per_floor":[68,69,72,72,70,63,63,43,43,43,26,17,6,6,30,21,65,71,56,56,53,60,60,68,68,68,76,81,85,80,70,70,42,74,72,72,72,62,39,0],"gold":301,"neow_bonus":"RANDOM_COMMON_RELIC","is_prod":false,"is_daily":false,"chose_seed":false,"campfire_upgraded":5,"win_rate":0,"timestamp":1534451311,"path_taken":["M","M","M","?","M","E","R","E","T","R","M","E","?","?","R","BOSS","M","?","$","M","M","R","E","R","T","M","E","M","M","E","R","BOSS","M","?","$","?","?","E"],"build_version":"2018-08-09","purchased_purges":2,"victory":false,"max_hp_per_floor":[80,80,80,80,80,80,80,80,80,80,80,80,80,80,80,80,80,80,85,85,85,85,85,85,85,85,85,85,85,85,85,85,85,85,85,85,85,85,85,85],"card_choices":[{"not_picked":["True Grit","Carnage"],"picked":"Disarm","floor":1},{"not_picked":["Bloodletting","Body Slam"],"picked":"Pommel Strike","floor":2},{"not_picked":["Second Wind","Feel No Pain"],"picked":"Iron Wave","floor":3},{"not_picked":["Sword Boomerang","Perfected Strike"],"picked":"Armaments","floor":5},{"not_picked":["Perfected Strike","Clash"],"picked":"Cleave","floor":6},{"not_picked":["Battle Trance","Warcry"],"picked":"Whirlwind","floor":8},{"not_picked":["Bloodletting","Carnage","Perfected Strike"],"picked":"Shockwave","floor":11},{"not_picked":["Flex","Burning Pact","Intimidate"],"picked":"Clash","floor":12},{"not_picked":["Double Tap","Barricade","Offering"],"picked":"Bludgeon","floor":16},{"not_picked":["Wild Strike+1","Flex","Havoc+1","Infernal Blade"],"picked":"SKIP","floor":18},{"not_picked":["Warcry","Anger","Body Slam","Clash"],"picked":"SKIP","floor":21},{"not_picked":["Headbutt","Searing Blow","Heavy Blade+1","Wild Strike+1"],"picked":"SKIP","floor":22},{"not_picked":["Armaments","Anger+1","Iron Wave"],"picked":"Inflame+1","floor":24},{"not_picked":["Anger","Intimidate","Corruption"],"picked":"Impervious","floor":27},{"not_picked":["Flex","Burning Pact","Immolate"],"picked":"Disarm","floor":28},{"not_picked":["Clash","Pommel Strike","Headbutt"],"picked":"Blood for Blood+1","floor":29},{"not_picked":["Body Slam","Perfected Strike","Iron Wave","Shrug It Off"],"picked":"SKIP","floor":30},{"not_picked":["Evolve","Cleave","Shockwave"],"picked":"Disarm+1","floor":31},{"not_picked":["Double Tap","Brutality","Limit Break"],"picked":"Juggernaut","floor":33},{"not_picked":["Clothesline","Burning Pact","Battle Trance+1"],"picked":"Shrug It Off+1","floor":35},{"not_picked":["Bandage Up","Sadistic Nature","Finesse"],"picked":"Panacea","floor":38},{"not_picked":["Trip","Thinking Ahead","Dark Shackles"],"picked":"Apotheosis","floor":38},{"not_picked":["Deep Breath","Swift Strike","Purity"],"picked":"Apotheosis","floor":38},{"not_picked":["Twin Strike+1","Shrug It Off","Heavy Blade","Headbutt"],"picked":"SKIP","floor":39}],"player_experience":84049,"relics_obtained":[{"floor":6,"key":"Ancient Tea Set"},{"floor":8,"key":"Question Card"},{"floor":9,"key":"Ornamental Fan"},{"floor":12,"key":"Tiny Chest"},{"floor":14,"key":"Mummified Hand"},{"floor":24,"key":"Du-Vu Doll"},{"floor":26,"key":"Pantograph"},{"floor":28,"key":"Orichalcum"},{"floor":31,"key":"Turnip"},{"floor":34,"key":"Dream Catcher"},{"floor":34,"key":"Kunai"},{"floor":34,"key":"Ice Cream"}],"event_choices":[{"event_name":"Liars Game","player_choice":"disagreed","floor":4,"damage_taken":0},{"event_name":"World of Goop","player_choice":"Gather Gold","floor":13,"damage_taken":0},{"event_name":"Forgotten Altar","player_choice":"Shed Blood","floor":19,"damage_taken":0},{"event_name":"Falling","player_choice":"Removed Attack","floor":36,"damage_taken":0},{"event_name":"SensoryStone","player_choice":"Memory 3","floor":38,"damage_taken":0}],"is_beta":false,"boss_relics":[{"not_picked":["Ectoplasm","Black Star"],"picked":"Snecko Eye"},{"not_picked":["Runic Pyramid","Pandora\u0027s Box"],"picked":"Calling Bell"}],"items_purged_floors":[20,37],"is_endless":false,"potions_floor_spawned":[3,5,8,16,22,27,28,29,35],"killed_by":"Giant Head","ascension_level":5}