{"gold_per_floor":[110,122,122,122,136,136,170,210,237,256,275,275,118,148,148,148],"floor_reached":16,"playtime":8215,"items_purged":[],"score":162,"play_id":"4df41e8c-a619-4b8e-9202-6e38606ae6aa","local_time":"20190407142817","daily_mods":["Allstar","Colorless Cards","Heirloom","Elite Swarm"],"is_ascension_mode":true,"campfire_choices":[{"data":"Magnetism","floor":6,"key":"SMITH"},{"data":"Seek","floor":12,"key":"SMITH"},{"floor":15,"key":"REST"}],"neow_cost":"","seed_source_timestamp":1304385364478500,"circlet_count":0,"master_deck":["Strike_B","Strike_B","Strike_B","Strike_B","Defend_B","Defend_B","Defend_B","Defend_B","Zap+1","Dualcast","Panacea","Master of Strategy","Chrysalis","Sadistic Nature","Magnetism+1","Coolheaded","Chill+1","Aggregate","Seek+1","Scrape","Consume","Conserve Battery","Leap","Glacier"],"relics":["Cracked Core","Pocketwatch","Centennial Puzzle","Smiling Mask","Art of War","Dream Catcher"],"potions_floor_usage":[7,16,16,16,16,16],"damage_taken":[{"damage":11,"enemies":"Jaw Worm","floor":1,"turns":5},{"damage":8,"enemies":"2 Louse","floor":2,"turns":3},{"damage":0,"enemies":"Cultist","floor":5,"turns":3},{"damage":13,"enemies":"Gremlin Nob","floor":7,"turns":3},{"damage":10,"enemies":"Red Slaver","floor":8,"turns":4},{"damage":1,"enemies":"Looter","floor":10,"turns":4},{"damage":7,"enemies":"Exordium Wildlife","floor":11,"turns":4},{"damage":0,"enemies":"3 Louse","floor":14,"turns":5},{"damage":30,"enemies":"Slime Boss","floor":16,"turns":10}],"seed_played":"-7639696700589945379","potions_obtained":[{"floor":5,"key":"Fire Potion"},{"floor":7,"key":"SpeedPotion"},{"floor":11,"key":"Regen Potion"},{"floor":14,"key":"EntropicBrew"}],"is_trial":true,"path_per_floor":["M","M","?","?","M","R","E","M","T","M","M","R","$","M","R","B"],"character_chosen":"DEFECT","items_purchased":["Dream Catcher"],"campfire_rested":1,"item_purchase_floors":[13],"current_hp_per_floor":[64,56,49,34,34,34,21,11,11,10,3,3,3,3,25,10],"gold":148,"neow_bonus":"","is_prod":false,"is_daily":false,"chose_seed":false,"campfire_upgraded":2,"win_rate":0,"timestamp":1554640097,"path_taken":["M","M","?","?","M","R","E","M","T","M","M","R","?","?","R","BOSS"],"build_version":"2019-01-23","purchased_purges":0,"victory":false,"max_hp_per_floor":[75,75,75,75,75,75,75,75,75,75,75,75,75,75,75,75],"card_choices":[{"not_picked":["Blizzard","Compile Driver"],"picked":"Coolheaded","floor":1},{"not_picked":["Turbo","Coolheaded"],"picked":"Chill","floor":2},{"not_picked":["Blizzard","Consume"],"picked":"Aggregate","floor":5},{"not_picked":["Mayhem","Thunder Strike"],"picked":"Seek","floor":7},{"not_picked":["Rebound","PanicButton"],"picked":"Scrape","floor":8},{"not_picked":["Sunder","Rebound"],"picked":"Consume","floor":10},{"not_picked":["Hologram","Ball Lightning"],"picked":"Conserve Battery","floor":11},{"not_picked":["Sweeping Beam","Lockon"],"picked":"Leap","floor":14},{"not_picked":["Chill","Undo"],"picked":"Glacier","floor":15}],"player_experience":162854,"relics_obtained":[{"floor":7,"key":"Smiling Mask"},{"floor":9,"key":"Art of War"}],"event_choices":[{"damage_healed":0,"gold_gain":0,"player_choice":"Success","damage_taken":7,"relics_obtained":["Centennial Puzzle"],"max_hp_gain":0,"max_hp_loss":0,"event_name":"Scrap Ooze","floor":3,"gold_loss":0},{"damage_healed":0,"gold_gain":0,"player_choice":"Entered Light","damage_taken":15,"max_hp_gain":0,"max_hp_loss":0,"event_name":"Shining Light","floor":4,"gold_loss":0,"cards_upgraded":["Zap","Chill"]}],"is_beta":false,"boss_relics":[],"items_purged_floors":[],"is_endless":true,"potions_floor_spawned":[5,7,11,14],"killed_by":"Slime Boss","ascension_level":1}