{"gold_per_floor":[366,51,51,69,85,85,235,268,268,268],"floor_reached":10,"playtime":341,"items_purged":[],"score":119,"play_id":"dd7c13df-6c89-4821-88d5-fe8c117d66e8","local_time":"20190418165801","is_ascension_mode":true,"campfire_choices":[{"floor":6,"key":"REST"}],"neow_cost":"PERCENT_DAMAGE","seed_source_timestamp":26410422820251,"circlet_count":0,"master_deck":["AscendersBane","Strike_R","Strike_R","Strike_R","Strike_R","Strike_R","Defend_R","Defend_R","Defend_R","Defend_R","Bash","Feel No Pain","Inflame","Uppercut","Injury","Burning Pact","Corruption","Doubt","Infernal Blade"],"relics":["Burning Blood","Vajra","Golden Idol","Molten Egg 2","Darkstone Periapt"],"potions_floor_usage":[8,10],"damage_taken":[{"damage":1,"enemies":"Cultist","floor":1,"turns":4},{"damage":11,"enemies":"Jaw Worm","floor":4,"turns":4},{"damage":16,"enemies":"2 Louse","floor":5,"turns":2},{"damage":30,"enemies":"3 Sentries","floor":8,"turns":13},{"damage":57,"enemies":"Lagavulin","floor":10,"turns":6}],"seed_played":"-7642452945979198488","potions_obtained":[{"floor":1,"key":"Dexterity Potion"},{"floor":4,"key":"GamblersBrew"},{"floor":8,"key":"Ancient Potion"}],"is_trial":false,"path_per_floor":["M","$","?","M","M","R","?","E","T","E"],"character_chosen":"IRONCLAD","items_purchased":["Vajra","Inflame","Uppercut"],"campfire_rested":1,"item_purchase_floors":[2,2,2],"current_hp_per_floor":[55,55,55,50,40,62,62,38,38,0],"gold":268,"neow_bonus":"TWO_FIFTY_GOLD","is_prod":false,"is_daily":false,"chose_seed":false,"campfire_upgraded":0,"win_rate":0,"timestamp":1555631881,"path_taken":["M","?","?","M","M","R","?","E","T","E"],"build_version":"2019-01-23","purchased_purges":0,"victory":false,"max_hp_per_floor":[75,75,75,75,75,75,75,75,75,75],"card_choices":[{"not_picked":["Seeing Red","Sword Boomerang"],"picked":"Feel No Pain","floor":1},{"not_picked":["Anger","Fire Breathing"],"picked":"Burning Pact","floor":4},{"not_picked":["Entrench","Iron Wave"],"picked":"Corruption","floor":5},{"not_picked":["Dual Wield","Reckless Charge"],"picked":"Infernal Blade","floor":8}],"player_experience":461641,"relics_obtained":[{"floor":8,"key":"Molten Egg 2"},{"floor":9,"key":"Darkstone Periapt"}],"event_choices":[{"damage_healed":0,"gold_gain":0,"player_choice":"Take Wound","damage_taken":0,"relics_obtained":["Golden Idol"],"max_hp_gain":0,"max_hp_loss":0,"event_name":"Golden Idol","floor":3,"gold_loss":0,"cards_obtained":["Injury"]},{"damage_healed":0,"gold_gain":150,"player_choice":"AGREE","damage_taken":0,"max_hp_gain":0,"max_hp_loss":0,"event_name":"Liars Game","floor":7,"gold_loss":0,"cards_obtained":["Doubt"]}],"is_beta":false,"boss_relics":[],"items_purged_floors":[],"is_endless":false,"potions_floor_spawned":[1,4,8],"killed_by":"Lagavulin","ascension_level":16}