{"gold_per_floor":[11,11,11,11,11,11,36,36,83,95,95,121,137,237,237,309,309,320,20,20,30,45,45],"floor_reached":23,"playtime":1217,"items_purged":[],"score":325,"play_id":"8826a563-1a12-4485-884f-881bdb1f0fba","local_time":"20190503141822","is_ascension_mode":true,"campfire_choices":[{"data":"Uppercut","floor":6,"key":"SMITH"},{"data":"Iron Wave","floor":8,"key":"SMITH"},{"data":"True Grit","floor":11,"key":"SMITH"},{"data":"Dual Wield","floor":15,"key":"SMITH"}],"neow_cost":"NO_GOLD","seed_source_timestamp":310275899927700,"circlet_count":0,"master_deck":["AscendersBane","Strike_R+1","Strike_R+1","Strike_R","Strike_R","Defend_R","Defend_R","Defend_R","Defend_R","Bash","Blind","Deep Breath","Uppercut+1","Iron Wave+1","True Grit+1","Spot Weakness","Dual Wield+1","Double Tap","Shrug It Off","Uppercut","Shrug It Off"],"relics":["Burning Blood","Calipers","Happy Flower","Mango","Runic Pyramid","Shovel"],"potions_floor_usage":[12,12,23],"damage_taken":[{"damage":0,"enemies":"Small Slimes","floor":1,"turns":3},{"damage":51,"enemies":"3 Sentries","floor":7,"turns":11},{"damage":0,"enemies":"Jaw Worm","floor":10,"turns":3},{"damage":12,"enemies":"Lagavulin","floor":12,"turns":8},{"damage":0,"enemies":"Cultist","floor":13,"turns":3},{"damage":29,"enemies":"Slime Boss","floor":16,"turns":9},{"damage":6,"enemies":"3 Byrds","floor":18,"turns":6},{"damage":15,"enemies":"Chosen","floor":21,"turns":4},{"damage":23,"enemies":"Centurion and Healer","floor":22,"turns":5},{"damage":51,"enemies":"Gremlin Leader","floor":23,"turns":6}],"seed_played":"-8737732010291181874","potions_obtained":[{"floor":1,"key":"SpeedPotion"},{"floor":10,"key":"Explosive Potion"},{"floor":22,"key":"Fire Potion"}],"is_trial":false,"path_per_floor":["M","?","?","$","$","R","E","R","T","M","R","E","M","?","R","B",null,"M","$","?","M","M","E"],"character_chosen":"IRONCLAD","items_purchased":["Shovel"],"campfire_rested":0,"item_purchase_floors":[19],"current_hp_per_floor":[78,62,55,55,55,55,10,10,10,16,16,24,30,30,30,7,72,72,72,72,63,46,0],"gold":45,"neow_bonus":"RANDOM_COLORLESS_2","is_prod":false,"is_daily":false,"chose_seed":false,"campfire_upgraded":4,"win_rate":0,"timestamp":1556885902,"path_taken":["M","?","?","?","$","R","E","R","T","M","R","E","M","?","R","BOSS","M","$","?","M","M","E"],"build_version":"2019-01-23","purchased_purges":0,"victory":false,"max_hp_per_floor":[80,80,80,80,80,80,80,80,80,80,80,94,94,94,94,94,94,94,94,94,94,94,94],"card_choices":[{"not_picked":["Heavy Blade","Sword Boomerang"],"picked":"Uppercut","floor":1},{"not_picked":["Sever Soul","Anger"],"picked":"Iron Wave","floor":7},{"not_picked":["Anger","Sever Soul"],"picked":"True Grit","floor":10},{"not_picked":["True Grit","Ghostly Armor"],"picked":"Spot Weakness","floor":12},{"not_picked":["Burning Pact","Wild Strike"],"picked":"Dual Wield","floor":13},{"not_picked":["Juggernaut","Fiend Fire"],"picked":"Double Tap","floor":16},{"not_picked":["Clothesline","Body Slam"],"picked":"Shrug It Off","floor":18},{"not_picked":["Anger","Sword Boomerang"],"picked":"Uppercut","floor":21},{"not_picked":["Armaments","Hemokinesis"],"picked":"Shrug It Off","floor":22}],"player_experience":1023420,"relics_obtained":[{"floor":7,"key":"Calipers"},{"floor":9,"key":"Happy Flower"},{"floor":12,"key":"Mango"}],"event_choices":[{"damage_healed":0,"gold_gain":0,"player_choice":"Entered Light","damage_taken":16,"max_hp_gain":0,"max_hp_loss":0,"event_name":"Shining Light","floor":2,"gold_loss":0,"cards_upgraded":["Strike_R","Strike_R"]},{"cards_removed":["Strike_R"],"damage_healed":0,"gold_gain":0,"player_choice":"Card Removal","damage_taken":7,"max_hp_gain":0,"max_hp_loss":0,"event_name":"Golden Wing","floor":3,"gold_loss":0},{"damage_healed":0,"gold_gain":100,"player_choice":"Pray","damage_taken":0,"max_hp_gain":0,"max_hp_loss":0,"event_name":"Golden Shrine","floor":14,"gold_loss":0},{"damage_healed":0,"gold_gain":0,"player_choice":"Ignored","damage_taken":0,"max_hp_gain":0,"max_hp_loss":0,"event_name":"Vampires","floor":20,"gold_loss":0}],"is_beta":false,"boss_relics":[{"not_picked":["Empty Cage","Calling Bell"],"picked":"Runic Pyramid"}],"items_purged_floors":[],"is_endless":false,"potions_floor_spawned":[1,10,22],"killed_by":"Gremlin Leader","ascension_level":13}