{"gold_per_floor":[110,121,141,111,123,158,158,183,235,255,106,138,138,164,164,268,268,280,295,97,114,114],"floor_reached":22,"playtime":1252,"items_purged":["Strike_B","Blizzard+1"],"score":265,"play_id":"8ca7e1b7-aefc-42cc-ae2b-a98dd96dbc62","local_time":"20190108165037","is_ascension_mode":true,"campfire_choices":[{"data":"Electrodynamics","floor":7,"key":"SMITH"},{"data":"Defragment","floor":15,"key":"SMITH"}],"neow_cost":"NONE","seed_source_timestamp":247648458903524,"circlet_count":0,"master_deck":["Strike_B","Strike_B","Defend_B","Defend_B","Zap","Dualcast","Conserve Battery","Electrodynamics+1","Conserve Battery","Static Discharge","Defragment+1","Force Field","Electrodynamics","Leap+1","Consume+1","BootSequence","Go for the Eyes+1","Coolheaded","Darkness+1"],"relics":["Runic Dome","Orichalcum","Question Card","Oddly Smooth Stone","Potion Belt","Pen Nib","Astrolabe"],"potions_floor_usage":[6,8,12,14,21,22,22,22],"damage_taken":[{"damage":1,"enemies":"Cultist","floor":1,"turns":3},{"damage":7,"enemies":"Jaw Worm","floor":2,"turns":4},{"damage":0,"enemies":"Small Slimes","floor":3,"turns":3},{"damage":9,"enemies":"Blue Slaver","floor":5,"turns":3},{"damage":6,"enemies":"Lagavulin","floor":6,"turns":7},{"damage":2,"enemies":"3 Sentries","floor":8,"turns":3},{"damage":2,"enemies":"3 Louse","floor":10,"turns":2},{"damage":16,"enemies":"Lagavulin","floor":12,"turns":5},{"damage":0,"enemies":"3 Sentries","floor":14,"turns":2},{"damage":30,"enemies":"Hexaghost","floor":16,"turns":9},{"damage":14,"enemies":"Shell Parasite","floor":18,"turns":5},{"damage":15,"enemies":"Spheric Guardian","floor":19,"turns":4},{"damage":6,"enemies":"Chosen and Byrds","floor":21,"turns":4},{"damage":23,"enemies":"Colosseum Slavers","floor":22,"turns":3},{"damage":19,"enemies":"Colosseum Nobs","floor":22,"turns":3}],"seed_played":"-6560959495160081296","potions_obtained":[{"floor":3,"key":"GamblersBrew"},{"floor":4,"key":"PowerPotion"},{"floor":4,"key":"LiquidBronze"},{"floor":5,"key":"PowerPotion"},{"floor":6,"key":"SpeedPotion"},{"floor":10,"key":"Explosive Potion"},{"floor":18,"key":"SpeedPotion"},{"floor":21,"key":"Ancient Potion"}],"is_trial":false,"path_per_floor":["M","M","M","?","M","E","R","E","T","M","$","E","?","E","R","B",null,"M","M","$","M","?"],"character_chosen":"DEFECT","items_purchased":["Defragment","Coolheaded","PowerPotion"],"campfire_rested":0,"item_purchase_floors":[11,20,20],"current_hp_per_floor":[74,67,67,67,58,52,52,50,50,48,48,32,57,57,57,27,75,61,46,46,40,0],"gold":114,"neow_bonus":"BOSS_RELIC","is_prod":false,"is_daily":false,"chose_seed":false,"campfire_upgraded":2,"win_rate":1,"timestamp":1546966237,"path_taken":["M","?","M","?","?","E","R","E","T","M","$","E","?","E","R","BOSS","M","M","$","M","?"],"build_version":"2019-01-03v4","purchased_purges":2,"victory":false,"max_hp_per_floor":[75,75,75,75,75,75,75,75,75,75,75,75,75,75,75,75,75,75,75,75,75,75],"card_choices":[{"not_picked":["Barrage","Redo"],"picked":"Conserve Battery","floor":1},{"not_picked":["Conserve Battery","Ball Lightning"],"picked":"Electrodynamics","floor":2},{"not_picked":["Hologram","Compile Driver"],"picked":"Conserve Battery","floor":3},{"not_picked":["Leap","Stack"],"picked":"Static Discharge","floor":5},{"not_picked":["Meteor Strike","Streamline","Static Discharge"],"picked":"SKIP","floor":6},{"not_picked":["Double Energy","Rebound","Turbo"],"picked":"SKIP","floor":8},{"not_picked":["Loop","Stack","Gash","Go for the Eyes"],"picked":"SKIP","floor":10},{"not_picked":["Stack","Sweeping Beam","Loop","Tempest"],"picked":"SKIP","floor":12},{"not_picked":["Gash","Compile Driver","Leap"],"picked":"Force Field","floor":14},{"not_picked":["Creative AI","Thunder Strike","Seek"],"picked":"Electrodynamics","floor":16},{"not_picked":["Reprogram","Darkness","Sweeping Beam"],"picked":"BootSequence","floor":18},{"not_picked":["Sweeping Beam","Leap","Rip and Tear+1"],"picked":"Go for the Eyes+1","floor":19},{"not_picked":["Steam","Tempest+1","Cold Snap+1"],"picked":"Darkness+1","floor":21}],"player_experience":17098,"relics_obtained":[{"floor":6,"key":"Orichalcum"},{"floor":8,"key":"Question Card"},{"floor":9,"key":"Oddly Smooth Stone"},{"floor":12,"key":"Potion Belt"},{"floor":14,"key":"Pen Nib"}],"event_choices":[{"damage_healed":0,"gold_gain":0,"player_choice":"Bought 2 Potions","damage_taken":0,"max_hp_gain":0,"max_hp_loss":0,"event_name":"The Woman in Blue","floor":4,"gold_loss":0},{"damage_healed":25,"gold_gain":0,"player_choice":"Banana","damage_taken":0,"max_hp_gain":0,"max_hp_loss":0,"event_name":"Big Fish","floor":13,"gold_loss":0},{"damage_healed":0,"gold_gain":0,"player_choice":"Fight","damage_taken":0,"max_hp_gain":0,"max_hp_loss":0,"event_name":"Colosseum","floor":22,"gold_loss":0},{"damage_healed":0,"gold_gain":0,"player_choice":"Fought Nobs","damage_taken":0,"max_hp_gain":0,"max_hp_loss":0,"event_name":"Colosseum","floor":22,"gold_loss":0}],"is_beta":false,"boss_relics":[{"not_picked":["Lizard Tail","Eternal Feather"],"picked":"Astrolabe"}],"items_purged_floors":[11,20],"is_endless":false,"potions_floor_spawned":[3,5,6,10,18,21,22],"killed_by":"Colosseum Nobs","ascension_level":2}