{"gold_per_floor":[111,111,131,131,146,146,173,173,173,186,186],"floor_reached":11,"playtime":629,"items_purged":[],"score":139,"play_id":"ca7d06b0-8c92-4b84-852d-7a8a232c894e","local_time":"20190426142157","is_ascension_mode":true,"campfire_choices":[{"data":"Noxious Fumes","floor":6,"key":"SMITH"},{"floor":8,"key":"REST"}],"neow_cost":"NONE","seed_source_timestamp":2910395711311139,"circlet_count":0,"master_deck":["AscendersBane","Defend_G","Defend_G","Defend_G","Defend_G","Defend_G","Strike_G","Strike_G","Strike_G","Strike_G","Survivor","Neutralize","Noxious Fumes+1","Reflex","Bane","Slice","Leg Sweep"],"relics":["Ring of the Snake","Matryoshka","Pocketwatch","Blood Vial","Singing Bowl"],"potions_floor_usage":[7,11,11],"damage_taken":[{"damage":0,"enemies":"Jaw Worm","floor":1,"turns":9},{"damage":10,"enemies":"Cultist","floor":3,"turns":6},{"damage":0,"enemies":"Small Slimes","floor":5,"turns":4},{"damage":47,"enemies":"Gremlin Nob","floor":7,"turns":6},{"damage":6,"enemies":"3 Louse","floor":10,"turns":3},{"damage":22,"enemies":"3 Sentries","floor":11,"turns":7}],"seed_played":"-8694925837671369604","potions_obtained":[{"floor":0,"key":"Strength Potion"},{"floor":0,"key":"Regen Potion"},{"floor":3,"key":"GhostInAJar"},{"floor":10,"key":"SteroidPotion"}],"is_trial":false,"path_per_floor":["M","?","M","T","M","R","E","R","T","M","E"],"character_chosen":"THE_SILENT","items_purchased":[],"campfire_rested":1,"item_purchase_floors":[],"current_hp_per_floor":[59,59,49,49,49,49,2,21,21,17,0],"gold":186,"neow_bonus":"THREE_SMALL_POTIONS","is_prod":false,"is_daily":false,"chose_seed":false,"campfire_upgraded":1,"win_rate":0,"timestamp":1556284917,"path_taken":["M","?","?","?","M","R","E","R","T","M","E"],"build_version":"2019-01-23","purchased_purges":0,"victory":false,"max_hp_per_floor":[66,66,66,66,66,66,66,66,66,66,66],"card_choices":[{"not_picked":["PiercingWail","Masterful Stab"],"picked":"Noxious Fumes","floor":1},{"not_picked":["Prepared","PiercingWail"],"picked":"Bane","floor":3},{"not_picked":["Concentrate","Outmaneuver","Infinite Blades"],"picked":"SKIP","floor":5},{"not_picked":["Underhanded Strike","Outmaneuver"],"picked":"Slice","floor":7},{"not_picked":["Dagger Spray","Poisoned Stab"],"picked":"Leg Sweep","floor":10}],"player_experience":207548,"relics_obtained":[{"floor":4,"key":"Matryoshka"},{"floor":7,"key":"Pocketwatch"},{"floor":9,"key":"Blood Vial"},{"floor":9,"key":"Singing Bowl"}],"event_choices":[{"damage_healed":0,"gold_gain":0,"cards_transformed":["Strike_G"],"player_choice":"Transformed","damage_taken":0,"max_hp_gain":0,"max_hp_loss":0,"event_name":"Transmorgrifier","floor":2,"gold_loss":0,"cards_obtained":["Reflex"]}],"is_beta":false,"boss_relics":[],"items_purged_floors":[],"is_endless":false,"potions_floor_spawned":[3,10],"killed_by":"3 Sentries","ascension_level":18}