{"gold_per_floor":[118,135,135,145,164,199,199,225,249,28,28,28],"floor_reached":12,"playtime":568,"items_purged":[],"score":163,"play_id":"ae07d99d-b3bc-456b-9e3f-0fa510423d0b","local_time":"20190425200501","is_ascension_mode":true,"campfire_choices":[{"floor":7,"key":"REST"}],"neow_cost":"NONE","seed_source_timestamp":34207650508731,"circlet_count":0,"master_deck":["AscendersBane","Strike_R","Strike_R","Strike_R","Strike_R","Strike_R","Defend_R","Defend_R","Defend_R+1","Defend_R","Bash","Clothesline","True Grit","Dark Embrace","Carnage","Metallicize","Spot Weakness+1","Cleave","Burning Pact"],"relics":["Burning Blood","Mercury Hourglass","War Paint","Regal Pillow","TheAbacus","NlothsMask"],"potions_floor_usage":[6,8],"damage_taken":[{"damage":12,"enemies":"2 Louse","floor":1,"turns":3},{"damage":6,"enemies":"Cultist","floor":2,"turns":4},{"damage":9,"enemies":"Jaw Worm","floor":4,"turns":4},{"damage":27,"enemies":"Gremlin Gang","floor":5,"turns":6},{"damage":29,"enemies":"Lagavulin","floor":6,"turns":7},{"damage":27,"enemies":"3 Sentries","floor":8,"turns":6},{"damage":30,"enemies":"Lagavulin","floor":12,"turns":5}],"seed_played":"705949394279913263","potions_obtained":[{"floor":4,"key":"Ancient Potion"},{"floor":5,"key":"EssenceOfSteel"},{"floor":6,"key":"Strength Potion"}],"is_trial":false,"path_per_floor":["M","M","?","M","M","E","R","E","T","$","?","E"],"character_chosen":"IRONCLAD","items_purchased":["TheAbacus"],"campfire_rested":1,"item_purchase_floors":[10],"current_hp_per_floor":[69,69,69,66,45,22,46,25,25,25,25,0],"gold":28,"neow_bonus":"TEN_PERCENT_HP_BONUS","is_prod":false,"is_daily":false,"chose_seed":false,"campfire_upgraded":0,"win_rate":0,"timestamp":1556247901,"path_taken":["M","M","?","?","M","E","R","E","T","$","?","E"],"build_version":"2019-01-23","purchased_purges":0,"victory":false,"max_hp_per_floor":[82,82,82,82,82,82,82,82,82,82,82,82],"card_choices":[{"not_picked":["Rage","Anger"],"picked":"Clothesline","floor":1},{"not_picked":["Twin Strike","Power Through"],"picked":"True Grit","floor":2},{"not_picked":["Body Slam","Sword Boomerang"],"picked":"Metallicize","floor":4},{"not_picked":["Bludgeon","Wild Strike"],"picked":"Spot Weakness","floor":5},{"not_picked":["Flex","Entrench"],"picked":"Cleave","floor":6},{"not_picked":["Body Slam","Blood for Blood"],"picked":"Burning Pact","floor":8}],"player_experience":487171,"relics_obtained":[{"floor":6,"key":"Mercury Hourglass"},{"floor":8,"key":"War Paint"},{"floor":9,"key":"Regal Pillow"}],"event_choices":[{"damage_healed":0,"gold_gain":0,"player_choice":"2 cards matched","damage_taken":0,"max_hp_gain":0,"max_hp_loss":0,"event_name":"Match and Keep!","floor":3,"gold_loss":0,"cards_obtained":["Dark Embrace","Carnage"]},{"damage_healed":0,"gold_gain":0,"player_choice":"Trade","damage_taken":0,"relics_obtained":["NlothsMask"],"max_hp_gain":0,"max_hp_loss":0,"event_name":"FaceTrader","floor":11,"gold_loss":0}],"is_beta":false,"boss_relics":[],"items_purged_floors":[],"is_endless":false,"potions_floor_spawned":[4,5,6],"killed_by":"Lagavulin","ascension_level":17}