{"gold_per_floor":[218,233,82,98,118,130,156,168,168,168,199,199,219,248,248,349,349,360,386,50,64,139,139,150,150],"floor_reached":25,"playtime":1780,"items_purged":[],"score":259,"play_id":"76780ee9-d0b3-46bd-aac5-0a561ef21b7e","local_time":"20190324104805","is_ascension_mode":true,"campfire_choices":[{"data":"Defragment","floor":12,"key":"SMITH"},{"data":"Zap","floor":15,"key":"SMITH"},{"floor":23,"key":"REST"}],"neow_cost":"NONE","seed_source_timestamp":828629779639712,"circlet_count":0,"master_deck":["Strike_B","Strike_B","Strike_B","Strike_B","Defend_B","Defend_B","Defend_B","Defend_B","Zap+1","Dualcast","Go for the Eyes","Self Repair","Defragment+1","Leap","Conserve Battery","Fusion","Leap","Cold Snap","Steam","Reprogram","Sunder","White Noise","Core Surge","Chaos","Redo","Chill","Cold Snap","Hologram","Auto Shields+1","Reprogram","Leap"],"relics":["Cracked Core","Lantern","Sundial","Pantograph","Ginger","Orrery","Juzu Bracelet","Ice Cream"],"potions_floor_usage":[6,7,14,16,24],"damage_taken":[{"damage":2,"enemies":"Jaw Worm","floor":1,"turns":4},{"damage":3,"enemies":"Cultist","floor":2,"turns":4},{"damage":6,"enemies":"Small Slimes","floor":4,"turns":3},{"damage":7,"enemies":"Blue Slaver","floor":5,"turns":4},{"damage":0,"enemies":"Large Slime","floor":6,"turns":4},{"damage":6,"enemies":"Lagavulin","floor":7,"turns":8},{"damage":1,"enemies":"2 Fungi Beasts","floor":8,"turns":4},{"damage":22,"enemies":"3 Sentries","floor":11,"turns":10},{"damage":0,"enemies":"Looter","floor":13,"turns":3},{"damage":8,"enemies":"Gremlin Nob","floor":14,"turns":3},{"damage":18,"enemies":"Slime Boss","floor":16,"turns":12},{"damage":38,"enemies":"3 Byrds","floor":18,"turns":4},{"damage":17,"enemies":"Spheric Guardian","floor":21,"turns":6},{"damage":23,"enemies":"Centurion and Healer","floor":24,"turns":11},{"damage":38,"enemies":"Book of Stabbing","floor":25,"turns":8}],"seed_played":"-1587775454975067372","potions_obtained":[{"floor":2,"key":"AttackPotion"},{"floor":4,"key":"AttackPotion"},{"floor":6,"key":"SpeedPotion"},{"floor":8,"key":"Weak Potion"},{"floor":13,"key":"FocusPotion"}],"is_trial":false,"path_per_floor":["M","M","$","M","M","M","E","M","T","?","E","R","M","E","R","B",null,"M","T","$","M","?","R","M","E"],"character_chosen":"DEFECT","items_purchased":["Defragment","Leap","Conserve Battery","Ice Cream","Reprogram"],"campfire_rested":1,"item_purchase_floors":[3,3,3,20,20],"current_hp_per_floor":[73,70,70,71,71,75,75,75,75,75,60,60,67,59,59,64,75,44,44,44,34,27,49,33,0],"gold":150,"neow_bonus":"HUNDRED_GOLD","is_prod":false,"is_daily":false,"chose_seed":false,"campfire_upgraded":2,"win_rate":0,"timestamp":1553392085,"path_taken":["M","M","$","M","M","M","E","M","T","?","E","R","M","E","R","BOSS","M","?","$","M","?","R","M","E"],"build_version":"2019-01-23","purchased_purges":0,"victory":false,"max_hp_per_floor":[75,75,75,75,75,75,75,75,75,75,75,75,75,75,75,75,75,75,75,75,75,75,75,75,75],"card_choices":[{"not_picked":["Compile Driver","Steam"],"picked":"Go for the Eyes","floor":1},{"not_picked":["Melter","FTL"],"picked":"Self Repair","floor":2},{"not_picked":["Storm","Loop"],"picked":"Fusion","floor":4},{"not_picked":["Streamline","Static Discharge"],"picked":"Leap","floor":5},{"not_picked":["Sweeping Beam","Beam Cell"],"picked":"Coolheaded","floor":6},{"not_picked":["Fission","Barrage"],"picked":"Cold Snap","floor":7},{"not_picked":["Rebound","Go for the Eyes"],"picked":"Steam","floor":8},{"not_picked":["Sunder","Stack"],"picked":"Reprogram","floor":11},{"not_picked":["Gash","Turbo"],"picked":"Sunder","floor":13},{"not_picked":["Thunder Strike","Rebound"],"picked":"White Noise","floor":14},{"not_picked":["Meteor Strike","Amplify"],"picked":"Core Surge","floor":16},{"not_picked":["Steam","Compile Driver"],"picked":"Chaos","floor":17},{"not_picked":["Coolheaded","Conserve Battery"],"picked":"Redo","floor":17},{"not_picked":["Beam Cell","Hologram"],"picked":"Chill","floor":17},{"not_picked":["Compile Driver","Coolheaded"],"picked":"Cold Snap","floor":17},{"not_picked":["Scrape","Skim"],"picked":"Hologram","floor":17},{"not_picked":["Glacier","Buffer"],"picked":"Auto Shields+1","floor":18},{"not_picked":["Compile Driver","Barrage","Doom and Gloom"],"picked":"SKIP","floor":21},{"not_picked":["Turbo","Steam"],"picked":"Leap","floor":24}],"player_experience":156303,"relics_obtained":[{"floor":7,"key":"Lantern"},{"floor":11,"key":"Pantograph"},{"floor":14,"key":"Ginger"},{"floor":19,"key":"Juzu Bracelet"}],"event_choices":[{"cards_removed":["Coolheaded"],"damage_healed":0,"gold_gain":0,"player_choice":"Gave Card","damage_taken":0,"relics_obtained":["Sundial"],"max_hp_gain":0,"max_hp_loss":0,"event_name":"WeMeetAgain","floor":10,"gold_loss":0},{"damage_healed":0,"gold_gain":75,"player_choice":"Touch","damage_taken":7,"max_hp_gain":0,"max_hp_loss":0,"event_name":"FaceTrader","floor":22,"gold_loss":0}],"is_beta":false,"boss_relics":[{"not_picked":["White Beast Statue","Runic Pyramid"],"picked":"Orrery"}],"items_purged_floors":[],"is_endless":false,"potions_floor_spawned":[2,4,6,8,13],"killed_by":"Book of Stabbing","ascension_level":3}