{"gold_per_floor":[113,91,108,108,123,123,138,171,171,191,226,245,278,107,107,179,179,191,191,208,208,224,224,251,251,251,251],"floor_reached":27,"playtime":855,"items_purged":["Strike_B"],"score":442,"play_id":"0c9e65d7-0055-44bd-a4dd-d1b74ddb6dfc","local_time":"20190427125212","is_ascension_mode":true,"campfire_choices":[{"data":"Beam Cell","floor":6,"key":"SMITH"},{"floor":15,"key":"REST"},{"data":"Defragment","floor":23,"key":"SMITH"}],"neow_cost":"NONE","seed_source_timestamp":1215122616294867,"circlet_count":0,"master_deck":["AscendersBane","Defend_B","Defend_B","Defend_B","Defend_B","Zap","Dualcast","Ball Lightning","Ball Lightning","Beam Cell+1","Ball Lightning","White Noise","Self Repair","Go for the Eyes+1","Cold Snap+1","Core Surge+1","Hologram","Capacitor","Electrodynamics","Consume","Defragment+1","Chill","Bite+1","Bite+1","Bite+1","Bite+1","Bite+1"],"relics":["Cracked Core","NeowsBlessing","Mercury Hourglass","Molten Egg 2","Strawberry","Pen Nib","Sozu","Dodecahedron"],"potions_floor_usage":[8,11],"damage_taken":[{"damage":0,"enemies":"Cultist","floor":1,"turns":1},{"damage":0,"enemies":"2 Louse","floor":3,"turns":1},{"damage":0,"enemies":"Jaw Worm","floor":5,"turns":1},{"damage":0,"enemies":"Large Slime","floor":7,"turns":4},{"damage":31,"enemies":"3 Sentries","floor":8,"turns":6},{"damage":11,"enemies":"Exordium Thugs","floor":10,"turns":2},{"damage":18,"enemies":"Lagavulin","floor":11,"turns":5},{"damage":8,"enemies":"Blue Slaver","floor":12,"turns":2},{"damage":5,"enemies":"Gremlin Nob","floor":13,"turns":3},{"damage":26,"enemies":"The Guardian","floor":16,"turns":8},{"damage":4,"enemies":"Chosen","floor":18,"turns":3},{"damage":27,"enemies":"Shell Parasite","floor":20,"turns":4},{"damage":9,"enemies":"Snake Plant","floor":22,"turns":4},{"damage":44,"enemies":"Slavers","floor":24,"turns":4},{"damage":25,"enemies":"Shelled Parasite and Fungi","floor":27,"turns":2}],"seed_played":"-1452389379144619190","potions_obtained":[{"floor":1,"key":"EssenceOfSteel"},{"floor":5,"key":"Energy Potion"},{"floor":12,"key":"LiquidBronze"}],"is_trial":false,"path_per_floor":["M","$","M","?","M","R","M","E","T","M","E","M","E","$","R","B",null,"M","?","M","?","M","R","E","?","T","M"],"character_chosen":"DEFECT","items_purchased":["Ball Lightning","Hologram","Capacitor"],"campfire_rested":1,"item_purchase_floors":[2,14,14],"current_hp_per_floor":[68,68,68,68,68,68,68,37,37,26,22,21,23,23,47,28,69,72,72,52,52,50,50,13,13,13,0],"gold":251,"neow_bonus":"THREE_ENEMY_KILL","is_prod":false,"is_daily":false,"chose_seed":false,"campfire_upgraded":2,"win_rate":0,"timestamp":1556394732,"path_taken":["M","$","?","?","?","R","M","E","T","M","E","M","E","?","R","BOSS","M","?","M","?","M","R","E","?","T","?"],"build_version":"2019-01-23","purchased_purges":1,"victory":false,"max_hp_per_floor":[75,75,75,75,75,75,75,75,75,75,82,82,82,82,82,82,82,82,82,82,82,82,82,82,57,57,57],"card_choices":[{"not_picked":["Chill","Beam Cell"],"picked":"Ball Lightning","floor":1},{"not_picked":["Turbo","Streamline"],"picked":"Beam Cell","floor":3},{"not_picked":["Streamline","Hologram"],"picked":"Ball Lightning","floor":5},{"not_picked":["Turbo","Ball Lightning"],"picked":"White Noise","floor":7},{"not_picked":["Blizzard","Chill","Thunder Strike"],"picked":"SKIP","floor":8},{"not_picked":["Go for the Eyes+1","Stack"],"picked":"Self Repair","floor":10},{"not_picked":["Streamline+1","Chill"],"picked":"Go for the Eyes+1","floor":11},{"not_picked":["Aggregate","BootSequence"],"picked":"Cold Snap+1","floor":12},{"not_picked":["Tempest","All For One+1"],"picked":"Core Surge+1","floor":13},{"not_picked":["Meteor Strike+1","Biased Cognition"],"picked":"Electrodynamics","floor":16},{"not_picked":["Redo","Undo"],"picked":"Consume","floor":18},{"not_picked":["Gash+1","Chaos","Beam Cell+1"],"picked":"SKIP","floor":20},{"not_picked":["Consume","Blizzard+1","Stack"],"picked":"SKIP","floor":22},{"not_picked":["Steam+1","Redo+1"],"picked":"Chill","floor":24}],"player_experience":328631,"relics_obtained":[{"floor":8,"key":"Mercury Hourglass"},{"floor":9,"key":"Molten Egg 2"},{"floor":11,"key":"Strawberry"},{"floor":13,"key":"Pen Nib"},{"floor":24,"key":"Dodecahedron"}],"event_choices":[{"cards_removed":["Strike_B"],"damage_healed":0,"gold_gain":0,"player_choice":"Offered Basic","damage_taken":0,"max_hp_gain":0,"max_hp_loss":0,"event_name":"Bonfire Elementals","floor":4,"gold_loss":0},{"damage_healed":0,"gold_gain":0,"player_choice":"Ignored","damage_taken":0,"max_hp_gain":0,"max_hp_loss":0,"event_name":"Ghosts","floor":19,"gold_loss":0},{"damage_healed":0,"gold_gain":0,"player_choice":"Read","damage_taken":0,"max_hp_gain":0,"max_hp_loss":0,"event_name":"The Library","floor":21,"gold_loss":0,"cards_obtained":["Defragment"]},{"damage_healed":0,"gold_gain":0,"player_choice":"Became a vampire","damage_taken":0,"max_hp_gain":0,"max_hp_loss":25,"event_name":"Vampires","floor":25,"gold_loss":0,"cards_obtained":["Bite","Bite","Bite","Bite","Bite"]}],"is_beta":false,"boss_relics":[{"not_picked":["White Beast Statue","Nuclear Battery"],"picked":"Sozu"}],"items_purged_floors":[14],"is_endless":false,"potions_floor_spawned":[1,5,12,18,22],"killed_by":"Shelled Parasite and Fungi","ascension_level":13}