{"gold_per_floor":[109,284,297,316,241,270,270,285,333,363,363,397,347,402,402,402],"floor_reached":16,"playtime":1003,"items_purged":["Doubt"],"score":118,"play_id":"554ff031-5f54-4b43-9c91-5ad5b453418b","local_time":"20190131155025","is_ascension_mode":false,"campfire_choices":[{"data":"Bash","floor":7,"key":"SMITH"},{"data":"Blind","floor":11,"key":"SMITH"},{"floor":15,"key":"REST"}],"neow_cost":"PERCENT_DAMAGE","seed_source_timestamp":1884020900819870,"circlet_count":0,"master_deck":["Strike_R","Strike_R","Strike_R","Strike_R","Defend_R","Defend_R","Defend_R","Defend_R","Bash+1","Good Instincts","Blind+1","Inflame","Clash","Feel No Pain+1","Feel No Pain+1","True Grit"],"relics":["Burning Blood","Matryoshka","Orichalcum","Art of War","Frozen Egg 2","Ornamental Fan","Letter Opener"],"potions_floor_usage":[14,14,16],"damage_taken":[{"damage":5,"enemies":"Small Slimes","floor":1,"turns":4},{"damage":5,"enemies":"2 Louse","floor":3,"turns":2},{"damage":4,"enemies":"Jaw Worm","floor":4,"turns":4},{"damage":20,"enemies":"3 Sentries","floor":6,"turns":11},{"damage":0,"enemies":"Large Slime","floor":8,"turns":4},{"damage":12,"enemies":"Gremlin Nob","floor":10,"turns":5},{"damage":27,"enemies":"Lagavulin","floor":12,"turns":7},{"damage":15,"enemies":"Lagavulin Event","floor":14,"turns":6},{"damage":44,"enemies":"The Guardian","floor":16,"turns":9}],"seed_played":"3685792460718255379","potions_obtained":[{"floor":1,"key":"Weak Potion"},{"floor":3,"key":"SteroidPotion"},{"floor":10,"key":"Strength Potion"}],"is_trial":false,"path_per_floor":["M","?","M","M","$","E","R","M","T","E","R","E","?","?","R","B"],"character_chosen":"IRONCLAD","items_purchased":[],"campfire_rested":1,"item_purchase_floors":[],"current_hp_per_floor":[57,57,58,60,60,46,46,52,52,46,46,25,25,16,40,0],"gold":402,"neow_bonus":"RANDOM_COLORLESS_2","is_prod":false,"is_daily":false,"chose_seed":false,"campfire_upgraded":2,"win_rate":0,"timestamp":1548978625,"path_taken":["M","?","M","M","$","E","R","M","T","E","R","E","?","?","R","BOSS"],"build_version":"2019-01-23","purchased_purges":1,"victory":false,"max_hp_per_floor":[80,80,80,80,80,80,80,80,80,80,80,80,80,80,80,80],"card_choices":[{"not_picked":["Battle Trance","Perfected Strike"],"picked":"Inflame","floor":1},{"not_picked":["Flex","Havoc","Sword Boomerang"],"picked":"SKIP","floor":3},{"not_picked":["Twin Strike","Rampage"],"picked":"Clash","floor":4},{"not_picked":["Bloodletting","Exhume","Rupture"],"picked":"SKIP","floor":6},{"not_picked":["Thunderclap","Perfected Strike","Feel No Pain"],"picked":"SKIP","floor":8},{"not_picked":["Fire Breathing","Shrug It Off"],"picked":"Feel No Pain","floor":10},{"not_picked":["Whirlwind","Wild Strike"],"picked":"Feel No Pain+1","floor":12},{"not_picked":["Armaments","Clash"],"picked":"True Grit","floor":14}],"player_experience":384685,"relics_obtained":[{"floor":6,"key":"Matryoshka"},{"floor":9,"key":"Orichalcum"},{"floor":9,"key":"Art of War"},{"floor":10,"key":"Frozen Egg 2"},{"floor":12,"key":"Ornamental Fan"},{"floor":14,"key":"Letter Opener"}],"event_choices":[{"damage_healed":0,"gold_gain":175,"player_choice":"AGREE","damage_taken":0,"max_hp_gain":0,"max_hp_loss":0,"event_name":"Liars Game","floor":2,"gold_loss":0,"cards_obtained":["Doubt"]},{"cards_removed":["Strike_R"],"damage_healed":0,"gold_gain":0,"player_choice":"Card Removal","damage_taken":0,"max_hp_gain":0,"max_hp_loss":0,"event_name":"The Cleric","floor":13,"gold_loss":50},{"damage_healed":0,"gold_gain":0,"player_choice":"Searched \u00272\u0027 times","damage_taken":0,"max_hp_gain":0,"max_hp_loss":0,"event_name":"Dead Adventurer","floor":14,"gold_loss":0}],"is_beta":false,"boss_relics":[],"items_purged_floors":[5],"is_endless":false,"potions_floor_spawned":[1,3,10],"killed_by":"The Guardian","ascension_level":0}