{"gold_per_floor":[112,127,144,158,10,10,10,37,63,73,86,142,142,155,155,260,310,330,340,367,466,96,96,112,131,156,205,229,257,269,281,293,403,415,447,469,493,556,587,599,51,79,79,79,108,108,128,145,145,145],"floor_reached":51,"playtime":4781,"items_purged":["Strike_B"],"score":798,"play_id":"050ee9f9-3846-466d-9129-d36c304bf0af","local_time":"20190423162513","is_ascension_mode":true,"campfire_choices":[{"data":"Streamline","floor":6,"key":"SMITH"},{"floor":15,"key":"REST"},{"data":"Magnetism","floor":23,"key":"SMITH"},{"floor":32,"key":"REST"},{"floor":40,"key":"REST"},{"floor":46,"key":"REST"},{"floor":49,"key":"REST"}],"neow_cost":"PERCENT_DAMAGE","seed_source_timestamp":749110933777251,"circlet_count":0,"master_deck":["Strike_B","Strike_B","Strike_B","Defend_B","Defend_B","Defend_B","Defend_B","Zap+1","Dualcast","Cold Snap","Streamline+1","Cold Snap","Biased Cognition","Reboot","Go for the Eyes","Beam Cell","Hologram","Hologram+1","Meteor Strike","Defragment","Chill+1","Magnetism+1","Cold Snap","Coolheaded","Chill","Loop","Madness","Electrodynamics","Chill+1","Chrysalis","Capacitor","Creative AI","Echo Form"],"relics":["Cracked Core","Gambling Chip","Lantern","Potion Belt","Tiny Chest","CultistMask","Tiny House","Ancient Tea Set","Bag of Preparation","Oddly Smooth Stone","MawBank","Fusion Hammer","Orichalcum","Strawberry","Bronze Scales","Regal Pillow","Sundial","PreservedInsect"],"potions_floor_usage":[12,12,14,16,27,31,33,37,42,45,50,50],"damage_taken":[{"damage":5,"enemies":"Jaw Worm","floor":1,"turns":4},{"damage":0,"enemies":"Cultist","floor":2,"turns":3},{"damage":1,"enemies":"2 Louse","floor":3,"turns":2},{"damage":14,"enemies":"Blue Slaver","floor":4,"turns":3},{"damage":9,"enemies":"Lagavulin","floor":8,"turns":5},{"damage":0,"enemies":"3 Louse","floor":10,"turns":2},{"damage":9,"enemies":"Exordium Thugs","floor":11,"turns":3},{"damage":0,"enemies":"Gremlin Nob","floor":12,"turns":2},{"damage":0,"enemies":"Large Slime","floor":14,"turns":2},{"damage":14,"enemies":"Slime Boss","floor":16,"turns":6},{"damage":5,"enemies":"Shell Parasite","floor":18,"turns":4},{"damage":1,"enemies":"Chosen","floor":19,"turns":5},{"damage":0,"enemies":"Snake Plant","floor":24,"turns":4},{"damage":1,"enemies":"Centurion and Healer","floor":25,"turns":5},{"damage":12,"enemies":"Gremlin Leader","floor":27,"turns":7},{"damage":3,"enemies":"Shelled Parasite and Fungi","floor":29,"turns":9},{"damage":0,"enemies":"Slavers","floor":31,"turns":1},{"damage":18,"enemies":"Collector","floor":33,"turns":15},{"damage":0,"enemies":"3 Shapes","floor":35,"turns":2},{"damage":0,"enemies":"3 Darklings","floor":36,"turns":6},{"damage":1,"enemies":"Transient","floor":37,"turns":5},{"damage":7,"enemies":"Writhing Mass","floor":39,"turns":5},{"damage":4,"enemies":"Reptomancer","floor":42,"turns":10},{"damage":38,"enemies":"Nemesis","floor":45,"turns":11},{"damage":0,"enemies":"4 Shapes","floor":47,"turns":4},{"damage":2,"enemies":"3 Darklings","floor":48,"turns":3},{"damage":64,"enemies":"Donu and Deca","floor":50,"turns":11}],"seed_played":"8819513322605045471","potions_obtained":[{"floor":8,"key":"FearPotion"},{"floor":10,"key":"Energy Potion"},{"floor":11,"key":"FearPotion"},{"floor":12,"key":"SkillPotion"},{"floor":16,"key":"Explosive Potion"},{"floor":17,"key":"FairyPotion"},{"floor":24,"key":"Poison Potion"},{"floor":25,"key":"SmokeBomb"},{"floor":29,"key":"Block Potion"},{"floor":33,"key":"FocusPotion"},{"floor":36,"key":"Fire Potion"},{"floor":37,"key":"SteroidPotion"},{"floor":42,"key":"EssenceOfSteel"},{"floor":48,"key":"Dexterity Potion"}],"is_trial":false,"path_per_floor":["M","M","M","M","$","R","?","E","T","M","M","E","?","M","R","B",null,"M","M","T","?","$","R","M","M","T","E","T","M","?","E","R","B",null,"M","M","M","T","M","R","$","E","T","?","E","R","M","M","R","B",null],"character_chosen":"DEFECT","items_purchased":["Biased Cognition","Magnetism","Cold Snap","Coolheaded","Strawberry","Bronze Scales","Chrysalis","Capacitor"],"campfire_rested":5,"item_purchase_floors":[5,22,22,22,41,41,41,41],"current_hp_per_floor":[49,49,48,34,34,34,34,25,25,25,16,16,16,16,38,24,80,75,74,74,74,74,74,74,73,73,61,61,58,42,42,66,48,80,80,80,79,79,72,80,87,83,83,83,45,83,83,81,83,19],"gold":145,"neow_bonus":"ONE_RARE_RELIC","is_prod":false,"is_daily":false,"chose_seed":false,"campfire_upgraded":2,"win_rate":0,"timestamp":1556033113,"path_taken":["M","M","M","M","$","R","?","E","T","M","M","E","?","M","R","BOSS","M","M","?","?","$","R","M","M","T","E","?","M","?","E","R","BOSS","M","M","M","?","M","R","$","E","T","?","E","R","M","M","R","BOSS"],"build_version":"2019-01-23","purchased_purges":1,"victory":true,"max_hp_per_floor":[75,75,75,75,75,75,75,75,75,75,75,75,75,75,75,75,80,80,80,80,80,80,80,80,80,80,80,80,80,80,80,80,80,80,80,80,80,80,80,80,87,87,87,83,83,83,83,83,83,83],"card_choices":[{"not_picked":["Compile Driver","Conserve Battery"],"picked":"Cold Snap","floor":1},{"not_picked":["Scrape","BootSequence"],"picked":"Streamline","floor":2},{"not_picked":["Redo","Scrape","Blizzard"],"picked":"SKIP","floor":3},{"not_picked":["Blizzard","Barrage"],"picked":"Cold Snap","floor":4},{"not_picked":["Sweeping Beam","Static Discharge"],"picked":"Reboot","floor":8},{"not_picked":["Darkness","Compile Driver"],"picked":"Go for the Eyes","floor":10},{"not_picked":["Sweeping Beam","Redo","Beam Cell"],"picked":"SKIP","floor":11},{"not_picked":["Sweeping Beam","Redo"],"picked":"Beam Cell","floor":11},{"not_picked":["Conserve Battery","Chaos"],"picked":"Hologram","floor":12},{"not_picked":["Compile Driver","Consume"],"picked":"Hologram","floor":14},{"not_picked":["Multi-Cast","Creative AI"],"picked":"Meteor Strike","floor":16},{"not_picked":["Cold Snap","Streamline"],"picked":"Defragment","floor":17},{"not_picked":["Conserve Battery","Force Field+1"],"picked":"Chill+1","floor":18},{"not_picked":["Barrage","Double Energy","Auto Shields"],"picked":"SKIP","floor":19},{"not_picked":["Melter+1","Streamline","Reboot"],"picked":"SKIP","floor":24},{"not_picked":["Go for the Eyes","Fusion"],"picked":"Chill","floor":25},{"not_picked":["Hello World","Self Repair","Reinforced Body"],"picked":"SKIP","floor":27},{"not_picked":["Compile Driver","Conserve Battery"],"picked":"Loop","floor":29},{"not_picked":["Creative AI","Hyperbeam"],"picked":"Electrodynamics","floor":33},{"not_picked":["Go for the Eyes+1","Chaos","Beam Cell+1"],"picked":"SKIP","floor":35},{"not_picked":["Leap+1","Reprogram","Genetic Algorithm"],"picked":"SKIP","floor":36},{"not_picked":["Compile Driver","Conserve Battery"],"picked":"Chill+1","floor":37},{"not_picked":["Beam Cell","Ball Lightning","Gash+1"],"picked":"SKIP","floor":39},{"not_picked":["Turbo+1","Compile Driver"],"picked":"Creative AI","floor":42},{"not_picked":["Heatsinks","Go for the Eyes","Coolheaded"],"picked":"SKIP","floor":45},{"not_picked":["Leap+1","Go for the Eyes+1"],"picked":"Echo Form","floor":47},{"not_picked":["Auto Shields","Doom and Gloom","Barrage+1"],"picked":"SKIP","floor":48}],"player_experience":1824233,"relics_obtained":[{"floor":8,"key":"Lantern"},{"floor":9,"key":"Potion Belt"},{"floor":12,"key":"Tiny Chest"},{"floor":20,"key":"Ancient Tea Set"},{"floor":26,"key":"Bag of Preparation"},{"floor":27,"key":"Oddly Smooth Stone"},{"floor":28,"key":"MawBank"},{"floor":38,"key":"Orichalcum"},{"floor":42,"key":"Regal Pillow"},{"floor":43,"key":"Sundial"},{"floor":45,"key":"PreservedInsect"}],"event_choices":[{"damage_healed":0,"gold_gain":0,"player_choice":"Grow","damage_taken":0,"max_hp_gain":0,"max_hp_loss":0,"event_name":"Living Wall","floor":7,"gold_loss":0,"cards_upgraded":["Zap"]},{"damage_healed":0,"gold_gain":0,"player_choice":"Trade","damage_taken":0,"relics_obtained":["CultistMask"],"max_hp_gain":0,"max_hp_loss":0,"event_name":"FaceTrader","floor":13,"gold_loss":0},{"damage_healed":0,"gold_gain":99,"player_choice":"Stole From Cult","damage_taken":0,"max_hp_gain":0,"max_hp_loss":0,"event_name":"Nest","floor":21,"gold_loss":0},{"damage_healed":0,"gold_gain":0,"player_choice":"CARD ","damage_taken":16,"max_hp_gain":0,"max_hp_loss":0,"event_name":"Knowing Skull","floor":30,"potions_obtained":[],"gold_loss":0,"cards_obtained":["Madness"]},{"damage_healed":0,"gold_gain":0,"player_choice":"Max HP","damage_taken":0,"max_hp_gain":0,"max_hp_loss":4,"event_name":"Winding Halls","floor":44,"gold_loss":0}],"is_beta":false,"boss_relics":[{"not_picked":["Lizard Tail","Inserter"],"picked":"Tiny House"},{"not_picked":["Orrery","Coffee Dripper"],"picked":"Fusion Hammer"}],"items_purged_floors":[22],"is_endless":false,"potions_floor_spawned":[8,10,11,12,16,24,25,29,33,36,37,42,48],"ascension_level":1}