{"gold_per_floor":[14,14,34,46,62,85,85,99,99,113,113],"floor_reached":11,"playtime":723,"items_purged":[],"score":117,"play_id":"5720f533-7a15-42d7-93bf-e9697612fcb6","local_time":"20190319195916","is_ascension_mode":true,"campfire_choices":[{"data":"Creative AI","floor":7,"key":"SMITH"}],"neow_cost":"NO_GOLD","seed_source_timestamp":696962088611669,"circlet_count":0,"master_deck":["AscendersBane","Strike_B","Strike_B","Strike_B","Defend_B","Defend_B","Defend_B","Defend_B","Zap","Dualcast","Creative AI+1","Double Energy","Streamline","White Noise","Chill","Chaos","Glacier"],"relics":["Cracked Core","Ancient Tea Set","Bag of Preparation"],"potions_floor_usage":[8],"damage_taken":[{"damage":18,"enemies":"Jaw Worm","floor":1,"turns":6},{"damage":1,"enemies":"Cultist","floor":3,"turns":4},{"damage":0,"enemies":"Small Slimes","floor":4,"turns":3},{"damage":4,"enemies":"Red Slaver","floor":5,"turns":4},{"damage":3,"enemies":"Lots of Slimes","floor":8,"turns":5},{"damage":6,"enemies":"Exordium Wildlife","floor":10,"turns":5},{"damage":55,"enemies":"Gremlin Nob","floor":11,"turns":6}],"seed_played":"5278967713932222156","potions_obtained":[{"floor":1,"key":"SpeedPotion"},{"floor":4,"key":"Strength Potion"},{"floor":5,"key":"Swift Potion"}],"is_trial":false,"path_per_floor":["M","?","M","M","M","T","R","M","T","M","E"],"character_chosen":"DEFECT","items_purchased":[],"campfire_rested":0,"item_purchase_floors":[],"current_hp_per_floor":[46,46,45,45,41,41,41,38,38,32,0],"gold":113,"neow_bonus":"THREE_RARE_CARDS","is_prod":false,"is_daily":false,"chose_seed":false,"campfire_upgraded":1,"win_rate":0,"timestamp":1553025556,"path_taken":["M","?","M","?","M","?","R","M","T","M","E"],"build_version":"2019-01-23","purchased_purges":0,"victory":false,"max_hp_per_floor":[71,71,71,71,71,71,71,71,71,71,71],"card_choices":[{"not_picked":["Reboot","Multi-Cast"],"picked":"Creative AI","floor":0},{"not_picked":["Loop","Beam Cell"],"picked":"Double Energy","floor":1},{"not_picked":["Rebound","Reinforced Body"],"picked":"White Noise","floor":3},{"not_picked":["Cold Snap","Coolheaded"],"picked":"Chill","floor":4},{"not_picked":["Beam Cell","Reinforced Body"],"picked":"Chaos","floor":5},{"not_picked":["Turbo","Barrage"],"picked":"Glacier","floor":8},{"not_picked":["Compile Driver","Beam Cell","Rebound"],"picked":"SKIP","floor":10}],"player_experience":1595458,"relics_obtained":[{"floor":6,"key":"Ancient Tea Set"},{"floor":9,"key":"Bag of Preparation"}],"event_choices":[{"damage_healed":0,"gold_gain":0,"cards_transformed":["Strike_B"],"player_choice":"Transformed","damage_taken":0,"max_hp_gain":0,"max_hp_loss":0,"event_name":"Transmorgrifier","floor":2,"gold_loss":0,"cards_obtained":["Streamline"]}],"is_beta":false,"boss_relics":[],"items_purged_floors":[],"is_endless":false,"potions_floor_spawned":[1,4,5],"killed_by":"Gremlin Nob","ascension_level":15}