{"gold_per_floor":[113,128,78,92,105,140,140,168,191,202,202,202,212,61,61,166,166,184,184,199,83,103,103],"floor_reached":23,"playtime":1492,"items_purged":["Strike_G"],"score":264,"play_id":"47b1fc90-8462-48af-88b4-9313297917f1","local_time":"20180820162741","is_ascension_mode":true,"campfire_choices":[{"data":"Neutralize","floor":7,"key":"SMITH"},{"data":"Leg Sweep","floor":12,"key":"SMITH"},{"floor":15,"key":"REST"}],"neow_cost":"NONE","seed_source_timestamp":185037230327004,"circlet_count":0,"master_deck":["Defend_G","Defend_G","Defend_G","Defend_G","Defend_G","Strike_G","Strike_G","Survivor","Neutralize+1","Backflip","Underhanded Strike","Underhanded Strike","Dash","Flying Knee","Leg Sweep+1","Envenom+1","Cloak And Dagger","Footwork","After Image","Backflip","Phantasmal Killer","Heel Hook+1","Heel Hook","Leg Sweep"],"relics":["Ring of the Snake","Vajra","Potion Belt","Orichalcum","White Beast Statue"],"potions_floor_usage":[5,6,13,18,22],"damage_taken":[{"damage":0,"enemies":"2 Louse","floor":1,"turns":5},{"damage":0,"enemies":"Small Slimes","floor":2,"turns":3},{"damage":1,"enemies":"Cultist","floor":4,"turns":5},{"damage":0,"enemies":"Red Slaver","floor":5,"turns":5},{"damage":20,"enemies":"3 Sentries","floor":6,"turns":9},{"damage":18,"enemies":"Gremlin Nob","floor":8,"turns":4},{"damage":0,"enemies":"Blue Slaver","floor":10,"turns":4},{"damage":7,"enemies":"Gremlin Gang","floor":13,"turns":4},{"damage":16,"enemies":"The Guardian","floor":16,"turns":18},{"damage":22,"enemies":"Chosen","floor":18,"turns":8},{"damage":15,"enemies":"Spheric Guardian","floor":20,"turns":10},{"damage":11,"enemies":"Snake Plant","floor":22,"turns":9},{"damage":20,"enemies":"Book of Stabbing","floor":23,"turns":8}],"seed_played":"2833537069618408460","potions_obtained":[{"floor":1,"key":"Swift Potion"},{"floor":2,"key":"Explosive Potion"},{"floor":4,"key":"SkillPotion"},{"floor":16,"key":"Block Potion"},{"floor":18,"key":"Swift Potion"},{"floor":20,"key":"Fire Potion"},{"floor":22,"key":"SteroidPotion"}],"is_trial":false,"path_per_floor":["M","M","?","M","M","E","R","E","T","M","?","R","M","$","R","B",null,"M","?","M","$","M"],"character_chosen":"THE_SILENT","items_purchased":["Footwork","Heel Hook","Leg Sweep"],"campfire_rested":1,"item_purchase_floors":[14,21,21],"current_hp_per_floor":[70,70,70,69,69,49,49,31,31,31,31,31,24,24,47,31,66,44,44,29,29,18,0],"gold":103,"neow_bonus":"TEN_PERCENT_HP_BONUS","is_prod":false,"is_daily":false,"chose_seed":false,"campfire_upgraded":2,"win_rate":0,"timestamp":1534807661,"path_taken":["M","M","?","M","M","E","R","E","T","M","?","R","?","$","R","BOSS","M","?","M","$","M","E"],"build_version":"2018-08-16","purchased_purges":1,"victory":false,"max_hp_per_floor":[77,77,77,77,77,77,77,77,77,77,77,77,77,77,77,77,77,77,77,77,77,77,77],"card_choices":[{"not_picked":["Terror","Finisher"],"picked":"Backflip","floor":1},{"not_picked":["Outmaneuver","Prepared"],"picked":"Underhanded Strike","floor":2},{"not_picked":["Accuracy","Dodge and Roll"],"picked":"Underhanded Strike","floor":4},{"not_picked":["Distraction","Dagger Spray"],"picked":"Dash","floor":5},{"not_picked":["Prepared","Underhanded Strike"],"picked":"Flying Knee","floor":6},{"not_picked":["Cloak And Dagger","Deflect"],"picked":"Leg Sweep","floor":8},{"not_picked":["Deadly Poison","Bane"],"picked":"Envenom","floor":10},{"not_picked":["Dagger Spray","Outmaneuver"],"picked":"Cloak And Dagger","floor":13},{"not_picked":["Corpse Explosion","A Thousand Cuts"],"picked":"After Image","floor":16},{"not_picked":["Caltrops","Sucker Punch"],"picked":"Backflip","floor":18},{"not_picked":["Blade Dance","Dash+1"],"picked":"Heel Hook+1","floor":20},{"not_picked":["Outmaneuver","Reflex","Terror"],"picked":"SKIP","floor":22}],"player_experience":113896,"relics_obtained":[{"floor":6,"key":"Vajra"},{"floor":8,"key":"Potion Belt"},{"floor":9,"key":"Orichalcum"}],"event_choices":[{"event_name":"The Cleric","player_choice":"Card Removal","floor":3,"damage_taken":0},{"event_name":"Living Wall","player_choice":"Grow","floor":11,"damage_taken":0},{"event_name":"Transmorgrifier","player_choice":"Transform","floor":19,"damage_taken":0}],"is_beta":false,"boss_relics":[{"not_picked":["Coffee Dripper","Empty Cage"],"picked":"White Beast Statue"}],"items_purged_floors":[14],"is_endless":false,"potions_floor_spawned":[1,2,4,16,18,20,22],"killed_by":"Book of Stabbing","ascension_level":6}