{"gold_per_floor":[109,121,121,121,136,168,168],"floor_reached":7,"playtime":358,"items_purged":[],"score":51,"play_id":"c1065d7f-73bf-44d7-a896-1b7165e887ac","local_time":"20190404152610","is_ascension_mode":false,"campfire_choices":[],"neow_cost":"TEN_PERCENT_HP_LOSS","seed_source_timestamp":1144662283964200,"circlet_count":0,"master_deck":["Strike_R","Strike_R","Strike_R","Strike_R","Defend_R","Defend_R","Defend_R","Defend_R","Bash","Offering","Carnage","Sever Soul","Rampage","Rampage","Perfected Strike"],"relics":["Burning Blood","Letter Opener","Bottled Flame"],"potions_floor_usage":[],"damage_taken":[{"damage":12,"enemies":"2 Louse","floor":1,"turns":3},{"damage":13,"enemies":"Jaw Worm","floor":2,"turns":3},{"damage":0,"enemies":"Cultist","floor":5,"turns":2},{"damage":32,"enemies":"Lagavulin","floor":6,"turns":5},{"damage":18,"enemies":"Gremlin Gang","floor":7,"turns":2}],"seed_played":"8755248672909372854","potions_obtained":[{"floor":6,"key":"Weak Potion"}],"is_trial":false,"path_per_floor":["M","M","?","?","M","E","M"],"character_chosen":"IRONCLAD","items_purchased":[],"campfire_rested":0,"item_purchase_floors":[],"current_hp_per_floor":[66,59,59,34,40,14,0],"gold":168,"neow_bonus":"THREE_RARE_CARDS","is_prod":false,"is_daily":false,"chose_seed":false,"campfire_upgraded":0,"win_rate":0.0,"timestamp":1554384370,"path_taken":["M","M","?","?","M","E","M"],"build_version":"2019-01-23","purchased_purges":0,"victory":false,"max_hp_per_floor":[72,72,72,72,72,72,72],"card_choices":[{"not_picked":["Bludgeon","Fiend Fire"],"picked":"Offering","floor":0},{"not_picked":["Iron Wave","Clash"],"picked":"Carnage","floor":1},{"not_picked":["Warcry","Anger"],"picked":"Sever Soul","floor":2},{"not_picked":["Disarm","Flex"],"picked":"Rampage","floor":5},{"not_picked":["Corruption","Limit Break"],"picked":"Perfected Strike","floor":6}],"player_experience":40123,"relics_obtained":[{"floor":6,"key":"Bottled Flame"}],"event_choices":[{"damage_healed":0,"gold_gain":0,"cards_transformed":["Strike_R"],"player_choice":"Change","damage_taken":0,"max_hp_gain":0,"max_hp_loss":0,"event_name":"Living Wall","floor":3,"gold_loss":0,"cards_obtained":["Rampage"]},{"damage_healed":0,"gold_gain":0,"player_choice":"Success","damage_taken":25,"relics_obtained":["Letter Opener"],"max_hp_gain":0,"max_hp_loss":0,"event_name":"Scrap Ooze","floor":4,"gold_loss":0}],"is_beta":false,"boss_relics":[],"items_purged_floors":[],"is_endless":false,"potions_floor_spawned":[6],"killed_by":"Gremlin Gang","ascension_level":0}