{"gold_per_floor":[359,370,370,219,233,233,262,262,262,287,362,362,137,150,150,246,246,219,244,244,244,261,296,296,296,322,322,352,352,369,369,369,369],"floor_reached":33,"playtime":2832,"items_purged":["Decay","Strike_R"],"score":418,"play_id":"fb944bc4-2ad9-48a4-9b7e-b3c0ad717386","local_time":"20190329173736","is_ascension_mode":true,"campfire_choices":[{"data":"True Grit","floor":6,"key":"SMITH"},{"floor":8,"key":"REST"},{"data":"Bash","floor":15,"key":"SMITH"},{"data":"Anger","floor":25,"key":"SMITH"},{"data":"Pommel Strike","floor":27,"key":"SMITH"},{"data":"Metallicize","floor":29,"key":"SMITH"},{"floor":32,"key":"REST"}],"neow_cost":"CURSE","seed_source_timestamp":221400000294190,"circlet_count":0,"master_deck":["Bash+1","True Grit+1","Thunderclap","Metallicize+1","Pommel Strike+1","Intimidate","Anger+1","Power Through","Warcry","Feed","Feel No Pain","Juggernaut","Pommel Strike","Blood for Blood","Havoc","Limit Break","Shrug It Off","Shrug It Off+1","Clothesline+1","Bite","Bite","Bite","Bite","Bite","Iron Wave","Headbutt+1","Feed","Warcry+1","Demon Form"],"relics":["Burning Blood","Mummified Hand","Paper Frog","Omamori","Pandora\u0027s Box","Red Mask","Turnip","Pen Nib","Oddly Smooth Stone"],"potions_floor_usage":[10,16,16,16,19,30,31],"damage_taken":[{"damage":18,"enemies":"Jaw Worm","floor":1,"turns":5},{"damage":0,"enemies":"2 Louse","floor":2,"turns":4},{"damage":0,"enemies":"Small Slimes","floor":5,"turns":4},{"damage":45,"enemies":"Lagavulin","floor":7,"turns":6},{"damage":11,"enemies":"Gremlin Nob","floor":10,"turns":4},{"damage":0,"enemies":"3 Louse","floor":14,"turns":4},{"damage":12,"enemies":"Hexaghost","floor":16,"turns":11},{"damage":16,"enemies":"2 Thieves","floor":18,"turns":5},{"damage":3,"enemies":"Masked Bandits","floor":19,"turns":4},{"damage":20,"enemies":"Colosseum Slavers","floor":20,"turns":5},{"damage":0,"enemies":"Chosen","floor":22,"turns":5},{"damage":40,"enemies":"Gremlin Leader","floor":23,"turns":10},{"damage":30,"enemies":"Slavers","floor":28,"turns":7},{"damage":14,"enemies":"Snecko","floor":30,"turns":4},{"damage":10,"enemies":"Shelled Parasite and Fungi","floor":31,"turns":2},{"damage":43,"enemies":"Collector","floor":33,"turns":6}],"seed_played":"6035305505956140482","potions_obtained":[{"floor":2,"key":"SpeedPotion"},{"floor":7,"key":"BloodPotion"},{"floor":10,"key":"SpeedPotion"},{"floor":18,"key":"SkillPotion"},{"floor":19,"key":"GamblersBrew"},{"floor":28,"key":"SmokeBomb"}],"is_trial":false,"path_per_floor":["?","$","?","?","$","M","?","?","?","?","M"],"character_chosen":"IRONCLAD","items_purchased":["Metallicize","Swift Potion","Power Through"],"campfire_rested":2,"item_purchase_floors":[4,13,13],"current_hp_per_floor":[60,66,50,50,56,56,17,41,41,44,33,26,26,32,32,26,67,60,63,52,52,60,40,40,40,40,40,23,23,21,17,35,0],"gold":369,"neow_bonus":"TWO_FIFTY_GOLD","is_prod":false,"is_daily":false,"chose_seed":false,"campfire_upgraded":5,"win_rate":0,"timestamp":1553902656,"path_taken":["M","M","?","?","M","R","E","R","T","E","?","?","?","?","R","BOSS","M","?","?","?","M","E","?","R","T","R","E","R","?","M","R","BOSS"],"build_version":"2019-01-23","purchased_purges":2,"victory":false,"max_hp_per_floor":[80,80,80,80,80,80,80,80,80,80,80,80,80,80,80,80,80,83,83,86,60,60,60,60,60,60,60,63,63,63,63,63,63],"card_choices":[{"not_picked":["Searing Blow","Combust"],"picked":"True Grit","floor":1},{"not_picked":["Sword Boomerang","Body Slam"],"picked":"Thunderclap","floor":2},{"not_picked":["Entrench","True Grit"],"picked":"Pommel Strike","floor":5},{"not_picked":["True Grit","Combust"],"picked":"Intimidate","floor":7},{"not_picked":["Seeing Red","Warcry"],"picked":"Anger","floor":10},{"not_picked":["Rupture","Rampage"],"picked":"Warcry","floor":14},{"not_picked":["Berserk","Impervious"],"picked":"Feed","floor":16},{"not_picked":["Dropkick","Clash"],"picked":"Shrug It Off+1","floor":18},{"not_picked":["True Grit","Wild Strike"],"picked":"Clothesline+1","floor":19},{"not_picked":["Clash","Dropkick"],"picked":"Iron Wave","floor":22},{"not_picked":["Perfected Strike+1","Flex"],"picked":"Headbutt+1","floor":23},{"not_picked":["Intimidate","Entrench"],"picked":"Warcry+1","floor":28},{"not_picked":["Fire Breathing","Anger"],"picked":"Demon Form","floor":30}],"player_experience":416148,"relics_obtained":[{"floor":7,"key":"Mummified Hand"},{"floor":9,"key":"Paper Frog"},{"floor":10,"key":"Omamori"},{"floor":19,"key":"Red Mask"},{"floor":23,"key":"Turnip"},{"floor":26,"key":"Pen Nib"},{"floor":28,"key":"Oddly Smooth Stone"}],"event_choices":[{"damage_healed":0,"gold_gain":0,"player_choice":"Entered Light","damage_taken":16,"max_hp_gain":0,"max_hp_loss":0,"event_name":"Shining Light","floor":3,"gold_loss":0,"cards_upgraded":["Defend_R","Strike_R"]},{"damage_healed":0,"gold_gain":75,"player_choice":"Gather Gold","damage_taken":11,"max_hp_gain":0,"max_hp_loss":0,"event_name":"World of Goop","floor":11,"gold_loss":0},{"cards_removed":["Strike_R"],"damage_healed":0,"gold_gain":0,"player_choice":"Card Removal","damage_taken":7,"max_hp_gain":0,"max_hp_loss":0,"event_name":"Golden Wing","floor":12,"gold_loss":0},{"damage_healed":0,"gold_gain":0,"player_choice":"Fought Bandits","damage_taken":0,"max_hp_gain":0,"max_hp_loss":0,"event_name":"Masked Bandits","floor":19,"gold_loss":0},{"damage_healed":0,"gold_gain":0,"player_choice":"Fight","damage_taken":0,"max_hp_gain":0,"max_hp_loss":0,"event_name":"Colosseum","floor":20,"gold_loss":0},{"damage_healed":0,"gold_gain":0,"player_choice":"Fled From Nobs","damage_taken":0,"max_hp_gain":0,"max_hp_loss":0,"event_name":"Colosseum","floor":20,"gold_loss":0},{"damage_healed":0,"gold_gain":0,"player_choice":"Became a vampire","damage_taken":0,"max_hp_gain":0,"max_hp_loss":26,"event_name":"Vampires","floor":21,"gold_loss":0,"cards_obtained":["Bite","Bite","Bite","Bite","Bite"]},{"damage_healed":0,"gold_gain":0,"player_choice":"Copied","damage_taken":0,"max_hp_gain":0,"max_hp_loss":0,"event_name":"Duplicator","floor":24,"gold_loss":0,"cards_obtained":["Feed"]}],"is_beta":false,"boss_relics":[{"not_picked":["Black Blood","Runic Dome"],"picked":"Pandora\u0027s Box"}],"items_purged_floors":[4,13],"is_endless":false,"potions_floor_spawned":[2,7,10,18,19,28],"killed_by":"Collector","ascension_level":7}