{"gold_per_floor":[117,131,146,156,77,109,109,140,140,140,154,154,189,201,201,299,349,368,368,368,381,458,486,486,486],"floor_reached":25,"playtime":984,"items_purged":[],"score":358,"play_id":"512bb2e9-d25d-416c-8ffb-f7e6dc9930d2","local_time":"20190404151526","daily_mods":["DeadlyEvents","Elite Swarm"],"is_ascension_mode":true,"campfire_choices":[{"data":"Bludgeon","floor":7,"key":"SMITH"},{"floor":10,"key":"REST"},{"data":"Demon Form","floor":12,"key":"SMITH"},{"data":"Bash","floor":15,"key":"SMITH"},{"data":"Strike_R+1","floor":24,"key":"PURGE"}],"neow_cost":"","seed_source_timestamp":410967075111051,"circlet_count":0,"master_deck":["Strike_R+1","Strike_R+1","Strike_R+1","Strike_R+1","Defend_R+1","Defend_R+1","Defend_R+1","Defend_R+1","Bash+1","Cleave","Clothesline","Disarm","Inflame","Bludgeon+1","Demon Form+1","Anger+1","Barricade+1","Headbutt+1","Impervious+1","Iron Wave+1","Shrug It Off+1","Inflame","Juggernaut"],"relics":["Burning Blood","Sundial","Molten Egg 2","Toxic Egg 2","Tiny House","MutagenicStrength","Meat on the Bone","Peace Pipe"],"potions_floor_usage":[21,23,23,23],"damage_taken":[{"damage":6,"enemies":"Cultist","floor":1,"turns":3},{"damage":0,"enemies":"Small Slimes","floor":2,"turns":4},{"damage":3,"enemies":"Jaw Worm","floor":3,"turns":4},{"damage":11,"enemies":"Lots of Slimes","floor":4,"turns":4},{"damage":44,"enemies":"3 Sentries","floor":6,"turns":8},{"damage":28,"enemies":"Gremlin Nob","floor":8,"turns":4},{"damage":8,"enemies":"3 Louse","floor":11,"turns":4},{"damage":7,"enemies":"3 Sentries","floor":13,"turns":5},{"damage":6,"enemies":"Exordium Wildlife","floor":14,"turns":2},{"damage":2,"enemies":"Slime Boss","floor":16,"turns":6},{"damage":30,"enemies":"Spheric Guardian","floor":18,"turns":4},{"damage":16,"enemies":"Shell Parasite","floor":21,"turns":6},{"damage":34,"enemies":"Slavers","floor":23,"turns":4},{"damage":48,"enemies":"Gremlin Leader","floor":25,"turns":7}],"seed_played":"5339881965065213219","potions_obtained":[{"floor":2,"key":"Fire Potion"},{"floor":3,"key":"SkillPotion"},{"floor":8,"key":"Energy Potion"},{"floor":17,"key":"Explosive Potion"},{"floor":18,"key":"Regen Potion"},{"floor":21,"key":"Fire Potion"}],"is_trial":true,"path_per_floor":["M","M","M","M","$","E","R","E","T","R","M","R","E","M","R","B",null,"M","?","?","M","T","E","R","E"],"character_chosen":"IRONCLAD","items_purchased":["Inflame"],"campfire_rested":1,"item_purchase_floors":[5],"current_hp_per_floor":[80,80,80,75,75,37,37,15,15,39,37,37,36,36,36,40,85,61,61,61,60,60,44,44,0],"gold":486,"neow_bonus":"","is_prod":false,"is_daily":false,"chose_seed":false,"campfire_upgraded":3,"win_rate":0,"timestamp":1554416126,"path_taken":["M","M","M","?","$","E","R","E","T","R","M","R","E","M","R","BOSS","M","?","?","M","?","E","R","E"],"build_version":"2019-01-23","purchased_purges":0,"victory":false,"max_hp_per_floor":[80,80,80,80,80,80,80,80,80,80,80,80,80,80,80,80,85,85,85,85,85,85,85,85,85],"card_choices":[{"not_picked":["Clash","Power Through"],"picked":"Cleave","floor":1},{"not_picked":["Iron Wave","Body Slam"],"picked":"Clothesline","floor":2},{"not_picked":["Second Wind","Body Slam"],"picked":"Disarm","floor":3},{"not_picked":["Clash","Iron Wave","Dual Wield"],"picked":"SKIP","floor":4},{"not_picked":["Double Tap","Dark Embrace"],"picked":"Bludgeon","floor":6},{"not_picked":["Double Tap","Exhume"],"picked":"Demon Form","floor":8},{"not_picked":["Headbutt+1","Iron Wave+1"],"picked":"Anger+1","floor":11},{"not_picked":["Juggernaut","Dark Embrace"],"picked":"Barricade","floor":13},{"not_picked":["Rage+1","Clash+1"],"picked":"Headbutt+1","floor":14},{"not_picked":["Double Tap+1","Demon Form"],"picked":"Impervious+1","floor":16},{"not_picked":["Hemokinesis+1","Perfected Strike+1"],"picked":"Iron Wave+1","floor":17},{"not_picked":["Intimidate+1","Infernal Blade+1"],"picked":"Shrug It Off+1","floor":18},{"not_picked":["Evolve","Warcry+1"],"picked":"Inflame","floor":21},{"not_picked":["Double Tap+1","Dark Embrace"],"picked":"Juggernaut","floor":23}],"player_experience":161655,"relics_obtained":[{"floor":6,"key":"Sundial"},{"floor":8,"key":"Molten Egg 2"},{"floor":9,"key":"Toxic Egg 2"},{"floor":22,"key":"Meat on the Bone"},{"floor":23,"key":"Peace Pipe"}],"event_choices":[{"damage_healed":0,"gold_gain":0,"player_choice":"Inject Mutagens","damage_taken":0,"relics_obtained":["MutagenicStrength"],"max_hp_gain":0,"max_hp_loss":0,"event_name":"Drug Dealer","floor":19,"gold_loss":0},{"damage_healed":0,"gold_gain":0,"player_choice":"Simplicity","damage_taken":0,"max_hp_gain":0,"max_hp_loss":0,"event_name":"Back to Basics","floor":20,"gold_loss":0,"cards_upgraded":["Strike_R","Strike_R","Strike_R","Strike_R","Strike_R","Defend_R","Defend_R","Defend_R","Defend_R"]}],"is_beta":false,"boss_relics":[{"not_picked":["Fusion Hammer","Busted Crown"],"picked":"Tiny House"}],"items_purged_floors":[],"is_endless":true,"potions_floor_spawned":[2,3,8,18,21],"killed_by":"Gremlin Leader","ascension_level":1}