{"gold_per_floor":[116,132,132,145,156,156,44,54,54,54,4,4,15,32,32,133,133,144,163,163,174,174,174,99,99,126,225,241,256,289,289,289,392,392,412,431,19,19,19,51,51,64,64,93,93,113,461,561,561,561],"floor_reached":51,"playtime":2426,"items_purged":["Strike_R","Battle Trance"],"score":792,"play_id":"e25812a1-d9b0-4a16-977a-2b0e07e63188","local_time":"20190201183842","is_ascension_mode":false,"campfire_choices":[{"data":"Searing Blow","floor":6,"key":"SMITH"},{"data":"Searing Blow+1","floor":10,"key":"SMITH"},{"data":"Searing Blow+2","floor":12,"key":"SMITH"},{"data":"Searing Blow+3","floor":15,"key":"SMITH"},{"data":"Dual Wield","floor":23,"key":"SMITH"},{"data":"Searing Blow+4","floor":25,"key":"SMITH"},{"data":"Searing Blow+5","floor":32,"key":"SMITH"},{"data":"Bash","floor":41,"key":"PURGE"},{"data":"Defend_R","floor":45,"key":"PURGE"},{"data":"Fiend Fire","floor":49,"key":"PURGE"}],"neow_cost":"NONE","seed_source_timestamp":1979085663484053,"circlet_count":0,"master_deck":["Defend_R","Defend_R","Searing Blow+6","Metallicize","Dual Wield+1","Impervious","Metallicize+1","Armaments+1","True Grit+1","Armaments+1","Searing Blow+6"],"relics":["Burning Blood","Bronze Scales","Philosopher\u0027s Stone","Lantern","Strawberry","Runic Pyramid","Peace Pipe","Darkstone Periapt","Bottled Flame","Frozen Egg 2","Old Coin","Pocketwatch"],"potions_floor_usage":[14,30,33,33,50],"damage_taken":[{"damage":1,"enemies":"Cultist","floor":1,"turns":4},{"damage":1,"enemies":"2 Louse","floor":2,"turns":3},{"damage":6,"enemies":"Jaw Worm","floor":4,"turns":3},{"damage":10,"enemies":"Looter","floor":5,"turns":2},{"damage":6,"enemies":"3 Louse","floor":8,"turns":5},{"damage":10,"enemies":"Red Slaver","floor":13,"turns":3},{"damage":3,"enemies":"Lots of Slimes","floor":14,"turns":5},{"damage":27,"enemies":"The Guardian","floor":16,"turns":14},{"damage":0,"enemies":"Spheric Guardian","floor":18,"turns":4},{"damage":9,"enemies":"Chosen","floor":19,"turns":3},{"damage":20,"enemies":"Sentry and Sphere","floor":21,"turns":4},{"damage":15,"enemies":"3 Cultists","floor":28,"turns":5},{"damage":8,"enemies":"Shelled Parasite and Fungi","floor":29,"turns":5},{"damage":0,"enemies":"Gremlin Leader","floor":30,"turns":5},{"damage":26,"enemies":"Collector","floor":33,"turns":14},{"damage":0,"enemies":"3 Shapes","floor":35,"turns":7},{"damage":0,"enemies":"3 Darklings","floor":36,"turns":9},{"damage":27,"enemies":"Giant Head","floor":40,"turns":18},{"damage":0,"enemies":"Sphere and 2 Shapes","floor":42,"turns":8},{"damage":1,"enemies":"Nemesis","floor":44,"turns":4},{"damage":0,"enemies":"Transient","floor":46,"turns":5},{"damage":22,"enemies":"2 Orb Walkers","floor":47,"turns":3},{"damage":5,"enemies":"Mind Bloom Boss Battle","floor":48,"turns":8},{"damage":29,"enemies":"Awakened One","floor":50,"turns":13}],"seed_played":"-3595821240507704170","potions_obtained":[{"floor":5,"key":"EntropicBrew"},{"floor":13,"key":"Energy Potion"},{"floor":14,"key":"Dexterity Potion"},{"floor":28,"key":"LiquidBronze"},{"floor":30,"key":"GamblersBrew"},{"floor":33,"key":"Block Potion"},{"floor":36,"key":"Block Potion"},{"floor":47,"key":"PowerPotion"}],"is_trial":false,"path_per_floor":["M","M","$","M","M","R","$","M","T","R","?","R","M","M","R","B",null,"M","M","?","M","?","R","?","R","T","?","M","M","E","?","R","B",null,"M","M","$","?","$","E","R","M","T","E","R","M","?","?","R","B",null],"character_chosen":"IRONCLAD","items_purchased":["Metallicize","Peace Pipe"],"campfire_rested":0,"item_purchase_floors":[7,37],"current_hp_per_floor":[80,80,80,80,76,76,76,76,76,76,76,76,72,75,75,54,80,80,77,77,63,63,63,63,63,63,63,54,52,65,65,65,45,87,87,87,87,87,87,66,66,72,72,77,77,83,67,68,68,45],"gold":561,"neow_bonus":"TRANSFORM_CARD","is_prod":false,"is_daily":false,"chose_seed":false,"campfire_upgraded":7,"win_rate":0,"timestamp":1549075122,"path_taken":["M","M","?","M","M","R","$","M","T","R","?","R","?","M","R","BOSS","M","M","?","M","?","R","?","R","T","?","M","M","E","?","R","BOSS","M","M","$","?","$","E","R","?","T","E","R","M","?","?","R","BOSS"],"build_version":"2019-01-23","purchased_purges":2,"victory":true,"max_hp_per_floor":[80,80,80,80,80,80,80,80,80,80,80,80,80,80,80,80,80,80,80,80,80,80,80,80,80,80,80,80,80,87,87,87,87,87,87,87,87,87,87,87,87,87,87,87,87,87,87,87,87,87],"card_choices":[{"not_picked":["Clothesline","Blood for Blood","Warcry"],"picked":"SKIP","floor":1},{"not_picked":["Carnage","True Grit"],"picked":"Searing Blow","floor":2},{"not_picked":["Sentinel","Corruption","Wild Strike"],"picked":"SKIP","floor":4},{"not_picked":["Sword Boomerang","True Grit","Second Wind"],"picked":"SKIP","floor":5},{"not_picked":["Spot Weakness","Twin Strike","Iron Wave"],"picked":"SKIP","floor":8},{"not_picked":["Infernal Blade","Cleave"],"picked":"Dual Wield","floor":13},{"not_picked":["Sword Boomerang","Warcry","Reaper"],"picked":"SKIP","floor":14},{"not_picked":["Reaper","Limit Break"],"picked":"Impervious","floor":16},{"not_picked":["Seeing Red","Pommel Strike","Body Slam+1"],"picked":"SKIP","floor":18},{"not_picked":["Blood for Blood","Clothesline","Headbutt+1"],"picked":"SKIP","floor":19},{"not_picked":["Flex","Seeing Red","Intimidate+1"],"picked":"SKIP","floor":21},{"not_picked":["Uppercut","Clash"],"picked":"Metallicize+1","floor":28},{"not_picked":["Perfected Strike","Burning Pact","Anger"],"picked":"SKIP","floor":29},{"not_picked":["Perfected Strike","Ghostly Armor+1"],"picked":"Armaments+1","floor":30},{"not_picked":["Havoc+1","Rampage+1"],"picked":"True Grit+1","floor":35},{"not_picked":["Disarm","Sword Boomerang"],"picked":"Armaments+1","floor":36},{"not_picked":["Intimidate","Burning Pact","Wild Strike"],"picked":"SKIP","floor":40},{"not_picked":["Havoc","Clash+1","Flex"],"picked":"SKIP","floor":42},{"not_picked":["Combust","Evolve","Entrench"],"picked":"SKIP","floor":44},{"not_picked":["Iron Wave+1","Twin Strike","Evolve+1"],"picked":"SKIP","floor":46}],"player_experience":395618,"relics_obtained":[{"floor":9,"key":"Bronze Scales"},{"floor":26,"key":"Lantern"},{"floor":30,"key":"Strawberry"},{"floor":40,"key":"Darkstone Periapt"},{"floor":43,"key":"Bottled Flame"},{"floor":44,"key":"Frozen Egg 2"},{"floor":47,"key":"Old Coin"},{"floor":48,"key":"Pocketwatch"}],"event_choices":[{"cards_removed":["Defend_R"],"damage_healed":0,"gold_gain":0,"player_choice":"Card Removal","damage_taken":0,"max_hp_gain":0,"max_hp_loss":0,"event_name":"The Cleric","floor":11,"gold_loss":50},{"cards_removed":["Strike_R"],"damage_healed":0,"gold_gain":0,"player_choice":"Elegance","damage_taken":0,"max_hp_gain":0,"max_hp_loss":0,"event_name":"Back to Basics","floor":20,"gold_loss":0},{"damage_healed":0,"gold_gain":0,"cards_transformed":["Strike_R","Strike_R"],"player_choice":"Became Test Subject","damage_taken":0,"max_hp_gain":0,"max_hp_loss":0,"event_name":"Drug Dealer","floor":22,"gold_loss":0,"cards_obtained":["Fiend Fire","Reaper"]},{"cards_removed":["Reaper"],"damage_healed":0,"gold_gain":0,"player_choice":"Gave Gold","damage_taken":0,"max_hp_gain":0,"max_hp_loss":0,"event_name":"Beggar","floor":24,"gold_loss":75},{"damage_healed":0,"gold_gain":99,"player_choice":"Stole From Cult","damage_taken":0,"max_hp_gain":0,"max_hp_loss":0,"event_name":"Nest","floor":27,"gold_loss":0},{"damage_healed":0,"gold_gain":0,"player_choice":"Bought 0 Potions","damage_taken":0,"max_hp_gain":0,"max_hp_loss":0,"event_name":"The Woman in Blue","floor":31,"gold_loss":0},{"damage_healed":0,"gold_gain":0,"player_choice":"Copied","damage_taken":0,"max_hp_gain":0,"max_hp_loss":0,"event_name":"Duplicator","floor":38,"gold_loss":0,"cards_obtained":["Searing Blow"]},{"damage_healed":0,"gold_gain":0,"player_choice":"Fight","damage_taken":0,"max_hp_gain":0,"max_hp_loss":0,"event_name":"Mysterious Sphere","floor":47,"gold_loss":0},{"damage_healed":0,"gold_gain":0,"player_choice":"Fight","damage_taken":0,"max_hp_gain":0,"max_hp_loss":0,"event_name":"MindBloom","floor":48,"gold_loss":0}],"is_beta":false,"boss_relics":[{"not_picked":["Ectoplasm","Runic Cube"],"picked":"Philosopher\u0027s Stone"},{"not_picked":["Tiny House","Fusion Hammer"],"picked":"Runic Pyramid"}],"items_purged_floors":[7,37],"is_endless":false,"potions_floor_spawned":[5,13,14,28,29,30,33,36,44,47,48],"ascension_level":0}