{"gold_per_floor":[114,114,40,56,74,74,149,149,175,208,225,225],"floor_reached":12,"playtime":733,"items_purged":[],"score":137,"play_id":"66d1ec36-9e03-4c45-ac85-788b9fb74c22","local_time":"20190504140129","is_ascension_mode":true,"campfire_choices":[{"data":"Cleave","floor":6,"key":"SMITH"},{"data":"Ghostly Armor","floor":8,"key":"SMITH"}],"neow_cost":"NONE","seed_source_timestamp":396146441368600,"circlet_count":0,"master_deck":["AscendersBane","Strike_R","Strike_R","Strike_R","Strike_R","Strike_R","Defend_R","Defend_R","Defend_R","Defend_R","Bash","Ghostly Armor+1","Warcry","Ghostly Armor+1","Brutality","Shrug It Off","Cleave+1","Shrug It Off+1","Carnage","Reaper","Havoc"],"relics":["Burning Blood","NeowsBlessing","War Paint","Potion Belt"],"potions_floor_usage":[12],"damage_taken":[{"damage":0,"enemies":"Jaw Worm","floor":1,"turns":1},{"damage":0,"enemies":"Cultist","floor":4,"turns":1},{"damage":0,"enemies":"2 Louse","floor":5,"turns":1},{"damage":50,"enemies":"Gremlin Nob","floor":10,"turns":6},{"damage":0,"enemies":"2 Fungi Beasts","floor":11,"turns":4},{"damage":26,"enemies":"3 Sentries","floor":12,"turns":2}],"seed_played":"-364690544365574068","potions_obtained":[{"floor":10,"key":"PowerPotion"},{"floor":11,"key":"Explosive Potion"}],"is_trial":false,"path_per_floor":["M","?","$","M","M","R","?","R","T","E","M","E"],"character_chosen":"IRONCLAD","items_purchased":["Shrug It Off","Cleave"],"campfire_rested":0,"item_purchase_floors":[3,3],"current_hp_per_floor":[74,74,74,75,75,75,64,64,64,20,26,0],"gold":225,"neow_bonus":"THREE_ENEMY_KILL","is_prod":false,"is_daily":false,"chose_seed":false,"campfire_upgraded":2,"win_rate":0,"timestamp":1556971289,"path_taken":["M","?","$","M","?","R","?","R","T","E","M","E"],"build_version":"2019-01-23","purchased_purges":0,"victory":false,"max_hp_per_floor":[75,75,75,75,75,75,75,75,75,75,75,75],"card_choices":[{"not_picked":["Warcry","Evolve"],"picked":"Ghostly Armor","floor":1},{"not_picked":["Havoc","Perfected Strike"],"picked":"Shrug It Off","floor":4},{"not_picked":["Body Slam","Clothesline"],"picked":"Carnage","floor":5},{"not_picked":["Twin Strike","Sword Boomerang"],"picked":"Reaper","floor":10},{"not_picked":["Warcry","Perfected Strike"],"picked":"Havoc","floor":11}],"player_experience":1064579,"relics_obtained":[{"floor":9,"key":"War Paint"},{"floor":10,"key":"Potion Belt"}],"event_choices":[{"damage_healed":0,"gold_gain":0,"player_choice":"3 cards matched","damage_taken":0,"max_hp_gain":0,"max_hp_loss":0,"event_name":"Match and Keep!","floor":2,"gold_loss":0,"cards_obtained":["Warcry","Ghostly Armor","Brutality"]},{"damage_healed":0,"gold_gain":75,"player_choice":"Gather Gold","damage_taken":11,"max_hp_gain":0,"max_hp_loss":0,"event_name":"World of Goop","floor":7,"gold_loss":0}],"is_beta":false,"boss_relics":[],"items_purged_floors":[],"is_endless":false,"potions_floor_spawned":[10,11],"killed_by":"3 Sentries","ascension_level":15}