{"gold_per_floor":[112,112,112,124,137,137,157,180,228,228,228,272,286,306,306,430,430,448,448,45,60,80,80,148,148,197,230,230],"floor_reached":28,"playtime":10203,"items_purged":["Strike_B"],"score":284,"play_id":"d2abbe49-f86b-442b-b1a1-61d7b07c342d","local_time":"20190415225908","is_ascension_mode":true,"campfire_choices":[{"data":"Defragment","floor":6,"key":"SMITH"},{"data":"White Noise","floor":10,"key":"SMITH"},{"floor":15,"key":"REST"},{"data":"Conserve Battery","floor":23,"key":"SMITH"}],"neow_cost":"NONE","seed_source_timestamp":510816798004500,"circlet_count":0,"master_deck":["Strike_B","Strike_B","Strike_B","Defend_B","Defend_B","Defend_B","Defend_B","Zap+1","Dualcast","Go for the Eyes","Rebound","Defragment+1","White Noise+1","Steam","Cold Snap","Conserve Battery+1","Stack","Echo Form","Leap","Shame","Seek","Conserve Battery","Undo+1","Electrodynamics","Redo"],"relics":["Cracked Core","Odd Mushroom","DataDisk","Golden Idol","Regal Pillow","Black Star","StoneCalendar","Question Card","Darkstone Periapt","Tiny Chest","Ancient Tea Set","Smiling Mask","PreservedInsect"],"potions_floor_usage":[12,13,24,24,27,27],"damage_taken":[{"damage":8,"enemies":"2 Louse","floor":1,"turns":3},{"damage":8,"enemies":"Jaw Worm","floor":4,"turns":4},{"damage":0,"enemies":"Small Slimes","floor":5,"turns":3},{"damage":10,"enemies":"2 Fungi Beasts","floor":7,"turns":3},{"damage":29,"enemies":"The Mushroom Lair","floor":8,"turns":5},{"damage":21,"enemies":"Lagavulin","floor":12,"turns":5},{"damage":4,"enemies":"Exordium Thugs","floor":13,"turns":3},{"damage":0,"enemies":"Exordium Wildlife","floor":14,"turns":4},{"damage":14,"enemies":"Hexaghost","floor":16,"turns":12},{"damage":14,"enemies":"Spheric Guardian","floor":18,"turns":4},{"damage":2,"enemies":"Shell Parasite","floor":21,"turns":7},{"damage":16,"enemies":"Shelled Parasite and Fungi","floor":22,"turns":7},{"damage":22,"enemies":"Book of Stabbing","floor":24,"turns":7},{"damage":15,"enemies":"Slavers","floor":27,"turns":2},{"damage":23,"enemies":"Centurion and Healer","floor":28,"turns":5}],"seed_played":"-3878379913137792253","potions_obtained":[{"floor":1,"key":"FocusPotion"},{"floor":5,"key":"SteroidPotion"},{"floor":13,"key":"Poison Potion"},{"floor":14,"key":"Regen Potion"},{"floor":16,"key":"Dexterity Potion"},{"floor":21,"key":"Energy Potion"},{"floor":24,"key":"GamblersBrew"}],"is_trial":false,"path_per_floor":["M","?","$","M","M","R","M","?","T","R","?","E","M","M","R","B",null,"M","?","$","M","M","R","E","$","T","E","M"],"character_chosen":"DEFECT","items_purchased":["Seek","Question Card"],"campfire_rested":1,"item_purchase_floors":[20,20],"current_hp_per_floor":[74,74,74,66,66,66,56,27,27,27,27,6,2,2,39,25,76,62,62,62,60,44,44,37,37,37,22,0],"gold":230,"neow_bonus":"TEN_PERCENT_HP_BONUS","is_prod":false,"is_daily":false,"chose_seed":false,"campfire_upgraded":3,"win_rate":0,"timestamp":1555361948,"path_taken":["M","?","$","M","M","R","M","?","T","R","?","E","M","M","R","BOSS","M","?","$","M","M","R","E","$","T","E","M"],"build_version":"2019-01-23","purchased_purges":1,"victory":false,"max_hp_per_floor":[82,82,82,82,82,82,82,82,82,82,76,76,76,76,76,76,76,76,76,76,76,76,76,76,76,76,76,76],"card_choices":[{"not_picked":["Static Discharge","Sweeping Beam"],"picked":"Go for the Eyes","floor":1},{"not_picked":["Compile Driver","Turbo"],"picked":"Rebound","floor":4},{"not_picked":["Hologram","BootSequence"],"picked":"Defragment","floor":5},{"not_picked":["Turbo","Redo"],"picked":"White Noise","floor":7},{"not_picked":["Barrage","Force Field"],"picked":"Steam","floor":8},{"not_picked":["Streamline","Force Field"],"picked":"Cold Snap","floor":12},{"not_picked":["Stack","Coolheaded"],"picked":"Conserve Battery","floor":13},{"not_picked":["Barrage","Double Energy"],"picked":"Stack","floor":14},{"not_picked":["All For One","Hyperbeam"],"picked":"Echo Form","floor":16},{"not_picked":["Go for the Eyes+1","Rebound"],"picked":"Leap","floor":18},{"not_picked":["Cold Snap","Coolheaded+1","Stack"],"picked":"Conserve Battery","floor":21},{"not_picked":["FTL","Beam Cell","Double Energy"],"picked":"Undo+1","floor":22},{"not_picked":["Sweeping Beam","Barrage","Static Discharge+1"],"picked":"Electrodynamics","floor":24},{"not_picked":["Lockon+1","Reprogram","Compile Driver"],"picked":"Redo","floor":27}],"player_experience":468920,"relics_obtained":[{"floor":8,"key":"Odd Mushroom"},{"floor":9,"key":"DataDisk"},{"floor":12,"key":"Regal Pillow"},{"floor":24,"key":"Darkstone Periapt"},{"floor":24,"key":"Tiny Chest"},{"floor":26,"key":"Ancient Tea Set"},{"floor":27,"key":"Smiling Mask"},{"floor":27,"key":"PreservedInsect"}],"event_choices":[{"damage_healed":0,"gold_gain":0,"player_choice":"Grow","damage_taken":0,"max_hp_gain":0,"max_hp_loss":0,"event_name":"Living Wall","floor":2,"gold_loss":0,"cards_upgraded":["Zap"]},{"damage_healed":0,"gold_gain":0,"player_choice":"Fought Mushrooms","damage_taken":0,"max_hp_gain":0,"max_hp_loss":0,"event_name":"Mushrooms","floor":8,"gold_loss":0},{"damage_healed":0,"gold_gain":0,"player_choice":"Lose Max HP","damage_taken":0,"relics_obtained":["Golden Idol"],"max_hp_gain":0,"max_hp_loss":6,"event_name":"Golden Idol","floor":11,"gold_loss":0},{"damage_healed":0,"gold_gain":0,"player_choice":"Stole Relic","damage_taken":0,"relics_obtained":["StoneCalendar"],"max_hp_gain":0,"max_hp_loss":0,"event_name":"Addict","floor":19,"gold_loss":0,"cards_obtained":["Shame"]}],"is_beta":false,"boss_relics":[{"not_picked":["Runic Pyramid","Cursed Key"],"picked":"Black Star"}],"items_purged_floors":[20],"is_endless":false,"potions_floor_spawned":[1,5,13,14,16,21,22,24],"killed_by":"Centurion and Healer","ascension_level":2}