{"gold_per_floor":[114,289,289,289,304,304,320,334,334,334,353,370,405,466,466,466],"floor_reached":16,"playtime":896,"items_purged":[],"score":104,"play_id":"a89b9874-a80a-4808-bc44-91b8e12e0cbe","local_time":"20190404140928","is_ascension_mode":false,"campfire_choices":[{"data":"Zap","floor":6,"key":"SMITH"},{"data":"Streamline","floor":10,"key":"SMITH"},{"data":"Capacitor","floor":15,"key":"SMITH"}],"neow_cost":"NONE","seed_source_timestamp":1139521898227300,"circlet_count":0,"master_deck":["Strike_B","Strike_B","Strike_B","Strike_B","Defend_B","Defend_B","Defend_B","Defend_B","Zap+1","Dualcast","Consume+1","Doubt","Turbo","Conserve Battery","Streamline+1","Go for the Eyes","White Noise","Auto Shields","Genetic Algorithm","Capacitor+1"],"relics":["Cracked Core","Bronze Scales","Meat on the Bone","Shuriken","Kunai"],"potions_floor_usage":[13,14,16],"damage_taken":[{"damage":1,"enemies":"Jaw Worm","floor":1,"turns":3},{"damage":0,"enemies":"Small Slimes","floor":3,"turns":3},{"damage":1,"enemies":"Cultist","floor":5,"turns":3},{"damage":8,"enemies":"Large Slime","floor":7,"turns":6},{"damage":12,"enemies":"Exordium Thugs","floor":8,"turns":4},{"damage":8,"enemies":"3 Louse","floor":11,"turns":3},{"damage":5,"enemies":"Blue Slaver","floor":12,"turns":3},{"damage":31,"enemies":"Lagavulin","floor":13,"turns":5},{"damage":17,"enemies":"3 Sentries","floor":14,"turns":5},{"damage":19,"enemies":"The Guardian","floor":16,"turns":4}],"seed_played":"3015282541618005696","potions_obtained":[{"floor":5,"key":"SteroidPotion"},{"floor":8,"key":"FocusPotion"},{"floor":14,"key":"Fire Potion"}],"is_trial":false,"path_per_floor":["M","?","M","?","M","R","M","M","T","R","M","M","E","?","R","B"],"character_chosen":"DEFECT","items_purchased":[],"campfire_rested":0,"item_purchase_floors":[],"current_hp_per_floor":[74,74,74,74,73,73,65,53,53,53,45,40,21,16,16,0],"gold":466,"neow_bonus":"RANDOM_COMMON_RELIC","is_prod":false,"is_daily":false,"chose_seed":false,"campfire_upgraded":3,"win_rate":0.0,"timestamp":1554379768,"path_taken":["M","?","M","?","?","R","M","M","T","R","M","M","E","?","R","BOSS"],"build_version":"2019-01-23","purchased_purges":0,"victory":false,"max_hp_per_floor":[75,75,75,75,75,75,75,75,75,75,75,75,75,75,75,75],"card_choices":[{"not_picked":["Turbo","Static Discharge"],"picked":"Consume","floor":1},{"not_picked":["Leap","Rip and Tear"],"picked":"Turbo","floor":3},{"not_picked":["Sweeping Beam","Barrage"],"picked":"Conserve Battery","floor":5},{"not_picked":["Chill","Darkness"],"picked":"Streamline","floor":7},{"not_picked":["Heatsinks","Sweeping Beam"],"picked":"Go for the Eyes","floor":8},{"not_picked":["Ball Lightning","Static Discharge"],"picked":"White Noise","floor":11},{"not_picked":["Cold Snap","Leap"],"picked":"Auto Shields","floor":12},{"not_picked":["Heatsinks","Tempest"],"picked":"Genetic Algorithm","floor":13},{"not_picked":["Barrage","Go for the Eyes"],"picked":"Capacitor","floor":14}],"player_experience":35021,"relics_obtained":[{"floor":9,"key":"Meat on the Bone"},{"floor":13,"key":"Shuriken"},{"floor":14,"key":"Kunai"}],"event_choices":[{"damage_healed":0,"gold_gain":175,"player_choice":"AGREE","damage_taken":0,"max_hp_gain":0,"max_hp_loss":0,"event_name":"Liars Game","floor":2,"gold_loss":0,"cards_obtained":["Doubt"]},{"damage_healed":0,"gold_gain":0,"player_choice":"Upgraded","damage_taken":0,"max_hp_gain":0,"max_hp_loss":0,"event_name":"Upgrade Shrine","floor":4,"gold_loss":0,"cards_upgraded":["Consume"]},{"damage_healed":0,"gold_gain":30,"player_choice":"Searched \u00272\u0027 times","damage_taken":0,"max_hp_gain":0,"max_hp_loss":0,"event_name":"Dead Adventurer","floor":14,"gold_loss":0}],"is_beta":false,"boss_relics":[],"items_purged_floors":[],"is_endless":false,"potions_floor_spawned":[5,8,14],"killed_by":"The Guardian","ascension_level":0}