{"gold_per_floor":[119,119,294,23,34,34,34,59,59,77,77,89,122,132,132,132],"floor_reached":16,"playtime":779,"items_purged":["Regret"],"score":187,"play_id":"90ef29e8-3f9e-4ef1-b117-f5c85798d2a6","local_time":"20190306184838","is_ascension_mode":true,"campfire_choices":[{"data":"Fiend Fire","floor":6,"key":"SMITH"},{"data":"Burning Pact","floor":11,"key":"SMITH"},{"data":"Warcry","floor":15,"key":"SMITH"}],"neow_cost":"CURSE","seed_source_timestamp":0,"circlet_count":0,"master_deck":["AscendersBane","Strike_R","Strike_R","Strike_R","Strike_R","Strike_R","Defend_R+1","Defend_R","Defend_R","Defend_R","Bash+1","Fiend Fire+1","Twin Strike+1","Doubt","Thinking Ahead","Cleave","Burning Pact+1","Twin Strike","Feel No Pain","Warcry+1"],"special_seed":0,"relics":["Burning Blood","Charon\u0027s Ashes","Shuriken","Sundial"],"potions_floor_usage":[16,16],"damage_taken":[{"damage":0.0,"enemies":"2 Louse","floor":1.0,"turns":2.0},{"damage":2,"enemies":"Jaw Worm","floor":5,"turns":3},{"damage":16,"enemies":"Gremlin Nob","floor":8,"turns":3},{"damage":0,"enemies":"Cultist","floor":10,"turns":2},{"damage":0,"enemies":"Exordium Wildlife","floor":12,"turns":2},{"damage":36,"enemies":"Lagavulin","floor":13,"turns":8},{"damage":3,"enemies":"Blue Slaver","floor":14,"turns":3},{"damage":39,"enemies":"Hexaghost","floor":16,"turns":10}],"seed_played":"-3078144963514653587","potions_obtained":[{"floor":1.0,"key":"SpeedPotion"},{"floor":12,"key":"Poison Potion"},{"floor":14,"key":"Block Potion"}],"is_trial":false,"path_per_floor":["M","?","?","$","M","R","?","E","T","M","R","M","E","M","R","B"],"character_chosen":"IRONCLAD","items_purchased":["Thinking Ahead"],"campfire_rested":0,"item_purchase_floors":[4],"current_hp_per_floor":[74,59,59,59,63,63,63,53,53,59,59,65,35,38,38,0],"gold":132,"neow_bonus":"THREE_RARE_CARDS","is_prod":false,"is_daily":false,"chose_seed":false,"campfire_upgraded":3,"win_rate":0,"timestamp":1551898118,"path_taken":["M","?","?","$","M","R","?","E","T","M","R","M","E","M","R","BOSS"],"build_version":"2019-01-23","purchased_purges":1,"victory":false,"max_hp_per_floor":[75,75,75,75,75,75,75,75,75,75,75,75,75,75,75,75],"card_choices":[{"not_picked":["Limit Break","Dark Embrace"],"picked":"Fiend Fire","floor":0.0},{"not_picked":["Searing Blow","True Grit"],"picked":"Twin Strike","floor":1.0},{"not_picked":["Thunderclap","Blood for Blood"],"picked":"Cleave","floor":5},{"not_picked":["Wild Strike","Second Wind"],"picked":"Burning Pact","floor":8},{"not_picked":["Seeing Red","Headbutt"],"picked":"Twin Strike","floor":10},{"not_picked":["Twin Strike","Pommel Strike"],"picked":"Feel No Pain","floor":12},{"not_picked":["Second Wind","Berserk"],"picked":"Warcry","floor":13},{"not_picked":["Perfected Strike","Headbutt","Iron Wave"],"picked":"SKIP","floor":14}],"player_experience":1517452,"relics_obtained":[{"floor":8,"key":"Charon\u0027s Ashes"},{"floor":9,"key":"Shuriken"},{"floor":13,"key":"Sundial"}],"event_choices":[{"damage_healed":0.0,"max_hp_gain":0.0,"max_hp_loss":0.0,"gold_gain":0.0,"event_name":"Shining Light","player_choice":"Entered Light","floor":2.0,"gold_loss":0.0,"damage_taken":15.0,"cards_upgraded":["Defend_R","Twin Strike"]},{"damage_healed":0.0,"max_hp_gain":0.0,"max_hp_loss":0.0,"gold_gain":175.0,"event_name":"Liars Game","player_choice":"AGREE","floor":3.0,"gold_loss":0.0,"damage_taken":0.0,"cards_obtained":["Doubt"]},{"damage_healed":0,"gold_gain":0,"player_choice":"Forge","damage_taken":0,"max_hp_gain":0,"max_hp_loss":0,"event_name":"Accursed Blacksmith","floor":7,"gold_loss":0,"cards_upgraded":["Bash"]}],"is_beta":false,"boss_relics":[],"items_purged_floors":[4],"is_endless":false,"potions_floor_spawned":[1,12,14],"killed_by":"Hexaghost","ascension_level":14}