{"gold_per_floor":[109,135,135,148,162,188,188,188,188,188,217,236,270,270,270,270],"floor_reached":16,"playtime":722,"items_purged":[],"score":230,"play_id":"4308a4d6-e1d3-4587-bde2-eee1e11e2037","local_time":"20190506101511","is_ascension_mode":true,"campfire_choices":[{"data":"Bash","floor":7.0,"key":"SMITH"},{"floor":10.0,"key":"REST"},{"floor":15,"key":"REST"}],"neow_cost":"PERCENT_DAMAGE","seed_source_timestamp":0,"circlet_count":0,"master_deck":["AscendersBane","Strike_R","Strike_R","Strike_R","Strike_R","Strike_R","Defend_R","Defend_R","Defend_R","Defend_R","Bash+1","Whirlwind","Decay","Rampage","Carnage","Flame Barrier","Impervious","Headbutt","Spot Weakness"],"special_seed":0,"relics":["Burning Blood","Calipers","Bag of Marbles","Question Card","CultistMask","Blue Candle","Happy Flower","Nunchaku"],"potions_floor_usage":[13],"damage_taken":[{"damage":1.0,"enemies":"Cultist","floor":1.0,"turns":3.0},{"damage":17.0,"enemies":"Small Slimes","floor":4.0,"turns":3.0},{"damage":0.0,"enemies":"2 Louse","floor":5.0,"turns":1.0},{"damage":8.0,"enemies":"Gremlin Nob","floor":6.0,"turns":3.0},{"damage":39.0,"enemies":"3 Sentries","floor":11.0,"turns":4.0},{"damage":13.0,"enemies":"Gremlin Gang","floor":12.0,"turns":3.0},{"damage":9,"enemies":"Gremlin Nob","floor":13,"turns":4},{"damage":49,"enemies":"Hexaghost","floor":16,"turns":9}],"seed_played":"443174201446293828","potions_obtained":[{"floor":1.0,"key":"Energy Potion"},{"floor":4.0,"key":"LiquidBronze"},{"floor":6.0,"key":"Explosive Potion"},{"floor":11.0,"key":"Fire Potion"}],"is_trial":false,"path_per_floor":["M","T","?","M","M","E","R","?","T","R","E","M","E","?","R","B"],"character_chosen":"IRONCLAD","items_purchased":[],"campfire_rested":2,"item_purchase_floors":[],"current_hp_per_floor":[55,55,55,44,50,48,48,48,48,70,37,30,27,27,49,0],"gold":270,"neow_bonus":"ONE_RARE_RELIC","is_prod":false,"is_daily":false,"chose_seed":false,"campfire_upgraded":1,"win_rate":0,"timestamp":1557162911,"path_taken":["M","?","?","M","?","E","R","?","T","R","E","?","E","?","R","BOSS"],"build_version":"2019-01-23","purchased_purges":0,"victory":false,"max_hp_per_floor":[75,75,75,75,75,75,75,75,75,75,75,75,75,75,75,75],"card_choices":[{"not_picked":["Reckless Charge","Intimidate"],"picked":"Whirlwind","floor":1.0},{"not_picked":["Infernal Blade","Sword Boomerang"],"picked":"Rampage","floor":4.0},{"not_picked":["Iron Wave","True Grit"],"picked":"Carnage","floor":5.0},{"not_picked":["True Grit","Havoc"],"picked":"Flame Barrier","floor":6.0},{"not_picked":["Heavy Blade","Clash","Combust"],"picked":"Impervious","floor":11.0},{"not_picked":["Wild Strike","Bloodletting","Flex"],"picked":"Headbutt","floor":12.0},{"not_picked":["Clash","Heavy Blade","Searing Blow"],"picked":"Spot Weakness","floor":13}],"player_experience":557441,"relics_obtained":[{"floor":2.0,"key":"Bag of Marbles"},{"floor":6.0,"key":"Question Card"},{"floor":9.0,"key":"Blue Candle"},{"floor":11.0,"key":"Happy Flower"},{"floor":13,"key":"Nunchaku"}],"event_choices":[{"damage_healed":0.0,"max_hp_gain":0.0,"max_hp_loss":0.0,"gold_gain":0.0,"event_name":"Wheel of Change","player_choice":"Cursed","floor":3.0,"gold_loss":0.0,"damage_taken":0.0,"cards_obtained":["Decay"]},{"damage_healed":0.0,"max_hp_gain":0.0,"max_hp_loss":0.0,"gold_gain":0.0,"event_name":"FaceTrader","player_choice":"Trade","floor":8.0,"gold_loss":0.0,"damage_taken":0.0,"relics_obtained":["CultistMask"]},{"damage_healed":0,"gold_gain":0,"player_choice":"Ignored","damage_taken":0,"max_hp_gain":0,"max_hp_loss":0,"event_name":"Shining Light","floor":14,"gold_loss":0}],"is_beta":false,"boss_relics":[],"items_purged_floors":[],"is_endless":false,"potions_floor_spawned":[1,4,6,11],"killed_by":"Hexaghost","ascension_level":19}