{"gold_per_floor":[116,133,6,22,22,57,57,7,32,132,132,157,157,170,170,295,295,273,288,33,54,69,109,109,153,176,176,176,190,190,42,42,165,165,180,205,6,6],"floor_reached":38,"playtime":1970,"items_purged":["Strike_G"],"score":464,"play_id":"7be4cc22-ab05-44dc-aae0-078a50d411c7","local_time":"20181116211533","is_ascension_mode":false,"campfire_choices":[{"floor":7,"key":"REST"},{"data":"Catalyst","floor":11,"key":"SMITH"},{"data":"Catalyst","floor":13,"key":"SMITH"},{"data":"Deadly Poison","floor":15,"key":"SMITH"},{"floor":24,"key":"REST"},{"floor":27,"key":"REST"},{"data":"Bullet Time","floor":30,"key":"SMITH"},{"data":"Footwork","floor":32,"key":"SMITH"}],"neow_cost":"NONE","seed_source_timestamp":270986472035266,"circlet_count":0,"master_deck":["Defend_G","Defend_G","Defend_G","Defend_G","Defend_G","Strike_G","Strike_G","Strike_G","Survivor","Neutralize","Blade Dance","Catalyst+1","Deadly Poison+1","Poisoned Stab","Footwork+1","Catalyst+1","Bullet Time+1","Quick Slash","Outmaneuver","Quick Slash+1","Tools of the Trade","Quick Slash+1","Prepared"],"relics":["Ring of the Snake","NeowsBlessing","Golden Idol","Happy Flower","PreservedInsect","Eternal Feather","Letter Opener","Thread and Needle","Darkstone Periapt","Omamori","Orichalcum","Black Star","MawBank"],"potions_floor_usage":[6,21,21,23,29,29,33],"damage_taken":[{"damage":0,"enemies":"Small Slimes","floor":1,"turns":1},{"damage":0,"enemies":"Cultist","floor":2,"turns":1},{"damage":0,"enemies":"2 Louse","floor":4,"turns":1},{"damage":30,"enemies":"3 Sentries","floor":6,"turns":8},{"damage":0,"enemies":"2 Fungi Beasts","floor":12,"turns":4},{"damage":2,"enemies":"Looter","floor":14,"turns":2},{"damage":0,"enemies":"Slime Boss","floor":16,"turns":6},{"damage":23,"enemies":"2 Thieves","floor":18,"turns":5},{"damage":0,"enemies":"Chosen","floor":19,"turns":4},{"damage":10,"enemies":"Centurion and Healer","floor":21,"turns":6},{"damage":0,"enemies":"Snake Plant","floor":22,"turns":2},{"damage":34,"enemies":"Gremlin Leader","floor":23,"turns":3},{"damage":20,"enemies":"Book of Stabbing","floor":25,"turns":5},{"damage":0,"enemies":"Snecko","floor":29,"turns":3},{"damage":33,"enemies":"Collector","floor":33,"turns":5},{"damage":0,"enemies":"3 Shapes","floor":35,"turns":4},{"damage":43,"enemies":"3 Darklings","floor":36,"turns":8},{"damage":26,"enemies":"Spire Growth","floor":38,"turns":3}],"seed_played":"9076829555327212508","potions_obtained":[{"floor":1,"key":"LiquidBronze"},{"floor":18,"key":"Fire Potion"},{"floor":19,"key":"Regen Potion"},{"floor":21,"key":"Swift Potion"},{"floor":28,"key":"SteroidPotion"},{"floor":28,"key":"Energy Potion"},{"floor":28,"key":"PowerPotion"},{"floor":35,"key":"Ancient Potion"}],"is_trial":false,"path_per_floor":["M","M","$","M","?","E","R","?","T","?","R","M","R","M","R","B",null,"M","M","$","M","M","E","R","E","T","R","?","M","R","$","R","B",null,"M","M","$","M"],"character_chosen":"THE_SILENT","items_purchased":["Deadly Poison","Letter Opener","Orichalcum","MawBank","Prepared"],"campfire_rested":3,"item_purchase_floors":[3,20,31,37,37],"current_hp_per_floor":[70,70,70,70,65,35,54,54,54,54,54,54,54,52,52,52,65,42,42,42,47,47,13,41,21,21,52,52,52,64,64,65,32,65,65,22,22,0],"gold":6,"neow_bonus":"THREE_ENEMY_KILL","is_prod":false,"is_daily":false,"chose_seed":false,"campfire_upgraded":5,"win_rate":0,"timestamp":1542399333,"path_taken":["M","M","$","M","?","E","R","?","T","?","R","?","R","M","R","BOSS","M","M","$","M","M","E","R","E","T","R","?","M","R","$","R","BOSS","M","M","$","M"],"build_version":"2018-11-15","purchased_purges":1,"victory":false,"max_hp_per_floor":[70,70,70,70,65,65,65,65,65,65,65,65,65,65,65,65,65,65,65,65,65,65,65,65,65,65,65,65,65,65,65,65,65,65,65,65,65,65],"card_choices":[{"not_picked":["Footwork","PiercingWail"],"picked":"Blade Dance","floor":1},{"not_picked":["Bane","Malaise"],"picked":"Catalyst","floor":2},{"not_picked":["Accuracy","Infinite Blades"],"picked":"Poisoned Stab","floor":4},{"not_picked":["Storm of Steel","Heel Hook"],"picked":"Footwork","floor":6},{"not_picked":["Deflect","Riddle With Holes"],"picked":"Catalyst","floor":12},{"not_picked":["Skewer","Dagger Throw","Predator"],"picked":"SKIP","floor":14},{"not_picked":["Grand Finale","A Thousand Cuts"],"picked":"Bullet Time","floor":16},{"not_picked":["Concentrate","Bane"],"picked":"Quick Slash","floor":18},{"not_picked":["Tactician","Slice"],"picked":"Outmaneuver","floor":19},{"not_picked":["Reflex","Endless Agony","PiercingWail"],"picked":"SKIP","floor":21},{"not_picked":["Accuracy+1","Blade Dance","Outmaneuver"],"picked":"SKIP","floor":22},{"not_picked":["Finisher","Blade Dance","Choke+1"],"picked":"SKIP","floor":23},{"not_picked":["Setup","Envenom"],"picked":"Quick Slash+1","floor":25},{"not_picked":["Slice","Sucker Punch+1","Dagger Throw"],"picked":"SKIP","floor":29},{"not_picked":["Unload","Wraith Form v2"],"picked":"Tools of the Trade","floor":33},{"not_picked":["Heel Hook","Reflex"],"picked":"Quick Slash+1","floor":35},{"not_picked":["Cloak And Dagger","Masterful Stab","Dagger Throw+1"],"picked":"SKIP","floor":36}],"player_experience":205001,"relics_obtained":[{"floor":6,"key":"Happy Flower"},{"floor":9,"key":"PreservedInsect"},{"floor":23,"key":"Thread and Needle"},{"floor":25,"key":"Darkstone Periapt"},{"floor":26,"key":"Omamori"}],"event_choices":[{"damage_healed":0,"gold_gain":0,"player_choice":"Lose Max HP","damage_taken":0,"relics_obtained":["Golden Idol"],"max_hp_gain":0,"max_hp_loss":5,"event_name":"Golden Idol","floor":5,"gold_loss":0},{"cards_removed":["Strike_G"],"damage_healed":0,"gold_gain":0,"player_choice":"Card Removal","damage_taken":0,"max_hp_gain":0,"max_hp_loss":0,"event_name":"The Cleric","floor":8,"gold_loss":50},{"damage_healed":0,"gold_gain":100,"player_choice":"Pray","damage_taken":0,"max_hp_gain":0,"max_hp_loss":0,"event_name":"Golden Shrine","floor":10,"gold_loss":0},{"damage_healed":0,"gold_gain":0,"player_choice":"Got Potions","damage_taken":0,"max_hp_gain":0,"max_hp_loss":0,"event_name":"Lab","floor":28,"gold_loss":0}],"is_beta":false,"boss_relics":[{"not_picked":["Velvet Choker","Calling Bell"],"picked":"Eternal Feather"},{"not_picked":["Runic Pyramid","Cursed Key"],"picked":"Black Star"}],"items_purged_floors":[3],"is_endless":false,"potions_floor_spawned":[1,18,19,21,35],"killed_by":"Spire Growth","ascension_level":0}