{"gold_per_floor":[10,185,11,31,31,62,62,97,97,45,59,59,76,92,92,169,169,189,189,189,189,223,223,223,243,243,272,272,292,292,136,136,136],"floor_reached":33,"playtime":1732,"items_purged":["Doubt"],"score":520,"play_id":"30e01211-d363-49df-a372-002c53f6f3c8","local_time":"20190226185634","is_ascension_mode":true,"campfire_choices":[{"floor":12,"key":"REST"},{"floor":15,"key":"REST"},{"floor":24,"key":"REST"},{"floor":28,"key":"REST"},{"floor":30,"key":"REST"},{"floor":32,"key":"REST"}],"neow_cost":"NO_GOLD","seed_source_timestamp":343326838090741,"circlet_count":0,"master_deck":["AscendersBane","Strike_R","Strike_R","Strike_R","Strike_R","Defend_R","Defend_R","Defend_R","Defend_R+1","Bash","Madness","Trip","Pommel Strike","Inflame","Thunderclap","Sword Boomerang","Rampage+1","Limit Break","Cleave","Exhume","Battle Trance"],"relics":["Burning Blood","Pear","Gremlin Horn","Singing Bowl","Runic Cube","Magic Flower","Red Mask","Pen Nib","Centennial Puzzle","Happy Flower"],"potions_floor_usage":[8,22,23],"damage_taken":[{"damage":7,"enemies":"2 Louse","floor":1,"turns":3},{"damage":0,"enemies":"Small Slimes","floor":4,"turns":3},{"damage":25,"enemies":"Lagavulin","floor":6,"turns":7},{"damage":24,"enemies":"Gremlin Nob","floor":8,"turns":4},{"damage":7,"enemies":"Jaw Worm","floor":11,"turns":2},{"damage":16,"enemies":"Blue Slaver","floor":13,"turns":3},{"damage":6,"enemies":"2 Fungi Beasts","floor":14,"turns":4},{"damage":55,"enemies":"Hexaghost","floor":16,"turns":8},{"damage":25,"enemies":"Chosen","floor":18,"turns":5},{"damage":57,"enemies":"Masked Bandits","floor":22,"turns":5},{"damage":0,"enemies":"Book of Stabbing","floor":23,"turns":1},{"damage":21,"enemies":"3 Byrds","floor":25,"turns":5},{"damage":39,"enemies":"Gremlin Leader","floor":27,"turns":6},{"damage":48,"enemies":"Snecko","floor":29,"turns":6},{"damage":87,"enemies":"Champ","floor":33,"turns":7}],"seed_played":"4569391252050938161","potions_obtained":[{"floor":6,"key":"SteroidPotion"},{"floor":13,"key":"Energy Potion"},{"floor":14,"key":"FairyPotion"},{"floor":22,"key":"SmokeBomb"}],"is_trial":false,"path_per_floor":["M","?","$","M","?","E","?","E","T","$","M","R","M","M","R","B",null,"M","?","?","?","?","E","R","M","T","E","R","M","R","$","R","B"],"character_chosen":"IRONCLAD","items_purchased":["Inflame","Thunderclap","Cleave","Happy Flower"],"campfire_rested":6,"item_purchase_floors":[3,3,10,31],"current_hp_per_floor":[67,67,67,73,66,57,40,22,22,22,23,49,41,43,70,21,74,57,57,57,57,25,34,62,52,52,24,53,16,46,46,76,0],"gold":136,"neow_bonus":"RANDOM_COLORLESS_2","is_prod":false,"is_daily":false,"chose_seed":false,"campfire_upgraded":0,"win_rate":0,"timestamp":1551207394,"path_taken":["M","?","$","M","?","E","?","E","T","?","?","R","M","M","R","BOSS","M","?","?","?","?","E","R","M","T","E","R","M","R","$","R","BOSS"],"build_version":"2019-01-23","purchased_purges":1,"victory":false,"max_hp_per_floor":[75,75,75,75,75,85,85,85,85,85,87,87,89,91,91,91,91,93,93,93,93,95,95,95,97,97,99,99,101,101,101,101,101],"card_choices":[{"not_picked":["Anger","Body Slam"],"picked":"Pommel Strike","floor":1},{"not_picked":["Flex","Blood for Blood"],"picked":"Sword Boomerang","floor":4},{"not_picked":["Flex","Havoc"],"picked":"Rampage","floor":6},{"not_picked":["Body Slam","Uppercut"],"picked":"Limit Break","floor":8},{"not_picked":["Armaments","Pommel Strike","Warcry"],"picked":"Singing Bowl","floor":11},{"not_picked":["Searing Blow","Body Slam","Evolve"],"picked":"Singing Bowl","floor":13},{"not_picked":["Wild Strike","Thunderclap","Clash"],"picked":"Singing Bowl","floor":14},{"not_picked":["Barricade","Dark Embrace"],"picked":"Exhume","floor":16},{"not_picked":["Iron Wave","Feel No Pain","Heavy Blade"],"picked":"Singing Bowl","floor":18},{"not_picked":["Thunderclap","Corruption","Anger"],"picked":"Singing Bowl","floor":22},{"not_picked":["Wild Strike","Entrench","Exhume"],"picked":"Singing Bowl","floor":25},{"not_picked":["Dual Wield+1","True Grit","Shrug It Off"],"picked":"Singing Bowl","floor":27},{"not_picked":["Body Slam","Clash","Sentinel+1"],"picked":"Singing Bowl","floor":29}],"player_experience":1478485,"relics_obtained":[{"floor":6,"key":"Pear"},{"floor":8,"key":"Gremlin Horn"},{"floor":9,"key":"Singing Bowl"},{"floor":22,"key":"Red Mask"},{"floor":26,"key":"Pen Nib"},{"floor":27,"key":"Centennial Puzzle"}],"event_choices":[{"damage_healed":0,"gold_gain":175,"player_choice":"AGREE","damage_taken":0,"max_hp_gain":0,"max_hp_loss":0,"event_name":"Liars Game","floor":2,"gold_loss":0,"cards_obtained":["Doubt"]},{"cards_removed":["Strike_R"],"damage_healed":0,"gold_gain":0,"player_choice":"Card Removal","damage_taken":7,"max_hp_gain":0,"max_hp_loss":0,"event_name":"Golden Wing","floor":5,"gold_loss":0},{"damage_healed":0,"gold_gain":0,"player_choice":"Entered Light","damage_taken":17,"max_hp_gain":0,"max_hp_loss":0,"event_name":"Shining Light","floor":7,"gold_loss":0,"cards_upgraded":["Rampage","Defend_R"]},{"damage_healed":0,"gold_gain":0,"player_choice":"Opened","damage_taken":0,"relics_obtained":["Magic Flower"],"max_hp_gain":0,"max_hp_loss":0,"event_name":"The Mausoleum","floor":19,"gold_loss":0},{"damage_healed":0,"gold_gain":0,"player_choice":"Ignored","damage_taken":0,"max_hp_gain":0,"max_hp_loss":0,"event_name":"Vampires","floor":20,"gold_loss":0},{"damage_healed":0,"gold_gain":0,"player_choice":"Read","damage_taken":0,"max_hp_gain":0,"max_hp_loss":0,"event_name":"The Library","floor":21,"gold_loss":0,"cards_obtained":["Battle Trance"]},{"damage_healed":0,"gold_gain":0,"player_choice":"Fought Bandits","damage_taken":0,"max_hp_gain":0,"max_hp_loss":0,"event_name":"Masked Bandits","floor":22,"gold_loss":0}],"is_beta":false,"boss_relics":[{"not_picked":["Snecko Eye","Philosopher\u0027s Stone"],"picked":"Runic Cube"}],"items_purged_floors":[3],"is_endless":false,"potions_floor_spawned":[6,13,14,16,18,22],"killed_by":"Champ","ascension_level":14}