{"gold_per_floor":[116,116,116,126,126,126,142,170,222,237,237,257,257,257,257,257],"floor_reached":16,"playtime":526,"items_purged":[],"score":100,"play_id":"4185d578-98b4-47a0-9fe4-b4aae335aafd","local_time":"20181204215350","is_ascension_mode":false,"campfire_choices":[{"data":"Flame Barrier","floor":6,"key":"SMITH"},{"data":"Pommel Strike","floor":11,"key":"SMITH"},{"data":"Barricade","floor":13,"key":"SMITH"},{"data":"Bash","floor":15,"key":"SMITH"}],"neow_cost":"NONE","seed_source_timestamp":225667235228880,"circlet_count":0,"master_deck":["Strike_R","Strike_R","Strike_R","Strike_R","Strike_R","Defend_R","Defend_R","Defend_R","Defend_R","Bash+1","Flame Barrier+1","Pommel Strike+1","Barricade+1"],"relics":["Burning Blood","Boot","Oddly Smooth Stone","Potion Belt"],"potions_floor_usage":[4,8,8,8,8,8,8,12],"damage_taken":[{"damage":12,"enemies":"Small Slimes","floor":1,"turns":4},{"damage":0,"enemies":"Cultist","floor":4,"turns":2},{"damage":0,"enemies":"2 Louse","floor":7,"turns":4},{"damage":14,"enemies":"Gremlin Nob","floor":8,"turns":4},{"damage":5,"enemies":"Exordium Wildlife","floor":10,"turns":5},{"damage":11,"enemies":"Large Slime","floor":12,"turns":3},{"damage":49,"enemies":"Slime Boss","floor":16,"turns":7}],"seed_played":"-5541519251095212477","potions_obtained":[{"floor":0,"key":"LiquidBronze"},{"floor":0,"key":"SteroidPotion"},{"floor":0,"key":"EntropicBrew"},{"floor":7,"key":"SkillPotion"},{"floor":8,"key":"PowerPotion"}],"is_trial":false,"path_per_floor":["M","?","?","M","$","R","M","E","T","M","R","M","R","?","R","B"],"character_chosen":"IRONCLAD","items_purchased":[],"campfire_rested":0,"item_purchase_floors":[],"current_hp_per_floor":[74,79,79,85,85,85,85,77,77,78,78,73,73,48,48,0],"gold":257,"neow_bonus":"THREE_SMALL_POTIONS","is_prod":false,"is_daily":false,"chose_seed":false,"campfire_upgraded":4,"win_rate":0,"timestamp":1543956830,"path_taken":["M","?","?","M","$","R","M","E","T","M","R","?","R","?","R","BOSS"],"build_version":"2018-11-15","purchased_purges":0,"victory":false,"max_hp_per_floor":[80,85,85,85,85,85,85,85,85,85,85,85,85,85,85,85],"card_choices":[{"not_picked":["Sword Boomerang","Rage"],"picked":"Flame Barrier","floor":1},{"not_picked":["Dual Wield","Infernal Blade","Headbutt"],"picked":"SKIP","floor":4},{"not_picked":["True Grit","Wild Strike","Thunderclap"],"picked":"SKIP","floor":7},{"not_picked":["Burning Pact","Rupture","Twin Strike"],"picked":"SKIP","floor":8},{"not_picked":["Carnage","Twin Strike"],"picked":"Pommel Strike","floor":10},{"not_picked":["Metallicize","Pommel Strike"],"picked":"Barricade","floor":12}],"player_experience":349608,"relics_obtained":[{"floor":8,"key":"Boot"},{"floor":9,"key":"Oddly Smooth Stone"}],"event_choices":[{"damage_healed":0,"gold_gain":0,"player_choice":"Donut","damage_taken":0,"max_hp_gain":5,"max_hp_loss":0,"event_name":"Big Fish","floor":2,"gold_loss":0},{"damage_healed":0,"gold_gain":0,"player_choice":"Ignored","damage_taken":0,"max_hp_gain":0,"max_hp_loss":0,"event_name":"WeMeetAgain","floor":3,"gold_loss":0},{"damage_healed":0,"gold_gain":0,"player_choice":"Success","damage_taken":25,"relics_obtained":["Potion Belt"],"max_hp_gain":0,"max_hp_loss":0,"event_name":"Scrap Ooze","floor":14,"gold_loss":0}],"is_beta":false,"boss_relics":[],"items_purged_floors":[],"is_endless":false,"potions_floor_spawned":[7,8],"killed_by":"Slime Boss","ascension_level":0}