{"gold_per_floor":[114,130,230,240,256,287,299,332,332,332,365,365,365,388,388,491,491,504,504,17,17,28,55,70,70,70,102,102,121,121,136,136,232,232,244,244,244,244,17,17,33,45,45,45,45,45,63,0,0,0],"floor_reached":51,"playtime":2392,"items_purged":["Normality"],"score":1209,"play_id":"4542e58b-2aa7-4921-93c9-6462ea1bb2d9","local_time":"20190424141659","is_ascension_mode":true,"campfire_choices":[{"floor":10,"key":"REST"},{"floor":13,"key":"REST"},{"data":"Flame Barrier","floor":15,"key":"SMITH"},{"data":"Body Slam","floor":25,"key":"SMITH"},{"data":"Fiend Fire","floor":30,"key":"SMITH"},{"data":"Metallicize","floor":32,"key":"SMITH"},{"data":"Shrug It Off","floor":40,"key":"SMITH"},{"data":"Heavy Blade","floor":44,"key":"SMITH"},{"data":"Inflame","floor":46,"key":"SMITH"},{"data":"Headbutt","floor":49,"key":"SMITH"}],"neow_cost":"NONE","seed_source_timestamp":0,"circlet_count":0,"master_deck":["Strike_R+1","Strike_R+1","Strike_R+1","Strike_R+1","Strike_R+1","Defend_R+1","Defend_R+1","Defend_R+1","Bash+1","Evolve","Shrug It Off+1","Inflame+1","Flame Barrier+1","Spot Weakness+1","Metallicize+1","Flame Barrier+1","Headbutt+1","Shrug It Off+1","Fiend Fire+1","Shockwave+1","Body Slam+1","Iron Wave+1","Metallicize+1","Cleave+1","Iron Wave+1","Juggernaut+1","Parasite","Injury","Body Slam+1","Secret Weapon+1","Dual Wield+1","Heavy Blade+1","Headbutt+1"],"special_seed":0,"relics":["Burning Blood","Toxic Egg 2","Pocketwatch","Pear","Dodecahedron","Ancient Tea Set","Odd Mushroom","Sozu","Frozen Egg 2","Mummified Hand","Pantograph","Darkstone Periapt","Bag of Preparation","Calling Bell","Anchor","Sundial","Charon\u0027s Ashes","Juzu Bracelet","Blue Candle","Red Mask"],"potions_floor_usage":[8,11,14,16,23],"damage_taken":[{"damage":7,"enemies":"Jaw Worm","floor":1,"turns":3},{"damage":0,"enemies":"Cultist","floor":2,"turns":3},{"damage":4,"enemies":"Small Slimes","floor":4,"turns":5},{"damage":18,"enemies":"Blue Slaver","floor":5,"turns":5},{"damage":49,"enemies":"Gremlin Nob","floor":6,"turns":5},{"damage":0,"enemies":"2 Fungi Beasts","floor":7,"turns":6},{"damage":20,"enemies":"3 Sentries","floor":8,"turns":12},{"damage":12,"enemies":"Gremlin Nob","floor":11,"turns":4},{"damage":20,"enemies":"The Mushroom Lair","floor":14,"turns":5},{"damage":14,"enemies":"The Guardian","floor":16,"turns":13},{"damage":0,"enemies":"Chosen","floor":18,"turns":3},{"damage":0,"enemies":"2 Thieves","floor":22,"turns":4},{"damage":15,"enemies":"Gremlin Leader","floor":23,"turns":8},{"damage":0,"enemies":"Snecko","floor":24,"turns":3},{"damage":17,"enemies":"Book of Stabbing","floor":27,"turns":6},{"damage":5,"enemies":"Centurion and Healer","floor":29,"turns":5},{"damage":9,"enemies":"Snake Plant","floor":31,"turns":3},{"damage":43,"enemies":"Collector","floor":33,"turns":11},{"damage":7,"enemies":"Orb Walker","floor":35,"turns":4},{"damage":1,"enemies":"3 Darklings","floor":41,"turns":4},{"damage":0,"enemies":"Sphere and 2 Shapes","floor":42,"turns":3},{"damage":4,"enemies":"Writhing Mass","floor":47,"turns":4},{"damage":33,"enemies":"Time Eater","floor":50,"turns":8}],"seed_played":"770052232097328168","potions_obtained":[{"floor":4,"key":"Dexterity Potion"},{"floor":8,"key":"EssenceOfSteel"},{"floor":11,"key":"PowerPotion"},{"floor":14,"key":"BloodPotion"},{"floor":16,"key":"Energy Potion"}],"is_trial":false,"path_per_floor":["M","M","?","M","M","E","M","E","T","R","E","?","R","?","R","B",null,"M","?","$","?","M","E","M","R","T","E","?","M","R","M","R","B",null,"M","?","?","?","$","R","M","M","T","R","?","R","M","?","R","B",null],"character_chosen":"IRONCLAD","items_purchased":["Frozen Egg 2","Mummified Hand","Juzu Bracelet"],"campfire_rested":2,"item_purchase_floors":[20,20,39],"current_hp_per_floor":[71,77,77,79,67,24,30,16,26,53,47,47,74,60,60,61,83,89,89,89,89,90,81,87,87,87,76,76,77,77,74,74,53,99,98,98,98,98,98,98,103,103,103,103,103,103,103,103,103,76],"gold":0,"neow_bonus":"UPGRADE_CARD","is_prod":false,"is_daily":false,"chose_seed":false,"campfire_upgraded":8,"win_rate":0,"timestamp":1556108219,"path_taken":["M","M","?","?","?","E","M","E","T","R","E","?","R","?","R","BOSS","M","?","?","?","?","E","M","R","T","E","?","M","R","M","R","BOSS","M","?","?","?","$","R","M","M","T","R","?","R","M","?","R","BOSS"],"build_version":"2019-01-23","purchased_purges":1,"victory":true,"max_hp_per_floor":[80,80,80,80,80,80,80,80,90,90,90,90,90,90,90,90,90,90,90,90,90,90,90,90,90,90,90,90,90,90,90,90,90,108,108,108,108,103,103,103,103,103,103,103,103,103,103,103,103,103],"card_choices":[{"not_picked":["Thunderclap","Feel No Pain"],"picked":"Evolve","floor":1},{"not_picked":["Havoc","Carnage"],"picked":"Shrug It Off","floor":2},{"not_picked":["Clash","Shrug It Off"],"picked":"Inflame","floor":4},{"not_picked":["Sword Boomerang","Ghostly Armor"],"picked":"Flame Barrier","floor":5},{"not_picked":["Corruption","Sword Boomerang"],"picked":"Spot Weakness","floor":6},{"not_picked":["Uppercut","Inflame"],"picked":"Metallicize","floor":7},{"not_picked":["Headbutt","Evolve"],"picked":"Flame Barrier+1","floor":8},{"not_picked":["Brutality","Clothesline"],"picked":"Headbutt","floor":11},{"not_picked":["Twin Strike","Pommel Strike"],"picked":"Shrug It Off+1","floor":14},{"not_picked":["Dark Embrace","Berserk"],"picked":"Fiend Fire","floor":16},{"not_picked":["Sever Soul","Body Slam"],"picked":"Shockwave+1","floor":18},{"not_picked":["Searing Blow","Intimidate+1"],"picked":"Body Slam","floor":22},{"not_picked":["Spot Weakness+1","Sword Boomerang","Rupture+1"],"picked":"SKIP","floor":23},{"not_picked":["Sword Boomerang","Warcry+1"],"picked":"Iron Wave+1","floor":24},{"not_picked":["Berserk+1","Seeing Red+1"],"picked":"Metallicize+1","floor":27},{"not_picked":["Armaments+1","Hemokinesis"],"picked":"Cleave+1","floor":29},{"not_picked":["Uppercut","Armaments+1"],"picked":"Iron Wave+1","floor":31},{"not_picked":["Brutality+1","Dark Embrace+1"],"picked":"Juggernaut+1","floor":33},{"not_picked":["Heavy Blade+1","Clash+1"],"picked":"Body Slam+1","floor":35},{"not_picked":["Mind Blast","Dramatic Entrance"],"picked":"Secret Weapon+1","floor":37},{"not_picked":["Wild Strike","Flex+1"],"picked":"Dual Wield+1","floor":41},{"not_picked":["Sword Boomerang","Iron Wave"],"picked":"Heavy Blade","floor":42},{"not_picked":["Iron Wave","Warcry+1"],"picked":"Headbutt+1","floor":47}],"player_experience":363913,"relics_obtained":[{"floor":6,"key":"Toxic Egg 2"},{"floor":8,"key":"Pocketwatch"},{"floor":9,"key":"Pear"},{"floor":11,"key":"Dodecahedron"},{"floor":14,"key":"Odd Mushroom"},{"floor":23,"key":"Pantograph"},{"floor":26,"key":"Darkstone Periapt"},{"floor":27,"key":"Bag of Preparation"},{"floor":34,"key":"Anchor"},{"floor":34,"key":"Sundial"},{"floor":34,"key":"Charon\u0027s Ashes"},{"floor":43,"key":"Blue Candle"}],"event_choices":[{"damage_healed":0,"gold_gain":100,"player_choice":"Pray","damage_taken":0,"max_hp_gain":0,"max_hp_loss":0,"event_name":"Golden Shrine","floor":3,"gold_loss":0},{"damage_healed":0,"gold_gain":0,"player_choice":"Searched \u00271\u0027 times","damage_taken":0,"relics_obtained":["Ancient Tea Set"],"max_hp_gain":0,"max_hp_loss":0,"event_name":"Dead Adventurer","floor":12,"gold_loss":0},{"damage_healed":0,"gold_gain":0,"player_choice":"Searched \u00271\u0027 times","damage_taken":0,"relics_obtained":["Ancient Tea Set"],"max_hp_gain":0,"max_hp_loss":0,"event_name":"Dead Adventurer","floor":12,"gold_loss":0},{"damage_healed":0,"gold_gain":0,"player_choice":"Fought Mushrooms","damage_taken":0,"max_hp_gain":0,"max_hp_loss":0,"event_name":"Mushrooms","floor":14,"gold_loss":0},{"damage_healed":0,"gold_gain":0,"player_choice":"0 cards matched","damage_taken":0,"max_hp_gain":0,"max_hp_loss":0,"event_name":"Match and Keep!","floor":19,"gold_loss":0,"cards_obtained":[]},{"damage_healed":0,"gold_gain":0,"player_choice":"Simplicity","damage_taken":0,"max_hp_gain":0,"max_hp_loss":0,"event_name":"Back to Basics","floor":21,"gold_loss":0,"cards_upgraded":["Strike_R","Strike_R","Strike_R","Strike_R","Strike_R","Defend_R","Defend_R","Defend_R","Defend_R"]},{"damage_healed":0,"gold_gain":0,"player_choice":"Bought 0 Potions","damage_taken":0,"max_hp_gain":0,"max_hp_loss":0,"event_name":"The Woman in Blue","floor":28,"gold_loss":0},{"cards_removed":["Defend_R"],"damage_healed":0,"gold_gain":0,"player_choice":"Removed Skill","damage_taken":0,"max_hp_gain":0,"max_hp_loss":0,"event_name":"Falling","floor":36,"gold_loss":0},{"damage_healed":0,"gold_gain":0,"player_choice":"Memory 1","damage_taken":0,"max_hp_gain":0,"max_hp_loss":0,"event_name":"SensoryStone","floor":37,"gold_loss":0},{"damage_healed":0,"gold_gain":0,"player_choice":"Max HP","damage_taken":0,"max_hp_gain":0,"max_hp_loss":5,"event_name":"Winding Halls","floor":38,"gold_loss":0},{"damage_healed":0,"gold_gain":0,"player_choice":"Ignored","damage_taken":0,"max_hp_gain":0,"max_hp_loss":0,"event_name":"Mysterious Sphere","floor":45,"gold_loss":0},{"damage_healed":0,"gold_gain":0,"player_choice":"Paid","damage_taken":0,"relics_obtained":["Red Mask"],"max_hp_gain":0,"max_hp_loss":0,"event_name":"Tomb of Lord Red Mask","floor":48,"gold_loss":63}],"is_beta":false,"boss_relics":[{"not_picked":["Black Blood","Busted Crown"],"picked":"Sozu"},{"not_picked":["Coffee Dripper","Snecko Eye"],"picked":"Calling Bell"}],"items_purged_floors":[39],"is_endless":false,"potions_floor_spawned":[4,8,11,14,16,22,23,33,42],"ascension_level":6}