{"gold_per_floor":[111,36,56,75,87,87,116,116,116,116,140,140,165,180,180,285,285,297,307,307,318,318,318,338,348,419,438,438,466,466,478,478,577,577,590,420,247,265,283,283],"floor_reached":40,"playtime":2150,"items_purged":["Strike_R","Strike_R","Defend_R"],"score":651,"play_id":"cfbfce2f-6bf6-4f3c-a5eb-9567b19f60a2","local_time":"20190504004909","is_ascension_mode":true,"campfire_choices":[{"data":"Body Slam","floor":6.0,"key":"SMITH"},{"data":"Armaments","floor":8.0,"key":"SMITH"},{"data":"Entrench","floor":10.0,"key":"SMITH"},{"floor":12.0,"key":"REST"},{"floor":15.0,"key":"REST"},{"data":"Demon Form","floor":23.0,"key":"SMITH"},{"data":"Blood for Blood","floor":28.0,"key":"SMITH"},{"floor":30.0,"key":"REST"},{"floor":32.0,"key":"REST"}],"neow_cost":"NONE","seed_source_timestamp":1781803067964992,"circlet_count":0,"master_deck":["AscendersBane","Defend_R","Defend_R","Defend_R","Bash","Offering","Armaments+1","Body Slam+1","Entrench+1","Blood for Blood+1","Feel No Pain","Demon Form+1","Shrug It Off","Combust+1","Havoc+1","Cleave+1","True Grit+1","Offering","Headbutt+1","Disarm","Body Slam+1","Fiend Fire+1","Thunderclap+1","Flame Barrier","Iron Wave","Sever Soul+1","Metallicize+1"],"special_seed":0,"relics":["Burning Blood","Meat on the Bone","Shovel","Oddly Smooth Stone","Incense Burner","Velvet Choker","Pear","Bronze Scales","Astrolabe"],"potions_floor_usage":[40],"damage_taken":[{"damage":6.0,"enemies":"Cultist","floor":1.0,"turns":3.0},{"damage":7.0,"enemies":"Small Slimes","floor":3.0,"turns":5.0},{"damage":10.0,"enemies":"Jaw Worm","floor":4.0,"turns":3.0},{"damage":12.0,"enemies":"Blue Slaver","floor":5.0,"turns":3.0},{"damage":38.0,"enemies":"Gremlin Nob","floor":7.0,"turns":4.0},{"damage":39.0,"enemies":"3 Sentries","floor":13.0,"turns":13.0},{"damage":15.0,"enemies":"Exordium Thugs","floor":14.0,"turns":5.0},{"damage":58.0,"enemies":"The Guardian","floor":16.0,"turns":14.0},{"damage":14.0,"enemies":"Chosen","floor":18.0,"turns":5.0},{"damage":14.0,"enemies":"2 Thieves","floor":19.0,"turns":4.0},{"damage":9.0,"enemies":"Snake Plant","floor":21.0,"turns":5.0},{"damage":41.0,"enemies":"Snecko","floor":24.0,"turns":6.0},{"damage":23.0,"enemies":"Shelled Parasite and Fungi","floor":25.0,"turns":5.0},{"damage":22.0,"enemies":"Snake Plant","floor":27.0,"turns":5.0},{"damage":27.0,"enemies":"Gremlin Leader","floor":29.0,"turns":6.0},{"damage":10.0,"enemies":"Snecko","floor":31.0,"turns":4.0},{"damage":50.0,"enemies":"Champ","floor":33.0,"turns":11.0},{"damage":6.0,"enemies":"3 Shapes","floor":35.0,"turns":2.0},{"damage":14.0,"enemies":"3 Darklings","floor":38.0,"turns":6.0},{"damage":52.0,"enemies":"Writhing Mass","floor":39.0,"turns":6.0},{"damage":63,"enemies":"Nemesis","floor":40,"turns":5}],"seed_played":"8835999160177350787","potions_obtained":[{"floor":1.0,"key":"SpeedPotion"},{"floor":7.0,"key":"Weak Potion"},{"floor":16.0,"key":"LiquidBronze"},{"floor":18.0,"key":"PowerPotion"},{"floor":25.0,"key":"Weak Potion"},{"floor":35.0,"key":"Energy Potion"}],"is_trial":false,"path_per_floor":["M","$","M","M","M","R","E","R","T","R","T","R","E","M","R","B",null,"M","M","T","M","?","R","M","M","T","M","R","E","R","M","R","B",null,"M","$","$","M","M","E"],"character_chosen":"IRONCLAD","items_purchased":["Flame Barrier","Iron Wave"],"campfire_rested":4,"item_purchase_floors":[36,37],"current_hp_per_floor":[72,72,71,67,61,61,29,29,29,29,29,53,32,35,59,19,65,57,49,49,58,58,58,35,30,40,36,36,27,54,62,89,57,82,82,82,82,74,40,0],"gold":283,"neow_bonus":"ONE_RANDOM_RARE_CARD","is_prod":false,"is_daily":false,"chose_seed":false,"campfire_upgraded":5,"win_rate":0,"timestamp":1556898549,"path_taken":["M","$","M","M","M","R","E","R","T","R","?","R","E","M","R","BOSS","M","M","?","M","?","R","M","M","T","M","R","E","R","?","R","BOSS","M","?","$","M","?","E"],"build_version":"2019-01-23","purchased_purges":3,"victory":false,"max_hp_per_floor":[80,80,80,80,80,80,80,80,80,80,80,80,80,80,80,80,80,80,80,80,80,80,80,80,80,90,90,90,90,90,90,90,90,90,90,90,90,90,90,90],"card_choices":[{"not_picked":["Ghostly Armor","Thunderclap"],"picked":"Armaments","floor":1.0},{"not_picked":["Heavy Blade","Twin Strike"],"picked":"Body Slam","floor":3.0},{"not_picked":["Clothesline","Clash"],"picked":"Entrench","floor":4.0},{"not_picked":["Reckless Charge","Carnage"],"picked":"Blood for Blood","floor":5.0},{"not_picked":["Carnage","Entrench","Armaments"],"picked":"SKIP","floor":7.0},{"not_picked":["Burning Pact","Flex"],"picked":"Feel No Pain","floor":13.0},{"not_picked":["Clash","Body Slam","Armaments"],"picked":"SKIP","floor":14.0},{"not_picked":["Juggernaut","Brutality"],"picked":"Demon Form","floor":16.0},{"not_picked":["Fire Breathing","Anger"],"picked":"Shrug It Off","floor":18.0},{"not_picked":["True Grit","Heavy Blade"],"picked":"Combust+1","floor":19.0},{"not_picked":["Warcry","Thunderclap"],"picked":"Havoc+1","floor":21.0},{"not_picked":["Heavy Blade+1","Clothesline"],"picked":"Cleave+1","floor":24.0},{"not_picked":["Havoc","Sword Boomerang"],"picked":"True Grit+1","floor":25.0},{"not_picked":["Spot Weakness+1","Carnage+1"],"picked":"Offering","floor":27.0},{"not_picked":["Whirlwind","Entrench"],"picked":"Headbutt+1","floor":29.0},{"not_picked":["Perfected Strike","Body Slam+1"],"picked":"Disarm","floor":31.0},{"not_picked":["Clash","Headbutt","Havoc+1"],"picked":"SKIP","floor":35.0},{"not_picked":["Combust+1","Metallicize+1"],"picked":"Sever Soul+1","floor":38.0},{"not_picked":["Perfected Strike+1","Seeing Red"],"picked":"Metallicize+1","floor":39.0}],"player_experience":485437,"relics_obtained":[{"floor":7.0,"key":"Meat on the Bone"},{"floor":9.0,"key":"Shovel"},{"floor":11.0,"key":"Oddly Smooth Stone"},{"floor":13.0,"key":"Incense Burner"},{"floor":26.0,"key":"Pear"},{"floor":29.0,"key":"Bronze Scales"}],"event_choices":[{"damage_healed":0.0,"max_hp_gain":0.0,"max_hp_loss":0.0,"gold_gain":0.0,"event_name":"The Woman in Blue","player_choice":"Bought 0 Potions","floor":22.0,"gold_loss":0.0,"damage_taken":0.0}],"is_beta":false,"boss_relics":[{"not_picked":["Black Star","Calling Bell"],"picked":"Velvet Choker"},{"not_picked":["Orrery","Philosopher\u0027s Stone"],"picked":"Astrolabe"}],"items_purged_floors":[2,36,37],"is_endless":false,"potions_floor_spawned":[1,7,13,16,18,21,24,25,35],"killed_by":"Nemesis","ascension_level":11}