{"gold_per_floor":[13,24,36,36,54,83,83,102,102,117,137,170,189,209,209,312,312,330,280,280,205,225,253,266,266,289,289,289,289,304,319,319,418,418,438,438,458,41,58,58,70,70,70,103,115,115,13,23,23,23],"floor_reached":50,"playtime":4738,"items_purged":["Strike_B"],"score":561,"play_id":"1bb8d4d2-158a-44f5-951b-cae5cd0f998e","local_time":"20190426231933","is_ascension_mode":true,"campfire_choices":[{"data":"Zap","floor":7,"key":"SMITH"},{"floor":15,"key":"REST"},{"floor":25,"key":"REST"},{"data":"Seek","floor":27,"key":"SMITH"},{"data":"Biased Cognition","floor":29,"key":"SMITH"},{"floor":32,"key":"REST"},{"floor":40,"key":"REST"},{"floor":42,"key":"REST"},{"floor":49,"key":"REST"}],"neow_cost":"NO_GOLD","seed_source_timestamp":1033251385862419,"circlet_count":0,"master_deck":["Zap+1","Dualcast","Biased Cognition+1","Gash","Chill","FTL","Gash","Gash","BootSequence","Beam Cell","Genetic Algorithm","Gash","Electrodynamics","Seek+1","BootSequence+1","Doubt","Ball Lightning","Gash+1","Echo Form","Meteor Strike","Barrage","Lockon","Turbo","Force Field","Glacier","Defragment","Panache","Coolheaded+1","Parasite","Steam+1","Beam Cell","Swift Strike"],"relics":["Cracked Core","Turnip","Ancient Tea Set","Smiling Mask","Cursed Key","Ornamental Fan","Art of War","MutagenicStrength","Pandora\u0027s Box","Strawberry","Bag of Preparation","Bottled Lightning","Bird Faced Urn"],"potions_floor_usage":[23,23,41,41],"damage_taken":[{"damage":3,"enemies":"2 Louse","floor":1,"turns":2},{"damage":0,"enemies":"Small Slimes","floor":2,"turns":2},{"damage":1,"enemies":"Jaw Worm","floor":3,"turns":4},{"damage":1,"enemies":"2 Fungi Beasts","floor":5,"turns":3},{"damage":4,"enemies":"Lagavulin","floor":6,"turns":6},{"damage":11,"enemies":"Large Slime","floor":8,"turns":4},{"damage":0,"enemies":"Gremlin Gang","floor":10,"turns":4},{"damage":2,"enemies":"2 Fungi Beasts","floor":11,"turns":2},{"damage":27,"enemies":"Gremlin Nob","floor":12,"turns":4},{"damage":4,"enemies":"Looter","floor":13,"turns":3},{"damage":4,"enemies":"3 Louse","floor":14,"turns":3},{"damage":25,"enemies":"The Guardian","floor":16,"turns":9},{"damage":0,"enemies":"Chosen","floor":18,"turns":4},{"damage":2,"enemies":"Shell Parasite","floor":22,"turns":5},{"damage":22,"enemies":"Book of Stabbing","floor":23,"turns":5},{"damage":13,"enemies":"Shelled Parasite and Fungi","floor":24,"turns":4},{"damage":4,"enemies":"Snake Plant","floor":30,"turns":5},{"damage":0,"enemies":"Chosen and Byrds","floor":31,"turns":5},{"damage":40,"enemies":"Collector","floor":33,"turns":11},{"damage":11,"enemies":"3 Darklings","floor":35,"turns":3},{"damage":9,"enemies":"Orb Walker","floor":37,"turns":4},{"damage":42,"enemies":"Spire Growth","floor":39,"turns":5},{"damage":16,"enemies":"Jaw Worm Horde","floor":41,"turns":4},{"damage":56,"enemies":"Reptomancer","floor":44,"turns":7},{"damage":0,"enemies":"Transient","floor":45,"turns":5},{"damage":2,"enemies":"3 Darklings","floor":48,"turns":2},{"damage":53,"enemies":"Awakened One","floor":50,"turns":4}],"seed_played":"6967783284499408221","potions_obtained":[{"floor":5,"key":"PowerPotion"},{"floor":10,"key":"SkillPotion"},{"floor":11,"key":"Energy Potion"},{"floor":14,"key":"AttackPotion"},{"floor":22,"key":"Regen Potion"},{"floor":23,"key":"SteroidPotion"},{"floor":30,"key":"SpeedPotion"},{"floor":33,"key":"FearPotion"},{"floor":39,"key":"FocusPotion"}],"is_trial":false,"path_per_floor":["M","M","M","$","M","E","R","M","T","M","M","E","M","M","R","B",null,"M","$","?","?","M","E","M","R","T","R","?","R","M","M","R","B",null,"M","?","M","$","M","R","M","R","T","E","M","?","?","M","R","B"],"character_chosen":"DEFECT","items_purchased":["Strawberry","Defragment","Panache"],"campfire_rested":6,"item_purchase_floors":[38,38,38],"current_hp_per_floor":[72,72,71,71,70,66,66,55,55,55,53,26,22,18,40,15,75,75,75,61,61,59,37,24,48,48,48,48,48,44,44,68,28,80,69,69,60,67,25,51,44,70,70,14,14,14,14,18,44,0],"gold":23,"neow_bonus":"THREE_RARE_CARDS","is_prod":false,"is_daily":false,"chose_seed":false,"campfire_upgraded":3,"win_rate":0,"timestamp":1556317173,"path_taken":["M","M","M","$","M","E","R","M","T","M","M","E","M","M","R","BOSS","M","$","?","?","M","E","M","R","T","R","?","R","M","M","R","BOSS","M","?","M","$","M","R","M","R","T","E","M","?","?","?","R","BOSS"],"build_version":"2019-01-23","purchased_purges":1,"victory":false,"max_hp_per_floor":[75,75,75,75,75,75,75,75,75,75,75,75,75,75,75,75,75,75,75,80,80,80,80,80,80,80,80,80,80,80,80,80,80,80,80,80,80,87,87,87,87,87,87,87,87,87,87,87,87,87],"card_choices":[{"not_picked":["Machine Learning","Amplify"],"picked":"Biased Cognition","floor":0},{"not_picked":["Go for the Eyes","Leap"],"picked":"Gash","floor":1},{"not_picked":["Hologram","Stack"],"picked":"Chill","floor":2},{"not_picked":["Darkness","Undo"],"picked":"FTL","floor":3},{"not_picked":["Steam","Beam Cell"],"picked":"Gash","floor":5},{"not_picked":["Reprogram","Darkness"],"picked":"Gash","floor":6},{"not_picked":["Skim","Compile Driver"],"picked":"BootSequence","floor":8},{"not_picked":["Conserve Battery","Double Energy"],"picked":"Beam Cell","floor":10},{"not_picked":["Conserve Battery","Redo","Steam"],"picked":"SKIP","floor":11},{"not_picked":["Auto Shields","Beam Cell"],"picked":"Genetic Algorithm","floor":12},{"not_picked":["Hologram","Turbo"],"picked":"Gash","floor":13},{"not_picked":["Steam Power","Steam"],"picked":"Electrodynamics","floor":14},{"not_picked":["Rainbow","Amplify"],"picked":"Seek","floor":16},{"not_picked":["Barrage","Recycle","Self Repair+1"],"picked":"SKIP","floor":18},{"not_picked":["Beam Cell","White Noise","Leap"],"picked":"SKIP","floor":22},{"not_picked":["Redo","Turbo","Steam"],"picked":"SKIP","floor":23},{"not_picked":["Rebound","Redo"],"picked":"BootSequence+1","floor":24},{"not_picked":["Streamline","Steam Power"],"picked":"Ball Lightning","floor":30},{"not_picked":["Loop","Conserve Battery"],"picked":"Gash+1","floor":31},{"not_picked":["Amplify","Hyperbeam"],"picked":"Echo Form","floor":33},{"not_picked":["Hello World","Blizzard","Self Repair"],"picked":"SKIP","floor":35},{"not_picked":["Rebound+1","Aggregate","Steam+1"],"picked":"SKIP","floor":37},{"not_picked":["Blizzard","Turbo+1"],"picked":"Coolheaded+1","floor":39},{"not_picked":["Ball Lightning+1","Undo","Steam+1"],"picked":"SKIP","floor":41},{"not_picked":["Cold Snap","Sunder"],"picked":"Steam+1","floor":44},{"not_picked":["Coolheaded","Electrodynamics"],"picked":"Beam Cell","floor":45},{"not_picked":["Chrysalis","HandOfGreed"],"picked":"Swift Strike","floor":46},{"not_picked":["Compile Driver+1","Double Energy","Force Field"],"picked":"SKIP","floor":48}],"player_experience":1856036,"relics_obtained":[{"floor":6,"key":"Turnip"},{"floor":9,"key":"Ancient Tea Set"},{"floor":12,"key":"Smiling Mask"},{"floor":23,"key":"Ornamental Fan"},{"floor":26,"key":"Art of War"},{"floor":43,"key":"Bag of Preparation"},{"floor":44,"key":"Bottled Lightning"}],"event_choices":[{"damage_healed":0,"gold_gain":0,"player_choice":"Shed Blood","damage_taken":19,"max_hp_gain":5,"max_hp_loss":0,"event_name":"Forgotten Altar","floor":20,"gold_loss":0},{"cards_removed":["Strike_B"],"damage_healed":0,"gold_gain":0,"player_choice":"Gave Gold","damage_taken":0,"max_hp_gain":0,"max_hp_loss":0,"event_name":"Beggar","floor":21,"gold_loss":75},{"damage_healed":0,"gold_gain":0,"player_choice":"Inject Mutagens","damage_taken":0,"relics_obtained":["MutagenicStrength"],"max_hp_gain":0,"max_hp_loss":0,"event_name":"Drug Dealer","floor":28,"gold_loss":0},{"damage_healed":0,"gold_gain":0,"player_choice":"Ignored","damage_taken":0,"max_hp_gain":0,"max_hp_loss":0,"event_name":"Mysterious Sphere","floor":36,"gold_loss":0},{"damage_healed":0,"gold_gain":0,"player_choice":"Memory 1","damage_taken":0,"max_hp_gain":0,"max_hp_loss":0,"event_name":"SensoryStone","floor":46,"gold_loss":0},{"damage_healed":0,"gold_gain":0,"player_choice":"Paid Gold","damage_taken":0,"relics_obtained":["Bird Faced Urn"],"max_hp_gain":0,"max_hp_loss":0,"event_name":"WeMeetAgain","floor":47,"gold_loss":102}],"is_beta":false,"boss_relics":[{"not_picked":["Black Star","Eternal Feather"],"picked":"Cursed Key"},{"not_picked":["Orrery","Lizard Tail"],"picked":"Pandora\u0027s Box"}],"items_purged_floors":[19],"is_endless":false,"potions_floor_spawned":[5,10,11,12,14,16,22,23,30,33,35,39],"killed_by":"Awakened One","ascension_level":1}