{"gold_per_floor":[99,99,99,99,99,99,99,99,99,99,99,99,99,84,84,84,84,84,9,9,9,9,9,9,9,9,9,9,9,9,9,9,9,9,9,9,9,9,9],"floor_reached":39,"playtime":2373,"items_purged":["Strike_B"],"score":853,"play_id":"8a505994-16d7-415c-aaab-2e1ab752b80e","local_time":"20190426183259","is_ascension_mode":true,"campfire_choices":[{"data":"Sunder","floor":6.0,"key":"SMITH"},{"data":"Coolheaded","floor":15.0,"key":"SMITH"},{"floor":23,"key":"REST"},{"floor":25,"key":"REST"},{"floor":32,"key":"REST"}],"neow_cost":"NONE","seed_source_timestamp":0,"circlet_count":0,"master_deck":["AscendersBane","Strike_B","Strike_B","Strike_B","Defend_B","Defend_B+1","Defend_B","Defend_B+1","Zap","Dualcast","Undo","Doom and Gloom","Sunder+1","Conserve Battery","Defragment","Hello World","Core Surge","Coolheaded+1","Core Surge","Genetic Algorithm+1","Cold Snap","Echo Form","Defragment+1","Electrodynamics","Reinforced Body","Amplify","Auto Shields+1","Melter+1","Capacitor"],"special_seed":0,"relics":["Ectoplasm","War Paint","Pantograph","Letter Opener","Regal Pillow","Vajra","CultistMask","Sozu","Pen Nib","Symbiotic Virus","Gremlin Horn","Orichalcum","Eternal Feather"],"potions_floor_usage":[39,39],"damage_taken":[{"damage":1.0,"enemies":"Cultist","floor":1.0,"turns":4.0},{"damage":0.0,"enemies":"Jaw Worm","floor":2.0,"turns":5.0},{"damage":0.0,"enemies":"Small Slimes","floor":3.0,"turns":3.0},{"damage":4.0,"enemies":"Exordium Wildlife","floor":5.0,"turns":5.0},{"damage":0.0,"enemies":"Lagavulin","floor":7.0,"turns":6.0},{"damage":7.0,"enemies":"Gremlin Gang","floor":8.0,"turns":5.0},{"damage":0.0,"enemies":"3 Sentries","floor":10.0,"turns":5.0},{"damage":0.0,"enemies":"Blue Slaver","floor":11.0,"turns":3.0},{"damage":21.0,"enemies":"Gremlin Nob","floor":12.0,"turns":5.0},{"damage":0.0,"enemies":"Looter","floor":14.0,"turns":2.0},{"damage":33.0,"enemies":"The Guardian","floor":16.0,"turns":11.0},{"damage":8,"enemies":"3 Byrds","floor":18,"turns":5},{"damage":5,"enemies":"Shell Parasite","floor":20,"turns":6},{"damage":15,"enemies":"Sentry and Sphere","floor":21,"turns":6},{"damage":56,"enemies":"Gremlin Leader","floor":24,"turns":9},{"damage":13,"enemies":"Book of Stabbing","floor":27,"turns":6},{"damage":12,"enemies":"3 Cultists","floor":28,"turns":4},{"damage":4,"enemies":"Gremlin Leader","floor":29,"turns":5},{"damage":4,"enemies":"Snecko","floor":31,"turns":3},{"damage":8,"enemies":"Champ","floor":33,"turns":15},{"damage":43,"enemies":"3 Darklings","floor":35,"turns":5},{"damage":7,"enemies":"3 Shapes","floor":36,"turns":4},{"damage":10,"enemies":"Sphere and 2 Shapes","floor":37,"turns":3},{"damage":0,"enemies":"4 Shapes","floor":38,"turns":3},{"damage":19,"enemies":"3 Darklings","floor":39,"turns":3}],"seed_played":"-1469605574700606872","potions_obtained":[{"floor":1.0,"key":"EntropicBrew"},{"floor":3.0,"key":"PowerPotion"},{"floor":7.0,"key":"FairyPotion"},{"floor":8.0,"key":"GamblersBrew"}],"is_trial":false,"path_per_floor":["M","M","M","?","M","R","E","M","T","E","M","E","?","M","R","B",null,"M","$","M","M","$","R","E","R","T","E","M","E","?","M","R","B",null,"M","M","M","M","M"],"character_chosen":"DEFECT","items_purchased":[],"campfire_rested":3,"item_purchase_floors":[],"current_hp_per_floor":[67,67,67,60,56,56,56,49,49,49,49,28,28,28,28,20,61,53,53,48,33,33,70,14,51,51,38,26,22,22,18,55,67,73,30,23,13,13,0],"gold":9,"neow_bonus":"BOSS_RELIC","is_prod":false,"is_daily":false,"chose_seed":false,"campfire_upgraded":2,"win_rate":0,"timestamp":1556328779,"path_taken":["M","M","?","?","M","R","E","M","T","E","M","E","?","M","R","BOSS","M","?","M","M","$","R","E","R","T","E","?","E","?","M","R","BOSS","M","M","M","M","?"],"build_version":"2019-01-23","purchased_purges":1,"victory":false,"max_hp_per_floor":[75,75,75,75,75,75,75,75,75,75,75,75,75,75,75,75,75,75,75,75,75,75,75,75,75,75,75,75,75,75,75,75,75,75,75,75,75,75,75],"card_choices":[{"not_picked":["Rebound","Compile Driver"],"picked":"Undo","floor":1.0},{"not_picked":["Force Field","Leap"],"picked":"Doom and Gloom","floor":2.0},{"not_picked":["Lockon","Steam","Reprogram"],"picked":"SKIP","floor":3.0},{"not_picked":["Coolheaded","Conserve Battery"],"picked":"Sunder","floor":5.0},{"not_picked":["Barrage","Doom and Gloom","Auto Shields"],"picked":"SKIP","floor":7.0},{"not_picked":["Barrage","Force Field"],"picked":"Conserve Battery","floor":8.0},{"not_picked":["Steam","Compile Driver"],"picked":"Defragment","floor":10.0},{"not_picked":["Streamline","Redo"],"picked":"Hello World","floor":11.0},{"not_picked":["Beam Cell","Hologram"],"picked":"Core Surge","floor":12.0},{"not_picked":["Undo","Force Field"],"picked":"Coolheaded","floor":14.0},{"not_picked":["Hyperbeam","Thunder Strike"],"picked":"Core Surge","floor":16.0},{"not_picked":["Beam Cell","Sunder"],"picked":"Genetic Algorithm","floor":18},{"not_picked":["Rip and Tear","Beam Cell","Doom and Gloom"],"picked":"SKIP","floor":20},{"not_picked":["Rebound","Sweeping Beam"],"picked":"Cold Snap","floor":21},{"not_picked":["Rebound","Turbo"],"picked":"Echo Form","floor":24},{"not_picked":["Go for the Eyes","Turbo"],"picked":"Defragment+1","floor":27},{"not_picked":["Heatsinks","Undo"],"picked":"Electrodynamics","floor":28},{"not_picked":["Chill","Hologram"],"picked":"Reinforced Body","floor":29},{"not_picked":["Reinforced Body","FTL+1","Sweeping Beam"],"picked":"SKIP","floor":31},{"not_picked":["Reboot","Machine Learning"],"picked":"Amplify","floor":33},{"not_picked":["Sweeping Beam+1","Blizzard","Tempest"],"picked":"SKIP","floor":35},{"not_picked":["Gash","Steam Power+1"],"picked":"Auto Shields+1","floor":36},{"not_picked":["Coolheaded","Turbo"],"picked":"Melter+1","floor":37},{"not_picked":["Turbo+1","Gash"],"picked":"Capacitor","floor":38}],"player_experience":319186,"relics_obtained":[{"floor":7.0,"key":"Pantograph"},{"floor":9.0,"key":"Letter Opener"},{"floor":10.0,"key":"Regal Pillow"},{"floor":12.0,"key":"Vajra"},{"floor":24,"key":"Pen Nib"},{"floor":26,"key":"Symbiotic Virus"},{"floor":27,"key":"Gremlin Horn"},{"floor":29,"key":"Orichalcum"}],"event_choices":[{"damage_healed":0.0,"max_hp_gain":0.0,"max_hp_loss":0.0,"gold_gain":0.0,"event_name":"Scrap Ooze","player_choice":"Success","floor":4.0,"gold_loss":0.0,"damage_taken":7.0,"relics_obtained":["War Paint"]},{"damage_healed":0.0,"max_hp_gain":0.0,"max_hp_loss":0.0,"gold_gain":0.0,"event_name":"FaceTrader","player_choice":"Trade","floor":13.0,"gold_loss":0.0,"damage_taken":0.0,"relics_obtained":["CultistMask"]},{"damage_healed":0,"gold_gain":0,"player_choice":"Forge","damage_taken":0,"max_hp_gain":0,"max_hp_loss":0,"event_name":"Accursed Blacksmith","floor":30,"gold_loss":0,"cards_upgraded":["Genetic Algorithm"]}],"is_beta":false,"boss_relics":[{"not_picked":["Tiny House","Runic Pyramid"],"picked":"Sozu"},{"not_picked":["Velvet Choker","Runic Dome"],"picked":"Eternal Feather"}],"items_purged_floors":[19],"is_endless":false,"potions_floor_spawned":[1,3,7,8,21,24,28,38],"killed_by":"3 Darklings","ascension_level":13}