{"gold_per_floor":[109,122,47,47,62,103,122,122,146,164,164,164,164,187,187,312,312,335,353,305,323,343,343,158,158],"floor_reached":25,"playtime":2224,"items_purged":["construct:Strike_Gold"],"score":205,"play_id":"eec27532-6736-4a35-a10a-c511cf7fdb36","local_time":"20190207230157","is_ascension_mode":false,"campfire_choices":[{"floor":8,"key":"REST"},{"data":"construct:AttackMode","floor":11,"key":"SMITH"},{"floor":23,"key":"REST"}],"neow_cost":"NONE","seed_source_timestamp":1219713628472285,"circlet_count":0,"master_deck":["construct:Strike_Gold","construct:Strike_Gold","construct:Strike_Gold","construct:Defend_Gold","construct:Defend_Gold","construct:Defend_Gold","construct:AttackMode+1","construct:DefenseMode","construct:Missile","construct:Isolate","construct:Tumble","construct:ModeShift","construct:Autoturret","construct:Autoturret","construct:PowerUp"],"relics":["construct:ClockworkPhoenix","Golden Idol","hubris:OldNail","construct:MasterCore","Empty Cage","theJungle:Creamberry"],"potions_floor_usage":[16,16,16,21,25],"damage_taken":[{"damage":0,"enemies":"2 Louse","floor":1,"turns":2},{"damage":7,"enemies":"Jaw Worm","floor":2,"turns":4},{"damage":4,"enemies":"Cultist","floor":5,"turns":3},{"damage":25,"enemies":"Gremlin Nob","floor":6,"turns":4},{"damage":4,"enemies":"2 Fungi Beasts","floor":7,"turns":6},{"damage":0,"enemies":"Large Slime","floor":10,"turns":5},{"damage":9,"enemies":"Blue Slaver","floor":14,"turns":3},{"damage":38,"enemies":"Fading Forest","floor":16,"turns":11},{"damage":10,"enemies":"theJungle:GiantWrat","floor":18,"turns":5},{"damage":16,"enemies":"theJungle:5_Spyders","floor":19,"turns":3},{"damage":30,"enemies":"theJungle:JungleHuntersEncounter","floor":21,"turns":6},{"damage":35,"enemies":"Snake Plant","floor":22,"turns":5},{"damage":29,"enemies":"theJungle:2_Flameangoes","floor":25,"turns":8}],"seed_played":"-1877569828248602509","potions_obtained":[{"floor":10,"key":"SteroidPotion"},{"floor":14,"key":"Strength Potion"},{"floor":15,"key":"EssenceOfSteel"},{"floor":15,"key":"Reflective Coating"},{"floor":19,"key":"FearPotion"},{"floor":22,"key":"EssenceOfSteel"}],"is_trial":false,"path_per_floor":["M","M","$","?","M","E","M","R","T","M","R","?","?","M","R_BF","B",null,"M","M","$","M","M","R","?","M"],"character_chosen":"THE_CONSTRUCT_MOD","items_purchased":["construct:Autoturret"],"campfire_rested":2,"item_purchase_floors":[20],"current_hp_per_floor":[93,86,86,63,59,34,30,57,57,57,57,57,57,48,48,34,93,83,67,67,37,2,29,29,0],"gold":158,"neow_bonus":"TEN_PERCENT_HP_BONUS","is_prod":false,"is_daily":false,"chose_seed":false,"campfire_upgraded":1,"win_rate":0.0,"timestamp":1549576917,"path_taken":["M","M","$","?","M","E","M","R","T","M","R","?","?","M","R_BF","BOSS","M","M","$","M","M","R","?","M"],"build_version":"2019-01-23","purchased_purges":1,"victory":false,"max_hp_per_floor":[93,93,93,93,93,93,93,93,93,93,93,93,93,93,93,93,93,93,93,93,93,93,93,93,93],"card_choices":[{"not_picked":["construct:VentSteam","construct:FierceBash","construct:ShiftStrike"],"picked":"SKIP","floor":1},{"not_picked":["construct:Failsafe","construct:UnbalancingBlast"],"picked":"construct:Missile","floor":2},{"not_picked":["construct:ShiftStrike","construct:HardReboot"],"picked":"construct:Isolate","floor":5},{"not_picked":["construct:FierceBash","construct:ScrapCannon"],"picked":"construct:Tumble","floor":6},{"not_picked":["construct:Versatility","construct:Impenetrable","construct:ShiftStrike"],"picked":"SKIP","floor":7},{"not_picked":["construct:Accumulate","construct:Reinforce","construct:ShiftStrike"],"picked":"SKIP","floor":10},{"not_picked":["construct:Backfire","construct:UnbalancingBlast"],"picked":"construct:ModeShift","floor":14},{"not_picked":["construct:FocusedBeam","construct:Backfire"],"picked":"construct:Autoturret","floor":18},{"not_picked":["construct:VentSteam","construct:HeavyBolt","construct:ScrapCannon"],"picked":"SKIP","floor":19},{"not_picked":["construct:OneWayMirror","construct:Accumulate","construct:ModeShift"],"picked":"SKIP","floor":21},{"not_picked":["construct:Tumble","construct:LaserCore+1"],"picked":"construct:PowerUp","floor":22}],"player_experience":299390,"relics_obtained":[{"floor":6,"key":"hubris:OldNail"},{"floor":9,"key":"construct:MasterCore"}],"event_choices":[{"damage_healed":0,"gold_gain":0,"player_choice":"Take Damage","damage_taken":23,"relics_obtained":["Golden Idol"],"max_hp_gain":0,"max_hp_loss":0,"event_name":"Golden Idol","floor":4,"gold_loss":0},{"cards_removed":["construct:Defend_Gold"],"damage_healed":0,"gold_gain":0,"player_choice":"Forget","damage_taken":0,"max_hp_gain":0,"max_hp_loss":0,"event_name":"Living Wall","floor":12,"gold_loss":0},{"damage_healed":0,"gold_gain":0,"player_choice":"Ignored","damage_taken":0,"max_hp_gain":0,"max_hp_loss":0,"event_name":"NoteForYourself","floor":13,"gold_loss":0},{"damage_healed":0,"gold_gain":0,"player_choice":"Got Potions","damage_taken":0,"max_hp_gain":0,"max_hp_loss":0,"event_name":"Lab","floor":15,"gold_loss":0}],"is_beta":false,"boss_relics":[{"not_picked":["Astrolabe","ChewingGum"],"picked":"Empty Cage"}],"items_purged_floors":[3],"is_endless":false,"potions_floor_spawned":[10,14,19,22],"killed_by":"theJungle:2_Flameangoes","ascension_level":0}