{"gold_per_floor":[20,31,51,70,70,70,103,103,103,103],"floor_reached":10,"playtime":236,"items_purged":[],"score":71,"play_id":"f33c1ac7-4d9d-48a7-a218-754a105e1a52","local_time":"20181230211029","is_ascension_mode":true,"campfire_choices":[{"data":"Consume","floor":6,"key":"SMITH"}],"neow_cost":"NO_GOLD","seed_source_timestamp":168531377739600,"circlet_count":0,"master_deck":["Strike_B","Strike_B","Strike_B","Defend_B","Defend_B","Defend_B","Zap","Dualcast","Consume+1","Melter","Streamline","Genetic Algorithm+1","Fusion+1"],"relics":["Cracked Core","Happy Flower","Letter Opener"],"potions_floor_usage":[4,4],"damage_taken":[{"damage":1,"enemies":"Cultist","floor":1,"turns":3},{"damage":2,"enemies":"2 Louse","floor":2,"turns":2},{"damage":0,"enemies":"Small Slimes","floor":3,"turns":3},{"damage":13,"enemies":"Red Slaver","floor":4,"turns":2},{"damage":52,"enemies":"Gremlin Nob","floor":7,"turns":5},{"damage":23,"enemies":"Exordium Wildlife","floor":10,"turns":3}],"seed_played":"5279228621406923610","potions_obtained":[{"floor":2,"key":"Strength Potion"},{"floor":3,"key":"EssenceOfSteel"},{"floor":4,"key":"FairyPotion"}],"is_trial":false,"path_per_floor":["M","M","M","M","?","R","E","?","T","M"],"character_chosen":"DEFECT","items_purchased":[],"campfire_rested":0,"item_purchase_floors":[],"current_hp_per_floor":[74,72,72,59,59,59,7,7,7,0],"gold":103,"neow_bonus":"REMOVE_TWO","is_prod":false,"is_daily":false,"chose_seed":false,"campfire_upgraded":1,"win_rate":0,"timestamp":1546233029,"path_taken":["M","M","?","M","?","R","E","?","T","?"],"build_version":"2018-12-20","purchased_purges":0,"victory":false,"max_hp_per_floor":[75,75,75,75,75,75,75,75,75,75],"card_choices":[{"not_picked":["Streamline","Hologram"],"picked":"Consume","floor":1},{"not_picked":["Leap","Storm"],"picked":"Melter","floor":2},{"not_picked":["Beam Cell","Stack"],"picked":"Streamline","floor":3},{"not_picked":["Sweeping Beam","Coolheaded"],"picked":"Genetic Algorithm","floor":4},{"not_picked":["Stack","Rip and Tear"],"picked":"Fusion","floor":7}],"player_experience":323540,"relics_obtained":[{"floor":7,"key":"Happy Flower"},{"floor":9,"key":"Letter Opener"}],"event_choices":[{"damage_healed":0,"gold_gain":0,"player_choice":"Grow","damage_taken":0,"max_hp_gain":0,"max_hp_loss":0,"event_name":"Living Wall","floor":5,"gold_loss":0,"cards_upgraded":["Genetic Algorithm"]},{"damage_healed":0,"gold_gain":0,"player_choice":"Forge","damage_taken":0,"max_hp_gain":0,"max_hp_loss":0,"event_name":"Accursed Blacksmith","floor":8,"gold_loss":0,"cards_upgraded":["Fusion"]}],"is_beta":false,"boss_relics":[],"items_purged_floors":[],"is_endless":false,"potions_floor_spawned":[2,3,4],"killed_by":"Exordium Wildlife","ascension_level":1}