{"gold_per_floor":[115,133,133,150,150,180,180,180],"floor_reached":8,"playtime":223,"items_purged":[],"score":67,"play_id":"03868df9-4c27-42ab-bcd5-d8f881628c71","local_time":"20190425211540","is_ascension_mode":true,"campfire_choices":[{"data":"True Grit","floor":7,"key":"SMITH"}],"neow_cost":"NONE","seed_source_timestamp":1378597424103300,"circlet_count":0,"master_deck":["Strike_R","Strike_R","Strike_R","Strike_R","Strike_R","Defend_R","Defend_R","Defend_R","Defend_R","Bash","Ghostly Armor","Pommel Strike","True Grit+1","Exhume","Jack Of All Trades","Rupture","Cleave"],"relics":["Burning Blood","NeowsBlessing","Vajra","Anchor"],"potions_floor_usage":[],"damage_taken":[{"damage":0,"enemies":"Cultist","floor":1,"turns":1},{"damage":0,"enemies":"2 Louse","floor":2,"turns":1},{"damage":0,"enemies":"Jaw Worm","floor":4,"turns":1},{"damage":58,"enemies":"Lagavulin","floor":6,"turns":11},{"damage":46,"enemies":"Gremlin Nob","floor":8,"turns":4}],"seed_played":"-4421035007731402404","potions_obtained":[],"is_trial":false,"path_per_floor":["M","M","?","M","?","E","R","E"],"character_chosen":"IRONCLAD","items_purchased":[],"campfire_rested":0,"item_purchase_floors":[],"current_hp_per_floor":[80,80,68,74,74,22,22,0],"gold":180,"neow_bonus":"THREE_ENEMY_KILL","is_prod":false,"is_daily":false,"chose_seed":false,"campfire_upgraded":1,"win_rate":0,"timestamp":1556219740,"path_taken":["M","?","?","M","?","E","R","E"],"build_version":"2019-01-23","purchased_purges":0,"victory":false,"max_hp_per_floor":[80,80,80,80,80,80,80,80],"card_choices":[{"not_picked":["Perfected Strike","Sword Boomerang"],"picked":"Ghostly Armor","floor":1},{"not_picked":["Thunderclap","Sword Boomerang"],"picked":"Pommel Strike","floor":2},{"not_picked":["Corruption","Body Slam"],"picked":"True Grit","floor":4},{"not_picked":["Offering","Searing Blow"],"picked":"Cleave","floor":6}],"player_experience":712425,"relics_obtained":[{"floor":6,"key":"Anchor"}],"event_choices":[{"damage_healed":0,"gold_gain":0,"player_choice":"Success","damage_taken":12,"relics_obtained":["Vajra"],"max_hp_gain":0,"max_hp_loss":0,"event_name":"Scrap Ooze","floor":3,"gold_loss":0},{"damage_healed":0,"gold_gain":0,"player_choice":"3 cards matched","damage_taken":0,"max_hp_gain":0,"max_hp_loss":0,"event_name":"Match and Keep!","floor":5,"gold_loss":0,"cards_obtained":["Exhume","Jack Of All Trades","Rupture"]}],"is_beta":false,"boss_relics":[],"items_purged_floors":[],"is_endless":false,"potions_floor_spawned":[],"killed_by":"Gremlin Nob","ascension_level":4}