{"gold_per_floor":[20,31,31,31,31,31,61,61,61,78,78,91,91,20,20,20],"floor_reached":16,"playtime":1267,"items_purged":[],"score":157,"play_id":"55ab434e-f324-4ab0-9b40-21dd03db6848","local_time":"20190502114156","is_ascension_mode":true,"campfire_choices":[{"data":"Whirlwind","floor":6,"key":"SMITH"},{"data":"Heavy Blade","floor":8,"key":"SMITH"},{"data":"Dual Wield","floor":13,"key":"SMITH"},{"data":"Bash","floor":15,"key":"SMITH"}],"neow_cost":"NO_GOLD","seed_source_timestamp":214439622179400,"circlet_count":0,"master_deck":["AscendersBane","Strike_R","Strike_R","Strike_R","Strike_R","Strike_R","Defend_R","Defend_R","Defend_R","Defend_R","Bash+1","Heavy Blade+1","Whirlwind+1","Shrug It Off","Shrug It Off","Decay","Dual Wield+1","Feel No Pain"],"relics":["Burning Blood","Charon\u0027s Ashes","Bottled Lightning","GremlinMask","Strawberry","Bag of Marbles"],"potions_floor_usage":[7,16,16],"damage_taken":[{"damage":1,"enemies":"Cultist","floor":1,"turns":3},{"damage":8,"enemies":"2 Louse","floor":2,"turns":3},{"damage":32,"enemies":"Gremlin Nob","floor":7,"turns":4},{"damage":10,"enemies":"Small Slimes","floor":10,"turns":3},{"damage":12,"enemies":"Red Slaver","floor":12,"turns":4},{"damage":56,"enemies":"Slime Boss","floor":16,"turns":5}],"seed_played":"-3558196828675561928","potions_obtained":[{"floor":1,"key":"Fire Potion"},{"floor":2,"key":"Energy Potion"},{"floor":12,"key":"LiquidBronze"}],"is_trial":false,"path_per_floor":["M","M","T","?","$","R","E","R","T","M","?","M","R","$","R","B"],"character_chosen":"IRONCLAD","items_purchased":["Feel No Pain"],"campfire_rested":0,"item_purchase_floors":[14],"current_hp_per_floor":[77,75,75,75,75,75,56,56,56,52,52,46,46,46,46,0],"gold":20,"neow_bonus":"ONE_RARE_RELIC","is_prod":false,"is_daily":false,"chose_seed":false,"campfire_upgraded":4,"win_rate":0,"timestamp":1556790116,"path_taken":["M","M","?","?","$","R","E","R","T","?","?","M","R","$","R","BOSS"],"build_version":"2019-01-23","purchased_purges":0,"victory":false,"max_hp_per_floor":[80,80,80,80,80,80,87,87,87,87,87,87,87,87,87,87],"card_choices":[{"not_picked":["Bloodletting","Cleave"],"picked":"Heavy Blade","floor":1},{"not_picked":["Disarm","Blood for Blood"],"picked":"Whirlwind","floor":2},{"not_picked":["Havoc","Inflame"],"picked":"Shrug It Off","floor":7},{"not_picked":["True Grit","Entrench"],"picked":"Shrug It Off","floor":10},{"not_picked":["Infernal Blade","Headbutt"],"picked":"Dual Wield","floor":12}],"player_experience":987700,"relics_obtained":[{"floor":3,"key":"Bottled Lightning"},{"floor":7,"key":"Strawberry"},{"floor":9,"key":"Bag of Marbles"}],"event_choices":[{"damage_healed":0,"gold_gain":0,"player_choice":"Trade","damage_taken":0,"relics_obtained":["GremlinMask"],"max_hp_gain":0,"max_hp_loss":0,"event_name":"FaceTrader","floor":4,"gold_loss":0},{"damage_healed":0,"gold_gain":0,"player_choice":"Cursed","damage_taken":0,"max_hp_gain":0,"max_hp_loss":0,"event_name":"Wheel of Change","floor":11,"gold_loss":0,"cards_obtained":["Decay"]}],"is_beta":false,"boss_relics":[],"items_purged_floors":[],"is_endless":false,"potions_floor_spawned":[1,2,12],"killed_by":"Slime Boss","ascension_level":12}