{"gold_per_floor":[110,110,127,127,77,105,105,124,124,124,134,134,169,180,180,276,276,295,315,328,243,97,97,196,213,213,246,246,246,261,288,288,383,383,399,399,415,127,142,142,157,185,185,9,9,63,83,33,33,33],"floor_reached":51,"playtime":3566,"items_purged":["Strike_R","Defend_R","Strike_R"],"score":850,"play_id":"b774d2cb-4f1e-4b9c-8341-601ff55dae39","local_time":"20181014131036","is_ascension_mode":false,"campfire_choices":[{"data":"Entrench","floor":7,"key":"SMITH"},{"floor":12,"key":"REST"},{"data":"Barricade","floor":15,"key":"SMITH"},{"data":"Flame Barrier","floor":23,"key":"SMITH"},{"data":"Offering","floor":29,"key":"SMITH"},{"data":"Shrug It Off","floor":32,"key":"SMITH"},{"data":"Berserk","floor":40,"key":"SMITH"},{"data":"Dual Wield","floor":49,"key":"SMITH"}],"neow_cost":"NONE","seed_source_timestamp":235815457661629,"circlet_count":0,"master_deck":["Strike_R+1","Defend_R","Defend_R","Defend_R+1","Disarm","Dual Wield+1","Entrench+1","Barricade+1","Flame Barrier+1","Offering+1","Shrug It Off+1","Headbutt","Metallicize","Berserk+1","Feel No Pain","Madness","Madness","Burning Pact","Flame Barrier+1","Warcry+1","True Grit+1","Warcry+1"],"relics":["Burning Blood","Mummified Hand","Bag of Marbles","Magic Flower","Meat on the Bone","Mark of Pain","Charon\u0027s Ashes","Letter Opener","Smiling Mask","Happy Flower","White Beast Statue","ClockworkSouvenir","FossilizedHelix","Toxic Egg 2","Bronze Scales","Turnip"],"potions_floor_usage":[13,16,16,25,25,33,42,50,50,50],"damage_taken":[{"damage":6,"enemies":"Jaw Worm","floor":1,"turns":3},{"damage":1,"enemies":"Cultist","floor":3,"turns":4},{"damage":52,"enemies":"Gremlin Nob","floor":6,"turns":6},{"damage":0,"enemies":"2 Louse","floor":8,"turns":3},{"damage":6,"enemies":"2 Fungi Beasts","floor":11,"turns":4},{"damage":36,"enemies":"Lagavulin","floor":13,"turns":11},{"damage":1,"enemies":"3 Louse","floor":14,"turns":5},{"damage":0,"enemies":"Hexaghost","floor":16,"turns":27},{"damage":6,"enemies":"Shell Parasite","floor":18,"turns":11},{"damage":38,"enemies":"Spheric Guardian","floor":19,"turns":12},{"damage":14,"enemies":"Snake Plant","floor":20,"turns":10},{"damage":24,"enemies":"Cultist and Chosen","floor":25,"turns":8},{"damage":6,"enemies":"Gremlin Leader","floor":27,"turns":21},{"damage":15,"enemies":"Shelled Parasite and Fungi","floor":30,"turns":13},{"damage":33,"enemies":"Slavers","floor":31,"turns":6},{"damage":6,"enemies":"Automaton","floor":33,"turns":23},{"damage":39,"enemies":"Orb Walker","floor":35,"turns":7},{"damage":6,"enemies":"3 Shapes","floor":37,"turns":6},{"damage":17,"enemies":"Spire Growth","floor":39,"turns":7},{"damage":6,"enemies":"Sphere and 2 Shapes","floor":41,"turns":6},{"damage":0,"enemies":"Giant Head","floor":42,"turns":21},{"damage":0,"enemies":"Mysterious Sphere","floor":46,"turns":5},{"damage":0,"enemies":"Maw","floor":47,"turns":11},{"damage":30,"enemies":"Awakened One","floor":50,"turns":21}],"seed_played":"5191793803275177677","potions_obtained":[{"floor":1,"key":"SpeedPotion"},{"floor":6,"key":"Block Potion"},{"floor":13,"key":"SkillPotion"},{"floor":16,"key":"Poison Potion"},{"floor":18,"key":"Poison Potion"},{"floor":25,"key":"Dexterity Potion"},{"floor":27,"key":"FearPotion"},{"floor":31,"key":"Weak Potion"},{"floor":35,"key":"FearPotion"},{"floor":39,"key":"AttackPotion"},{"floor":41,"key":"FairyPotion"},{"floor":42,"key":"Dexterity Potion"},{"floor":47,"key":"Strength Potion"}],"is_trial":false,"path_per_floor":["M","?","M","T","?","E","R","M","T","?","M","R","E","M","R","B",null,"M","M","M","?","$","R","?","M","T","E","?","R","M","E","R","B",null,"M","?","M","$","M","R","M","E","T","$","?","?","M","$","R","B"],"character_chosen":"IRONCLAD","items_purchased":["Metallicize","Burning Pact","ClockworkSouvenir","Bronze Scales","True Grit+1"],"campfire_rested":1,"item_purchase_floors":[22,38,38,44,44],"current_hp_per_floor":[80,80,80,80,80,34,34,40,40,24,27,51,24,50,50,59,80,80,51,64,64,64,64,64,67,67,70,70,70,64,58,58,61,80,50,40,61,61,53,53,56,65,65,65,65,74,80,80,80,59],"gold":33,"neow_bonus":"ONE_RANDOM_RARE_CARD","is_prod":false,"is_daily":false,"chose_seed":false,"campfire_upgraded":7,"win_rate":0,"timestamp":1539547836,"path_taken":["M","?","?","?","?","E","R","M","T","?","M","R","E","M","R","BOSS","M","?","M","?","$","R","?","M","T","E","?","R","M","E","R","BOSS","M","?","M","$","M","R","?","E","T","$","?","?","?","$","R","BOSS"],"build_version":"2018-10-11","purchased_purges":3,"victory":true,"max_hp_per_floor":[80,80,80,80,80,80,80,80,80,80,80,80,80,80,80,80,80,80,80,80,80,80,80,80,80,80,80,80,80,80,80,80,80,80,80,80,80,80,80,80,80,80,80,80,80,80,80,80,80,80],"card_choices":[{"not_picked":["Metallicize","Shockwave"],"picked":"Disarm","floor":1},{"not_picked":["Evolve","Sword Boomerang","Havoc"],"picked":"SKIP","floor":3},{"not_picked":["Battle Trance","Sentinel"],"picked":"Entrench","floor":6},{"not_picked":["Pommel Strike","Sword Boomerang","Armaments"],"picked":"SKIP","floor":8},{"not_picked":["Blood for Blood","Thunderclap","Wild Strike"],"picked":"SKIP","floor":11},{"not_picked":["Clothesline","Anger"],"picked":"Barricade","floor":13},{"not_picked":["Power Through","Shrug It Off"],"picked":"Flame Barrier","floor":14},{"not_picked":["Barricade","Dark Embrace"],"picked":"Offering","floor":16},{"not_picked":["Combust","Thunderclap","Heavy Blade"],"picked":"SKIP","floor":18},{"not_picked":["Cleave+1","Warcry"],"picked":"Shrug It Off","floor":19},{"not_picked":["Fire Breathing","Twin Strike"],"picked":"Headbutt","floor":20},{"not_picked":["Sword Boomerang","Searing Blow+1","Clothesline"],"picked":"SKIP","floor":25},{"not_picked":["Infernal Blade","Carnage","Clothesline+1"],"picked":"SKIP","floor":27},{"not_picked":["Combust","Cleave+1","Anger"],"picked":"SKIP","floor":30},{"not_picked":["Corruption","Bludgeon","Carnage"],"picked":"SKIP","floor":31},{"not_picked":["Fiend Fire","Double Tap"],"picked":"Berserk","floor":33},{"not_picked":["Wild Strike+1","Warcry+1"],"picked":"Feel No Pain","floor":35},{"not_picked":["Wild Strike+1","Pommel Strike","Dropkick"],"picked":"SKIP","floor":37},{"not_picked":["Anger+1","Bloodletting"],"picked":"Flame Barrier+1","floor":39},{"not_picked":["Clash+1","Sword Boomerang+1"],"picked":"Warcry+1","floor":41},{"not_picked":["Sword Boomerang+1","Clash","Perfected Strike"],"picked":"SKIP","floor":42},{"not_picked":["Thunderclap","Pommel Strike"],"picked":"Warcry+1","floor":47}],"player_experience":288889,"relics_obtained":[{"floor":4,"key":"Mummified Hand"},{"floor":6,"key":"Bag of Marbles"},{"floor":9,"key":"Magic Flower"},{"floor":13,"key":"Meat on the Bone"},{"floor":26,"key":"Letter Opener"},{"floor":27,"key":"Smiling Mask"},{"floor":31,"key":"Happy Flower"},{"floor":42,"key":"FossilizedHelix"},{"floor":43,"key":"Toxic Egg 2"},{"floor":46,"key":"Turnip"}],"event_choices":[{"event_name":"Transmorgrifier","player_choice":"Transform","floor":2,"damage_taken":0},{"event_name":"The Cleric","player_choice":"Card Removal","floor":5,"damage_taken":0},{"event_name":"Shining Light","player_choice":"Entered Light","floor":10,"damage_taken":0},{"event_name":"Addict","player_choice":"Obtained Relic","floor":21,"damage_taken":0},{"event_name":"Nest","player_choice":"Stole From Cult","floor":24,"damage_taken":0},{"event_name":"Wheel of Change","player_choice":"Card Removal","floor":28,"damage_taken":0},{"event_name":"Winding Halls","player_choice":"Embrace Madness","floor":36,"damage_taken":0},{"event_name":"Falling","player_choice":"Removed Attack","floor":45,"damage_taken":0},{"event_name":"Mysterious Sphere","player_choice":"Fight","floor":46,"damage_taken":0}],"is_beta":false,"boss_relics":[{"not_picked":["Runic Cube","Pandora\u0027s Box"],"picked":"Mark of Pain"},{"not_picked":["Coffee Dripper","Fusion Hammer"],"picked":"White Beast Statue"}],"items_purged_floors":[22,38,48],"is_endless":false,"potions_floor_spawned":[1,6,13,16,18,25,27,31,35,37,39,41,42,46,47],"ascension_level":0}