{"gold_per_floor":[116,126,146,197,215,246,246,246,246,286,304,319,16,32,32,32],"floor_reached":16,"playtime":423,"items_purged":[],"score":125,"play_id":"3f8701a8-3488-44fc-8ad6-8dc6105eb2c9","local_time":"20190204184651","is_ascension_mode":true,"campfire_choices":[{"data":"Defragment","floor":7,"key":"SMITH"},{"floor":15,"key":"REST"}],"neow_cost":"NONE","seed_source_timestamp":1223222181383226,"circlet_count":0,"master_deck":["Strike_B","Strike_B","Strike_B","Strike_B","Defend_B","Defend_B","Defend_B","Defend_B","Zap","Dualcast","Redo","Melter","Redo","Auto Shields","Defragment+1","Injury","Conserve Battery","Doom and Gloom","Hyperbeam","Defragment","Undo","Cold Snap"],"relics":["Cracked Core","NeowsBlessing","Darkstone Periapt","Golden Idol","Cables","Gremlin Horn","Bag of Marbles"],"potions_floor_usage":[5,6,6,12,16],"damage_taken":[{"damage":0,"enemies":"Cultist","floor":1,"turns":1},{"damage":0,"enemies":"2 Louse","floor":2,"turns":1},{"damage":0,"enemies":"Small Slimes","floor":3,"turns":1},{"damage":13,"enemies":"Exordium Wildlife","floor":5,"turns":4},{"damage":21,"enemies":"Lagavulin","floor":6,"turns":4},{"damage":25,"enemies":"Gremlin Nob","floor":10,"turns":4},{"damage":1,"enemies":"Looter","floor":11,"turns":3},{"damage":9,"enemies":"Red Slaver","floor":12,"turns":4},{"damage":0,"enemies":"3 Louse","floor":14,"turns":1},{"damage":42,"enemies":"Hexaghost","floor":16,"turns":8}],"seed_played":"-1241435387289354814","potions_obtained":[{"floor":1,"key":"PowerPotion"},{"floor":2,"key":"PowerPotion"},{"floor":3,"key":"FearPotion"},{"floor":11,"key":"Strength Potion"},{"floor":14,"key":"Strength Potion"}],"is_trial":false,"path_per_floor":["M","M","M","T","M","E","R","?","T","E","M","M","$","M","R","B"],"character_chosen":"DEFECT","items_purchased":["Defragment","Bag of Marbles","Undo"],"campfire_rested":1,"item_purchase_floors":[13,13,13],"current_hp_per_floor":[75,75,75,75,62,41,41,47,47,22,21,12,12,12,36,0],"gold":32,"neow_bonus":"THREE_ENEMY_KILL","is_prod":false,"is_daily":false,"chose_seed":false,"campfire_upgraded":1,"win_rate":0,"timestamp":1549334811,"path_taken":["M","M","M","?","M","E","R","?","T","E","M","M","$","M","R","BOSS"],"build_version":"2019-01-23","purchased_purges":0,"victory":false,"max_hp_per_floor":[75,75,75,75,75,75,75,81,81,81,81,81,81,81,81,81],"card_choices":[{"not_picked":["Blizzard","Reprogram"],"picked":"Redo","floor":1},{"not_picked":["Conserve Battery","Fusion"],"picked":"Melter","floor":2},{"not_picked":["Beam Cell","Gash"],"picked":"Redo","floor":3},{"not_picked":["Undo","Hologram"],"picked":"Auto Shields","floor":5},{"not_picked":["Genetic Algorithm","Gash"],"picked":"Defragment","floor":6},{"not_picked":["Streamline","Hologram"],"picked":"Conserve Battery","floor":10},{"not_picked":["Tempest","Go for the Eyes"],"picked":"Doom and Gloom","floor":11},{"not_picked":["Compile Driver","Barrage"],"picked":"Hyperbeam","floor":12},{"not_picked":["Rebound","Steam"],"picked":"Cold Snap","floor":14}],"player_experience":348758,"relics_obtained":[{"floor":6,"key":"Darkstone Periapt"},{"floor":9,"key":"Cables"},{"floor":10,"key":"Gremlin Horn"}],"event_choices":[{"damage_healed":0,"gold_gain":0,"player_choice":"Take Wound","damage_taken":0,"relics_obtained":["Golden Idol"],"max_hp_gain":0,"max_hp_loss":0,"event_name":"Golden Idol","floor":8,"gold_loss":0,"cards_obtained":["Injury"]}],"is_beta":false,"boss_relics":[],"items_purged_floors":[],"is_endless":false,"potions_floor_spawned":[1,2,3,11,14],"killed_by":"Hexaghost","ascension_level":2}