{"gold_per_floor":[117,117,131,131,148,178,192,192,238,250,53,73,73,100,100,177,177,151,151,171,182,199,199,227,227,252,252,285,50,67,98,98,172,172,189,189,199,218,41,73,73,103,103,113,113,131,144,164,164,164],"floor_reached":50,"playtime":2019,"items_purged":["Strike_R","Strike_R"],"score":1029,"play_id":"3cf80928-ad7c-4c1a-9fb5-7489faa13f09","local_time":"20190425132834","is_ascension_mode":true,"campfire_choices":[{"floor":8,"key":"REST"},{"data":"Whirlwind","floor":13,"key":"SMITH"},{"floor":15,"key":"REST"},{"data":"Carnage","floor":23,"key":"SMITH"},{"floor":27,"key":"REST"},{"data":"Impervious","floor":32,"key":"SMITH"},{"floor":41,"key":"REST"},{"floor":45,"key":"REST"},{"floor":49,"key":"REST"}],"neow_cost":"NONE","seed_source_timestamp":23522654375200,"circlet_count":0,"master_deck":["AscendersBane","Strike_R","Strike_R","Defend_R","Defend_R","Defend_R","Defend_R","Bash","Disarm","Armaments","Cleave","Carnage+1","Cleave","Whirlwind+1","Impervious+1","Flame Barrier+1","Fiend Fire","Armaments","Thunderclap","Clothesline","Seeing Red+1","Impervious","Headbutt","Demon Form","Seeing Red","Shrug It Off","Seeing Red+1","Metallicize","Entrench","Limit Break","Ghostly Armor","Inflame+1"],"relics":["Burning Blood","Darkstone Periapt","Omamori","Red Skull","Vajra","Velvet Choker","Necronomicon","Pen Nib","Anchor","Gambling Chip","PreservedInsect","Red Mask","Black Star","WarpedTongs","Ginger","Ornamental Fan","Dream Catcher","Frozen Egg 2","Gremlin Horn"],"potions_floor_usage":[6,7,12,14,14,16,44,44,46,50],"damage_taken":[{"damage":7,"enemies":"Small Slimes","floor":1,"turns":4},{"damage":1,"enemies":"2 Louse","floor":3,"turns":5},{"damage":0,"enemies":"Cultist","floor":5,"turns":4},{"damage":40,"enemies":"Gremlin Nob","floor":6,"turns":5},{"damage":0,"enemies":"2 Fungi Beasts","floor":7,"turns":2},{"damage":23,"enemies":"Exordium Wildlife","floor":10,"turns":4},{"damage":0,"enemies":"Gremlin Gang","floor":12,"turns":2},{"damage":33,"enemies":"Lagavulin","floor":14,"turns":5},{"damage":13,"enemies":"Hexaghost","floor":16,"turns":11},{"damage":5,"enemies":"2 Thieves","floor":18,"turns":4},{"damage":10,"enemies":"Shell Parasite","floor":20,"turns":4},{"damage":11,"enemies":"Snecko","floor":21,"turns":3},{"damage":0,"enemies":"Cultist and Chosen","floor":22,"turns":3},{"damage":30,"enemies":"Gremlin Leader","floor":24,"turns":5},{"damage":15,"enemies":"Slavers","floor":28,"turns":4},{"damage":0,"enemies":"Snake Plant","floor":30,"turns":3},{"damage":0,"enemies":"Masked Bandits","floor":31,"turns":1},{"damage":42,"enemies":"Champ","floor":33,"turns":8},{"damage":21,"enemies":"Orb Walker","floor":35,"turns":3},{"damage":0,"enemies":"3 Darklings","floor":37,"turns":2},{"damage":16,"enemies":"Writhing Mass","floor":38,"turns":6},{"damage":33,"enemies":"Reptomancer","floor":40,"turns":3},{"damage":36,"enemies":"Nemesis","floor":42,"turns":7},{"damage":6,"enemies":"Sphere and 2 Shapes","floor":44,"turns":3},{"damage":37,"enemies":"Spire Growth","floor":46,"turns":4},{"damage":0,"enemies":"Jaw Worm Horde","floor":47,"turns":1},{"damage":10,"enemies":"Transient","floor":48,"turns":6},{"damage":46,"enemies":"Time Eater","floor":50,"turns":5}],"seed_played":"9183017113010993177","potions_obtained":[{"floor":1,"key":"Ancient Potion"},{"floor":5,"key":"Explosive Potion"},{"floor":10,"key":"Dexterity Potion"},{"floor":12,"key":"Regen Potion"},{"floor":14,"key":"Fire Potion"},{"floor":16,"key":"SteroidPotion"},{"floor":21,"key":"GamblersBrew"},{"floor":24,"key":"LiquidBronze"},{"floor":28,"key":"Fire Potion"},{"floor":30,"key":"SteroidPotion"},{"floor":42,"key":"Regen Potion"},{"floor":44,"key":"BloodPotion"},{"floor":47,"key":"GamblersBrew"}],"is_trial":false,"path_per_floor":["M","?","M","?","M","E","M","R","T","M","$","M","R","E","R","B",null,"M","?","M","M","M","R","E","?","T","R","E","$","M","?","R","B",null,"M","?","M","M","$","E","R","E","T","M","R","M","M","M","R","B"],"character_chosen":"IRONCLAD","items_purchased":["Whirlwind","AttackPotion","Strength Potion","PreservedInsect","Metallicize"],"campfire_rested":6,"item_purchase_floors":[11,11,11,29,39],"current_hp_per_floor":[74,48,53,46,52,18,24,48,48,31,31,37,37,15,39,32,70,71,50,46,41,47,47,23,23,23,47,38,38,44,50,50,14,65,50,50,56,46,46,19,43,13,13,18,42,19,25,21,45,0],"gold":164,"neow_bonus":"TEN_PERCENT_HP_BONUS","is_prod":false,"is_daily":false,"chose_seed":false,"campfire_upgraded":3,"win_rate":0,"timestamp":1556224114,"path_taken":["M","?","M","?","M","E","M","R","T","M","$","M","R","E","R","BOSS","M","?","M","M","M","R","E","?","T","R","E","$","?","?","R","BOSS","M","?","M","?","$","E","R","E","T","M","R","M","M","M","R","BOSS"],"build_version":"2019-01-23","purchased_purges":2,"victory":false,"max_hp_per_floor":[82,82,82,82,82,82,82,82,82,82,82,82,82,82,82,82,82,82,82,82,82,82,82,82,82,82,82,82,82,82,82,82,82,82,82,82,82,82,82,82,82,82,82,82,82,82,82,82,82,82],"card_choices":[{"not_picked":["Seeing Red","Heavy Blade"],"picked":"Disarm","floor":1},{"not_picked":["Havoc","Warcry"],"picked":"Armaments","floor":3},{"not_picked":["Infernal Blade","Reckless Charge"],"picked":"Cleave","floor":5},{"not_picked":["Double Tap","Cleave"],"picked":"Carnage","floor":6},{"not_picked":["Sentinel","Body Slam"],"picked":"Cleave","floor":7},{"not_picked":["Iron Wave","Flex","Dropkick"],"picked":"SKIP","floor":10},{"not_picked":["Combust","Wild Strike"],"picked":"Impervious","floor":12},{"not_picked":["Entrench","Clothesline"],"picked":"Flame Barrier","floor":14},{"not_picked":["Juggernaut","Barricade"],"picked":"Fiend Fire","floor":16},{"not_picked":["Whirlwind","Warcry","Rage"],"picked":"SKIP","floor":18},{"not_picked":["Body Slam","Flex"],"picked":"Armaments","floor":20},{"not_picked":["Body Slam","Armaments+1"],"picked":"Thunderclap","floor":21},{"not_picked":["Twin Strike","Thunderclap"],"picked":"Clothesline","floor":22},{"not_picked":["Perfected Strike","Second Wind"],"picked":"Seeing Red+1","floor":24},{"not_picked":["Iron Wave+1","Carnage"],"picked":"Impervious","floor":28},{"not_picked":["Flex","Body Slam","Clash"],"picked":"SKIP","floor":30},{"not_picked":["Evolve","Perfected Strike"],"picked":"Headbutt","floor":31},{"not_picked":["Barricade","Juggernaut"],"picked":"Demon Form","floor":33},{"not_picked":["Warcry","Iron Wave+1"],"picked":"Seeing Red","floor":35},{"not_picked":["Pommel Strike","Heavy Blade+1"],"picked":"Shrug It Off","floor":37},{"not_picked":["Thunderclap","Anger"],"picked":"Seeing Red+1","floor":38},{"not_picked":["Wild Strike","Flex"],"picked":"Entrench","floor":40},{"not_picked":["Seeing Red+1","Pommel Strike"],"picked":"Limit Break","floor":42},{"not_picked":["Armaments+1","Reckless Charge","Clash"],"picked":"SKIP","floor":44},{"not_picked":["Sword Boomerang+1","Clothesline"],"picked":"Ghostly Armor","floor":46},{"not_picked":["Dual Wield","True Grit"],"picked":"Inflame+1","floor":47},{"not_picked":["Evolve+1","Armaments","Dropkick"],"picked":"SKIP","floor":48}],"player_experience":482819,"relics_obtained":[{"floor":6,"key":"Omamori"},{"floor":9,"key":"Red Skull"},{"floor":14,"key":"Vajra"},{"floor":19,"key":"Necronomicon"},{"floor":24,"key":"Pen Nib"},{"floor":26,"key":"Anchor"},{"floor":28,"key":"Gambling Chip"},{"floor":31,"key":"Red Mask"},{"floor":40,"key":"Ginger"},{"floor":40,"key":"Ornamental Fan"},{"floor":42,"key":"Dream Catcher"},{"floor":42,"key":"Frozen Egg 2"},{"floor":43,"key":"Gremlin Horn"}],"event_choices":[{"damage_healed":0,"gold_gain":0,"player_choice":"Success","damage_taken":26,"relics_obtained":["Darkstone Periapt"],"max_hp_gain":0,"max_hp_loss":0,"event_name":"Scrap Ooze","floor":2,"gold_loss":0},{"cards_removed":["Strike_R"],"damage_healed":0,"gold_gain":0,"player_choice":"Card Removal","damage_taken":7,"max_hp_gain":0,"max_hp_loss":0,"event_name":"Golden Wing","floor":4,"gold_loss":0},{"damage_healed":0,"gold_gain":0,"player_choice":"Obtained Book","damage_taken":21,"max_hp_gain":0,"max_hp_loss":0,"event_name":"Cursed Tome","floor":19,"gold_loss":0},{"damage_healed":0,"gold_gain":0,"player_choice":"Upgraded","damage_taken":0,"max_hp_gain":0,"max_hp_loss":0,"event_name":"Upgrade Shrine","floor":25,"gold_loss":0,"cards_upgraded":["Flame Barrier"]},{"damage_healed":0,"gold_gain":0,"player_choice":"Fought Bandits","damage_taken":0,"max_hp_gain":0,"max_hp_loss":0,"event_name":"Masked Bandits","floor":31,"gold_loss":0},{"damage_healed":0,"gold_gain":0,"player_choice":"Rummage","damage_taken":0,"relics_obtained":["WarpedTongs"],"max_hp_gain":0,"max_hp_loss":0,"event_name":"Accursed Blacksmith","floor":36,"gold_loss":0,"cards_obtained":["Pain"]}],"is_beta":false,"boss_relics":[{"not_picked":["Astrolabe","Philosopher\u0027s Stone"],"picked":"Velvet Choker"},{"not_picked":["Tiny House","Fusion Hammer"],"picked":"Black Star"}],"items_purged_floors":[29,39],"is_endless":false,"potions_floor_spawned":[1,5,10,12,14,16,21,24,28,30,31,35,42,44,47],"killed_by":"Time Eater","ascension_level":17}