{"gold_per_floor":[218,2,13,23,23,23,57,57,57,89,115,127,139,168,180,192],"floor_reached":16,"playtime":680,"items_purged":[],"score":216,"play_id":"153bdea3-fd5e-45c9-8dc3-0f5b6718ac74","local_time":"20190430173112","is_ascension_mode":true,"campfire_choices":[{"data":"Crippling Poison","floor":6,"key":"SMITH"},{"data":"Neutralize","floor":8,"key":"SMITH"},{"data":"Cloak And Dagger","floor":15,"key":"SMITH"}],"neow_cost":"NONE","seed_source_timestamp":3267339810526125,"circlet_count":0,"master_deck":["AscendersBane","Defend_G","Defend_G","Defend_G","Defend_G","Defend_G","Strike_G","Strike_G","Strike_G","Strike_G","Strike_G","Survivor","Neutralize+1","Deadly Poison","Crippling Poison+1","Cloak And Dagger+1","Cloak And Dagger"],"relics":["Ring of the Snake","Medical Kit","Singing Bowl","Kunai","Calipers","MawBank"],"potions_floor_usage":[10,16],"damage_taken":[{"damage":7,"enemies":"2 Louse","floor":1,"turns":3},{"damage":2,"enemies":"Jaw Worm","floor":3,"turns":5},{"damage":0,"enemies":"Cultist","floor":4,"turns":4},{"damage":29,"enemies":"Gremlin Nob","floor":7,"turns":4},{"damage":16,"enemies":"Lagavulin","floor":10,"turns":6},{"damage":0,"enemies":"Looter","floor":14,"turns":4},{"damage":15,"enemies":"Hexaghost","floor":16,"turns":11}],"seed_played":"-9127020468904904106","potions_obtained":[{"floor":7,"key":"Fire Potion"},{"floor":10,"key":"EntropicBrew"}],"is_trial":false,"path_per_floor":["M","$","M","M","?","R","E","R","T","E","T","?","$","M","R","B"],"character_chosen":"THE_SILENT","items_purchased":["Medical Kit"],"campfire_rested":0,"item_purchase_floors":[2],"current_hp_per_floor":[52,52,50,50,50,50,23,23,23,7,7,7,7,7,7,0],"gold":192,"neow_bonus":"HUNDRED_GOLD","is_prod":false,"is_daily":false,"chose_seed":false,"campfire_upgraded":3,"win_rate":0,"timestamp":1556641872,"path_taken":["M","$","M","M","?","R","E","R","T","E","?","?","?","M","R","BOSS"],"build_version":"2019-01-23","purchased_purges":0,"victory":false,"max_hp_per_floor":[66,66,66,66,66,66,68,68,68,68,68,68,68,68,68,68],"card_choices":[{"not_picked":["Dagger Spray","Dagger Throw"],"picked":"Deadly Poison","floor":1},{"not_picked":["PiercingWail","Backflip"],"picked":"Crippling Poison","floor":3},{"not_picked":["Distraction","Expertise","Dodge and Roll"],"picked":"SKIP","floor":4},{"not_picked":["Eviscerate","Riddle With Holes","Poisoned Stab"],"picked":"Singing Bowl","floor":7},{"not_picked":["Tools of the Trade","Tactician"],"picked":"Cloak And Dagger","floor":10},{"not_picked":["Slice","PiercingWail"],"picked":"Cloak And Dagger","floor":14}],"player_experience":262797,"relics_obtained":[{"floor":7,"key":"Singing Bowl"},{"floor":9,"key":"Kunai"},{"floor":10,"key":"Calipers"},{"floor":11,"key":"MawBank"}],"event_choices":[{"damage_healed":0,"gold_gain":0,"player_choice":"Leave","damage_taken":0,"max_hp_gain":0,"max_hp_loss":0,"event_name":"The Cleric","floor":5,"gold_loss":0},{"damage_healed":0,"gold_gain":0,"player_choice":"Fled","damage_taken":0,"max_hp_gain":0,"max_hp_loss":0,"event_name":"Scrap Ooze","floor":12,"gold_loss":0}],"is_beta":false,"boss_relics":[],"items_purged_floors":[],"is_endless":false,"potions_floor_spawned":[7,10],"killed_by":"Hexaghost","ascension_level":20}