{"gold_per_floor":[111,111,61,73,0,31,31,31,56,56,72,72,72,84,84,184,184,203,203,221,221,42,42,42],"floor_reached":24,"playtime":725,"items_purged":["Defend_B"],"score":221,"play_id":"3a90816b-8bfc-4402-8eb6-2146dddb2aac","local_time":"20190427191015","is_ascension_mode":true,"campfire_choices":[{"floor":7,"key":"REST"},{"floor":10,"key":"REST"},{"data":"Tempest","floor":12,"key":"SMITH"},{"floor":15,"key":"REST"},{"floor":23,"key":"REST"}],"neow_cost":"NONE","seed_source_timestamp":28732461820605,"circlet_count":0,"master_deck":["Strike_B","Strike_B","Strike_B","Defend_B","Defend_B","Defend_B","Zap+1","Dualcast","Coolheaded","Amplify","Tempest+1","Ball Lightning","Sweeping Beam","Auto Shields","Self Repair","Redo","Defragment","Sweeping Beam"],"relics":["Cracked Core","Lantern","Darkstone Periapt","Pantograph","Vajra","Inserter"],"potions_floor_usage":[6,18,20,24,24,24],"damage_taken":[{"damage":2,"enemies":"Jaw Worm","floor":1,"turns":3},{"damage":1,"enemies":"Small Slimes","floor":4,"turns":3},{"damage":49,"enemies":"3 Sentries","floor":6,"turns":9},{"damage":0,"enemies":"2 Louse","floor":11,"turns":2},{"damage":11,"enemies":"Looter","floor":14,"turns":2},{"damage":24,"enemies":"The Guardian","floor":16,"turns":11},{"damage":23,"enemies":"2 Thieves","floor":18,"turns":3},{"damage":25,"enemies":"3 Byrds","floor":20,"turns":5},{"damage":39,"enemies":"Slavers","floor":24,"turns":3}],"seed_played":"-7056468748427802455","potions_obtained":[{"floor":4,"key":"Fire Potion"},{"floor":16,"key":"SkillPotion"},{"floor":18,"key":"Fire Potion"},{"floor":20,"key":"AttackPotion"},{"floor":21,"key":"Poison Potion"},{"floor":21,"key":"Block Potion"}],"is_trial":false,"path_per_floor":["M","?","?","M","$","E","R","?","T","R","M","R","?","M","R","B",null,"M","?","M","?","$","R","E"],"character_chosen":"DEFECT","items_purchased":["Tempest","Defragment","Sweeping Beam"],"campfire_rested":4,"item_purchase_floors":[5,22,22],"current_hp_per_floor":[73,73,73,72,72,23,45,38,38,60,60,60,60,49,71,51,75,52,38,13,13,13,37,0],"gold":42,"neow_bonus":"RANDOM_COMMON_RELIC","is_prod":false,"is_daily":false,"chose_seed":false,"campfire_upgraded":1,"win_rate":0,"timestamp":1556417415,"path_taken":["M","?","?","M","$","E","R","?","T","R","?","R","?","M","R","BOSS","M","?","M","?","$","R","E"],"build_version":"2019-01-23","purchased_purges":1,"victory":false,"max_hp_per_floor":[75,75,75,75,75,75,75,75,75,75,75,75,75,75,75,75,75,75,80,80,80,80,80,80],"card_choices":[{"not_picked":["Rebound","Barrage"],"picked":"Coolheaded","floor":1},{"not_picked":["Storm","Go for the Eyes"],"picked":"Amplify","floor":4},{"not_picked":["Hello World","Fusion"],"picked":"Ball Lightning","floor":6},{"not_picked":["Barrage","Rebound"],"picked":"Sweeping Beam","floor":11},{"not_picked":["Aggregate","Stack"],"picked":"Auto Shields","floor":14},{"not_picked":["Compile Driver+1","Capacitor"],"picked":"Self Repair","floor":18},{"not_picked":["Barrage","Leap"],"picked":"Redo","floor":20}],"player_experience":448013,"relics_obtained":[{"floor":6,"key":"Darkstone Periapt"},{"floor":9,"key":"Vajra"}],"event_choices":[{"damage_healed":0,"gold_gain":0,"player_choice":"Grow","damage_taken":0,"max_hp_gain":0,"max_hp_loss":0,"event_name":"Living Wall","floor":2,"gold_loss":0,"cards_upgraded":["Zap"]},{"cards_removed":["Strike_B"],"damage_healed":0,"gold_gain":0,"player_choice":"Card Removal","damage_taken":0,"max_hp_gain":0,"max_hp_loss":0,"event_name":"The Cleric","floor":3,"gold_loss":50},{"damage_healed":0,"gold_gain":0,"player_choice":"Success","damage_taken":7,"relics_obtained":["Pantograph"],"max_hp_gain":0,"max_hp_loss":0,"event_name":"Scrap Ooze","floor":8,"gold_loss":0},{"damage_healed":0,"gold_gain":0,"player_choice":"Searched \u00270\u0027 times","damage_taken":0,"max_hp_gain":0,"max_hp_loss":0,"event_name":"Dead Adventurer","floor":13,"gold_loss":0},{"damage_healed":0,"gold_gain":0,"player_choice":"Shed Blood","damage_taken":19,"max_hp_gain":5,"max_hp_loss":0,"event_name":"Forgotten Altar","floor":19,"gold_loss":0},{"damage_healed":0,"gold_gain":0,"player_choice":"Got Potions","damage_taken":0,"max_hp_gain":0,"max_hp_loss":0,"event_name":"Lab","floor":21,"gold_loss":0}],"is_beta":false,"boss_relics":[{"not_picked":["White Beast Statue","Fusion Hammer"],"picked":"Inserter"}],"items_purged_floors":[22],"is_endless":false,"potions_floor_spawned":[4,16,18,20],"killed_by":"Slavers","ascension_level":3}