{"gold_per_floor":[114,125,125,143,161,161,195,215,283,302,321,335,335,6,6,109,109,123,24,24,40,52,52],"floor_reached":23,"playtime":2209,"items_purged":["Normality"],"score":227,"play_id":"6b174525-0490-43ff-8f0f-216af23351b1","local_time":"20190417112953","is_ascension_mode":true,"campfire_choices":[{"data":"Zap","floor":6,"key":"SMITH"},{"floor":15,"key":"REST"}],"neow_cost":"NONE","seed_source_timestamp":650259809075700,"circlet_count":0,"master_deck":["Strike_B","Strike_B","Strike_B","Strike_B","Defend_B","Defend_B","Defend_B","Defend_B","Zap+1","Dualcast","Stack","Gash","Beam Cell+1","Hologram+1","Beam Cell","FTL","Steam","Scrape","Seek","Pain","Parasite","Conserve Battery+1","Beam Cell","Aggregate","Turbo+1"],"relics":["Nuclear Battery","Unceasing Top","Pocketwatch","Symbiotic Virus","Shuriken","Calling Bell","Happy Flower","Cables","Peace Pipe"],"potions_floor_usage":[7,7,11,16,22],"damage_taken":[{"damage":7,"enemies":"Jaw Worm","floor":1,"turns":3},{"damage":4,"enemies":"Small Slimes","floor":2,"turns":4},{"damage":5,"enemies":"2 Louse","floor":4,"turns":3},{"damage":6,"enemies":"Exordium Thugs","floor":5,"turns":5},{"damage":8,"enemies":"Gremlin Nob","floor":7,"turns":3},{"damage":9,"enemies":"2 Fungi Beasts","floor":8,"turns":4},{"damage":2,"enemies":"Looter","floor":10,"turns":3},{"damage":5,"enemies":"Gremlin Gang","floor":11,"turns":5},{"damage":4,"enemies":"Red Slaver","floor":12,"turns":2},{"damage":3,"enemies":"Slime Boss","floor":16,"turns":6},{"damage":20,"enemies":"Chosen","floor":18,"turns":4},{"damage":1,"enemies":"2 Thieves","floor":21,"turns":4},{"damage":5,"enemies":"3 Cultists","floor":22,"turns":5},{"damage":50,"enemies":"Slavers","floor":23,"turns":3}],"seed_played":"-2352223796317309275","potions_obtained":[{"floor":1,"key":"AttackPotion"},{"floor":2,"key":"SneckoOil"},{"floor":10,"key":"AttackPotion"},{"floor":12,"key":"PowerPotion"},{"floor":21,"key":"Block Potion"}],"is_trial":false,"path_per_floor":["M","M","?","M","M","R","E","M","T","M","M","M","?","$","R","B",null,"M","$","?","M","M","E"],"character_chosen":"DEFECT","items_purchased":["Shuriken","Scrape","Beam Cell"],"campfire_rested":1,"item_purchase_floors":[14,14,19],"current_hp_per_floor":[68,64,61,56,50,50,42,33,33,31,26,22,7,7,29,26,75,55,55,55,54,49,0],"gold":52,"neow_bonus":"BOSS_RELIC","is_prod":false,"is_daily":false,"chose_seed":false,"campfire_upgraded":1,"win_rate":0,"timestamp":1555493393,"path_taken":["M","M","?","M","M","R","E","M","T","M","M","M","?","$","R","BOSS","M","$","?","M","M","E"],"build_version":"2019-01-23","purchased_purges":1,"victory":false,"max_hp_per_floor":[75,75,75,75,75,75,75,75,75,75,75,75,75,75,75,75,75,75,75,75,75,75,75],"card_choices":[{"not_picked":["Glacier","Genetic Algorithm","Cold Snap"],"picked":"SKIP","floor":1},{"not_picked":["Turbo","Cold Snap"],"picked":"Stack","floor":2},{"not_picked":["Sweeping Beam","Coolheaded"],"picked":"Gash","floor":4},{"not_picked":["Conserve Battery","Turbo"],"picked":"Beam Cell","floor":5},{"not_picked":["Genetic Algorithm","Stack","Hello World"],"picked":"SKIP","floor":7},{"not_picked":["Steam Power","Barrage"],"picked":"Hologram","floor":8},{"not_picked":["Loop","Fission"],"picked":"Beam Cell","floor":10},{"not_picked":["Streamline","Glacier"],"picked":"FTL","floor":11},{"not_picked":["Redo","Stack"],"picked":"Steam","floor":12},{"not_picked":["Machine Learning","Echo Form"],"picked":"Seek","floor":16},{"not_picked":["Glacier","Reprogram"],"picked":"Conserve Battery+1","floor":18},{"not_picked":["Hello World+1","Darkness"],"picked":"Aggregate","floor":21},{"not_picked":["Stack","Leap"],"picked":"Turbo+1","floor":22}],"player_experience":534038,"relics_obtained":[{"floor":7,"key":"Pocketwatch"},{"floor":9,"key":"Symbiotic Virus"},{"floor":17,"key":"Happy Flower"},{"floor":17,"key":"Cables"},{"floor":17,"key":"Peace Pipe"}],"event_choices":[{"damage_healed":0,"gold_gain":0,"player_choice":"Success","damage_taken":3,"relics_obtained":["Unceasing Top"],"max_hp_gain":0,"max_hp_loss":0,"event_name":"Scrap Ooze","floor":3,"gold_loss":0},{"damage_healed":0,"gold_gain":0,"player_choice":"Entered Light","damage_taken":15,"max_hp_gain":0,"max_hp_loss":0,"event_name":"Shining Light","floor":13,"gold_loss":0,"cards_upgraded":["Beam Cell","Hologram"]},{"damage_healed":0,"gold_gain":0,"player_choice":"Ignored","damage_taken":0,"max_hp_gain":0,"max_hp_loss":0,"event_name":"Ghosts","floor":20,"gold_loss":0}],"is_beta":false,"boss_relics":[{"not_picked":["Tiny House","Busted Crown"],"picked":"Calling Bell"}],"items_purged_floors":[19],"is_endless":false,"potions_floor_spawned":[1,2,10,12,21],"killed_by":"Slavers","ascension_level":3}