{"gold_per_floor":[110,110,126,144,157,187,187,220,244,244],"floor_reached":10,"playtime":969,"items_purged":[],"score":109,"play_id":"748aaa37-90f5-47eb-b18d-e179191db96b","local_time":"20190420153310","is_ascension_mode":true,"campfire_choices":[{"floor":7,"key":"REST"}],"neow_cost":"NONE","seed_source_timestamp":168201037203600,"circlet_count":0,"master_deck":["Strike_R","Strike_R","Strike_R","Strike_R","Strike_R","Defend_R","Defend_R","Defend_R+1","Defend_R","Bash","True Grit","Evolve","Feel No Pain","Power Through+1","Wild Strike","Corruption"],"relics":["Burning Blood","PreservedInsect","War Paint","Bag of Preparation","Omamori"],"potions_floor_usage":[5,5,6,6],"damage_taken":[{"damage":13,"enemies":"Jaw Worm","floor":1,"turns":4},{"damage":6,"enemies":"Cultist","floor":3,"turns":4},{"damage":0,"enemies":"Small Slimes","floor":4,"turns":4},{"damage":18,"enemies":"Gremlin Gang","floor":5,"turns":7},{"damage":22,"enemies":"Lagavulin","floor":6,"turns":9},{"damage":25,"enemies":"3 Sentries","floor":8,"turns":9},{"damage":49,"enemies":"Gremlin Nob","floor":10,"turns":4}],"seed_played":"-8753725899201510801","potions_obtained":[{"floor":2,"key":"Dexterity Potion"},{"floor":2,"key":"GamblersBrew"},{"floor":2,"key":"Poison Potion"},{"floor":3,"key":"SteroidPotion"},{"floor":5,"key":"Weak Potion"}],"is_trial":false,"path_per_floor":["?","M"],"character_chosen":"IRONCLAD","items_purchased":[],"campfire_rested":1,"item_purchase_floors":[],"current_hp_per_floor":[65,65,65,71,59,43,67,48,48,0],"gold":244,"neow_bonus":"RANDOM_COMMON_RELIC","is_prod":false,"is_daily":false,"chose_seed":false,"campfire_upgraded":0,"win_rate":0,"timestamp":1555795990,"path_taken":["M","?","M","M","?","E","R","E","T","E"],"build_version":"2019-01-23","purchased_purges":0,"victory":false,"max_hp_per_floor":[80,80,80,80,80,80,80,80,80,80],"card_choices":[{"not_picked":["Clash","Reckless Charge"],"picked":"True Grit","floor":1},{"not_picked":["Warcry","Spot Weakness"],"picked":"Evolve","floor":3},{"not_picked":["Havoc","Battle Trance"],"picked":"Feel No Pain","floor":4},{"not_picked":["Iron Wave","Clash"],"picked":"Power Through","floor":5},{"not_picked":["Power Through","Heavy Blade"],"picked":"Wild Strike","floor":6},{"not_picked":["Demon Form","Iron Wave"],"picked":"Corruption","floor":8}],"player_experience":594006,"relics_obtained":[{"floor":6,"key":"War Paint"},{"floor":8,"key":"Bag of Preparation"},{"floor":9,"key":"Omamori"}],"event_choices":[{"damage_healed":0,"gold_gain":0,"player_choice":"Got Potions","damage_taken":0,"max_hp_gain":0,"max_hp_loss":0,"event_name":"Lab","floor":2,"gold_loss":0}],"is_beta":false,"boss_relics":[],"items_purged_floors":[],"is_endless":false,"potions_floor_spawned":[3,5],"killed_by":"Gremlin Nob","ascension_level":8}