{"gold_per_floor":[119,130,130,144,144,144,179,196,222,249,269,279,297,317,317,393,393,412,424,443,454,454,454,474,493,493,493,408,435,177,192,192,264,264,282,182,182,195,207,233,233,233,281,281,281,25,40,53,53,53],"floor_reached":51,"playtime":3717,"items_purged":["Strike_B","Strike_B"],"score":1131,"play_id":"a8cc66e9-49ee-436e-b30c-92e6e6c997d8","local_time":"20190506142128","is_ascension_mode":true,"campfire_choices":[{"data":"Chaos","floor":6.0,"key":"SMITH"},{"data":"Sunder","floor":15,"key":"SMITH"},{"data":"Seek","floor":23,"key":"SMITH"},{"floor":27,"key":"REST"},{"floor":32,"key":"REST"},{"floor":42,"key":"REST"},{"data":"Fission","floor":49,"key":"SMITH"}],"neow_cost":"NONE","seed_source_timestamp":46980458879709,"circlet_count":0,"master_deck":["AscendersBane","Strike_B","Defend_B","Defend_B","Defend_B","Zap","Dualcast","Reprogram","Go for the Eyes","Chaos+1","Conserve Battery","Echo Form","Sunder+1","Genetic Algorithm","Hologram","Ball Lightning","Seek+1","Biased Cognition","Doom and Gloom","Compile Driver","Compile Driver","Leap+1","Stack","Chill","Undo","Cold Snap","Fission+1","Glacier+1","Conserve Battery+1"],"special_seed":0,"relics":["Cracked Core","Bronze Scales","Happy Flower","Oddly Smooth Stone","Sozu","Dead Branch","Prayer Wheel","DataDisk","Busted Crown","Regal Pillow","PreservedInsect","Bottled Tornado"],"potions_floor_usage":[14,29,50],"damage_taken":[{"damage":3.0,"enemies":"2 Louse","floor":1.0,"turns":3.0},{"damage":4.0,"enemies":"Small Slimes","floor":2.0,"turns":3.0},{"damage":1.0,"enemies":"Cultist","floor":4.0,"turns":4.0},{"damage":20.0,"enemies":"Lagavulin","floor":7.0,"turns":6.0},{"damage":8.0,"enemies":"Large Slime","floor":8.0,"turns":4.0},{"damage":16.0,"enemies":"Gremlin Nob","floor":10.0,"turns":4.0},{"damage":9.0,"enemies":"Looter","floor":11.0,"turns":2.0},{"damage":12.0,"enemies":"Blue Slaver","floor":12.0,"turns":3.0},{"damage":7.0,"enemies":"2 Fungi Beasts","floor":13.0,"turns":5.0},{"damage":11,"enemies":"Exordium Thugs","floor":14,"turns":4},{"damage":18,"enemies":"Hexaghost","floor":16,"turns":7},{"damage":0,"enemies":"Chosen","floor":18,"turns":3},{"damage":2,"enemies":"3 Byrds","floor":19,"turns":3},{"damage":20,"enemies":"Sentry and Sphere","floor":20,"turns":4},{"damage":10,"enemies":"Centurion and Healer","floor":21,"turns":4},{"damage":28,"enemies":"Colosseum Slavers","floor":22,"turns":4},{"damage":18,"enemies":"Chosen and Byrds","floor":24,"turns":4},{"damage":0,"enemies":"Snake Plant","floor":25,"turns":4},{"damage":24,"enemies":"Gremlin Leader","floor":29,"turns":6},{"damage":4,"enemies":"Shelled Parasite and Fungi","floor":31,"turns":5},{"damage":5,"enemies":"Champ","floor":33,"turns":12},{"damage":0,"enemies":"Orb Walker","floor":35,"turns":3},{"damage":0,"enemies":"3 Darklings","floor":38,"turns":4},{"damage":38,"enemies":"Jaw Worm Horde","floor":39,"turns":4},{"damage":22,"enemies":"Reptomancer","floor":40,"turns":9},{"damage":2,"enemies":"Spire Growth","floor":47,"turns":5},{"damage":0,"enemies":"4 Shapes","floor":48,"turns":3},{"damage":32,"enemies":"Donu and Deca","floor":50,"turns":9}],"seed_played":"6966864864268705074","potions_obtained":[{"floor":1.0,"key":"Regen Potion"},{"floor":7.0,"key":"Dexterity Potion"},{"floor":8.0,"key":"Regen Potion"},{"floor":10.0,"key":"Dexterity Potion"},{"floor":16,"key":"Strength Potion"}],"is_trial":false,"path_per_floor":["M","M","?","M","?","R","E","M","T","E","M","M","M","M","R","B",null,"M","M","M","M","?","R","M","M","T","R","?","E","$","M","R","B",null,"M","$","?","M","M","E","?","R","T","?","?","$","M","M","R","B",null],"character_chosen":"DEFECT","items_purchased":["DataDisk","Undo","Bottled Tornado"],"campfire_rested":3,"item_purchase_floors":[30,30,46],"current_hp_per_floor":[61,57,50,49,54,54,48,40,40,36,27,22,29,32,32,21,62,69,67,54,51,30,30,19,33,33,55,55,38,38,41,63,65,73,76,76,76,76,45,30,30,67,67,67,67,67,65,65,65,33],"gold":53,"neow_bonus":"TRANSFORM_CARD","is_prod":false,"is_daily":false,"chose_seed":false,"campfire_upgraded":4,"win_rate":0,"timestamp":1557120088,"path_taken":["M","M","?","M","?","R","E","M","T","E","M","M","M","M","R","BOSS","M","M","M","M","?","R","M","M","T","R","?","E","$","M","R","BOSS","M","$","?","?","M","E","?","R","T","?","?","?","M","?","R","BOSS"],"build_version":"2019-01-23","purchased_purges":2,"victory":true,"max_hp_per_floor":[71,71,71,71,76,76,76,76,76,76,76,76,76,76,76,76,76,76,76,76,76,76,76,76,76,76,76,76,76,76,76,76,76,76,76,76,76,76,76,76,76,76,76,76,76,76,76,76,76,76],"card_choices":[{"not_picked":["BootSequence","Compile Driver"],"picked":"Go for the Eyes","floor":1.0},{"not_picked":["Barrage","Skim"],"picked":"Chaos","floor":2.0},{"not_picked":["Streamline","Double Energy"],"picked":"Conserve Battery","floor":4.0},{"not_picked":["Leap","Beam Cell"],"picked":"Echo Form","floor":7.0},{"not_picked":["Gash","Steam"],"picked":"Sunder","floor":8.0},{"not_picked":["Streamline","Doom and Gloom"],"picked":"Genetic Algorithm","floor":10.0},{"not_picked":["Compile Driver","Melter"],"picked":"Self Repair","floor":11.0},{"not_picked":["Double Energy","Heatsinks"],"picked":"Hologram","floor":12.0},{"not_picked":["BootSequence","Conserve Battery"],"picked":"Ball Lightning","floor":13.0},{"not_picked":["Go for the Eyes","Consume"],"picked":"Seek","floor":14},{"not_picked":["Fission","Creative AI"],"picked":"Biased Cognition","floor":16},{"not_picked":["Turbo","Loop"],"picked":"Doom and Gloom","floor":18},{"not_picked":["Storm","Rebound","Force Field"],"picked":"SKIP","floor":19},{"not_picked":["Streamline","Steam Power"],"picked":"Compile Driver","floor":20},{"not_picked":["Double Energy","Sweeping Beam"],"picked":"Compile Driver","floor":21},{"not_picked":["Fusion","FTL"],"picked":"Leap+1","floor":24},{"not_picked":["Beam Cell+1","Biased Cognition"],"picked":"Stack","floor":25},{"not_picked":["Rebound","Darkness"],"picked":"Chill","floor":29},{"not_picked":["Go for the Eyes","Rebound"],"picked":"Cold Snap","floor":31},{"not_picked":["Rebound","Hyperbeam","Steam+1"],"picked":"SKIP","floor":31},{"not_picked":["Creative AI","Reboot"],"picked":"Fission","floor":33},{"not_picked":["Rip and Tear"],"picked":"SKIP","floor":35},{"not_picked":["Recycle"],"picked":"SKIP","floor":35},{"not_picked":["Steam Power"],"picked":"SKIP","floor":38},{"not_picked":["Stack"],"picked":"SKIP","floor":38},{"not_picked":[],"picked":"Glacier+1","floor":39},{"not_picked":["Redo"],"picked":"SKIP","floor":39},{"not_picked":[],"picked":"Conserve Battery+1","floor":40},{"not_picked":["Storm+1"],"picked":"SKIP","floor":47},{"not_picked":["Conserve Battery"],"picked":"SKIP","floor":47},{"not_picked":["Heatsinks"],"picked":"SKIP","floor":48},{"not_picked":["Barrage"],"picked":"SKIP","floor":48}],"player_experience":534473,"relics_obtained":[{"floor":7.0,"key":"Bronze Scales"},{"floor":9.0,"key":"Happy Flower"},{"floor":10.0,"key":"Oddly Smooth Stone"},{"floor":29,"key":"Prayer Wheel"},{"floor":40,"key":"Regal Pillow"},{"floor":43,"key":"PreservedInsect"}],"event_choices":[{"cards_removed":["Defend_B"],"damage_healed":0.0,"max_hp_gain":0.0,"max_hp_loss":0.0,"gold_gain":0.0,"event_name":"Golden Wing","player_choice":"Card Removal","floor":3.0,"gold_loss":0.0,"damage_taken":7.0},{"damage_healed":0.0,"max_hp_gain":5.0,"max_hp_loss":0.0,"gold_gain":0.0,"event_name":"Big Fish","player_choice":"Donut","floor":5.0,"gold_loss":0.0,"damage_taken":0.0},{"damage_healed":0,"gold_gain":0,"player_choice":"Fight","damage_taken":0,"max_hp_gain":0,"max_hp_loss":0,"event_name":"Colosseum","floor":22,"gold_loss":0},{"damage_healed":0,"gold_gain":0,"player_choice":"Fled From Nobs","damage_taken":0,"max_hp_gain":0,"max_hp_loss":0,"event_name":"Colosseum","floor":22,"gold_loss":0},{"damage_healed":0,"gold_gain":0,"player_choice":"Obtained Relic","damage_taken":0,"relics_obtained":["Dead Branch"],"max_hp_gain":0,"max_hp_loss":0,"event_name":"Addict","floor":28,"gold_loss":85},{"damage_healed":0,"gold_gain":0,"player_choice":"Bought 0 Potions","damage_taken":0,"max_hp_gain":0,"max_hp_loss":0,"event_name":"The Woman in Blue","floor":37,"gold_loss":0},{"cards_removed":["Self Repair"],"damage_healed":0,"gold_gain":0,"player_choice":"Removed Power","damage_taken":0,"max_hp_gain":0,"max_hp_loss":0,"event_name":"Falling","floor":41,"gold_loss":0},{"damage_healed":0,"gold_gain":0,"player_choice":"Ignored","damage_taken":0,"max_hp_gain":0,"max_hp_loss":0,"event_name":"Tomb of Lord Red Mask","floor":44,"gold_loss":0},{"damage_healed":0,"gold_gain":0,"player_choice":"Ignored","damage_taken":0,"max_hp_gain":0,"max_hp_loss":0,"event_name":"Mysterious Sphere","floor":45,"gold_loss":0}],"is_beta":false,"boss_relics":[{"not_picked":["Runic Pyramid","Philosopher\u0027s Stone"],"picked":"Sozu"},{"not_picked":["Snecko Eye","Fusion Hammer"],"picked":"Busted Crown"}],"items_purged_floors":[30,36],"is_endless":false,"potions_floor_spawned":[1,7,8,10,16,18,19,22,25,29,35,39,40],"ascension_level":14}