{"gold_per_floor":[166,181,191,211,222,222,148,165,213,224,224,224,287,313,313,313],"floor_reached":16,"playtime":635,"items_purged":[],"score":120,"play_id":"d6bfe982-3bb2-42b4-b42f-0d705fcd806f","local_time":"20190417143500","is_ascension_mode":true,"campfire_choices":[{"data":"Blizzard","floor":6,"key":"SMITH"},{"data":"White Noise","floor":15,"key":"SMITH"}],"neow_cost":"NONE","seed_source_timestamp":662947292594100,"circlet_count":0,"master_deck":["Strike_B","Strike_B","Strike_B","Strike_B","Defend_B","Defend_B","Defend_B","Defend_B+1","Zap","Dualcast","Streamline","Glacier","Blizzard+1","Glacier","Seek","Stack","White Noise+1","Reboot"],"relics":["Tiny House","Omamori","Gremlin Horn","Sundial"],"potions_floor_usage":[16,16],"damage_taken":[{"damage":7,"enemies":"Jaw Worm","floor":1,"turns":4},{"damage":0,"enemies":"Small Slimes","floor":2,"turns":4},{"damage":0,"enemies":"2 Louse","floor":3,"turns":4},{"damage":11,"enemies":"Exordium Wildlife","floor":4,"turns":5},{"damage":11,"enemies":"2 Fungi Beasts","floor":5,"turns":4},{"damage":4,"enemies":"Red Slaver","floor":8,"turns":5},{"damage":4,"enemies":"Blue Slaver","floor":10,"turns":4},{"damage":11,"enemies":"3 Sentries","floor":14,"turns":8},{"damage":33,"enemies":"Slime Boss","floor":16,"turns":12}],"seed_played":"-488382785577439839","potions_obtained":[{"floor":0,"key":"SneckoOil"},{"floor":1,"key":"FearPotion"},{"floor":3,"key":"Ancient Potion"},{"floor":4,"key":"Block Potion"}],"is_trial":false,"path_per_floor":["M","M","M","M","M","R","$","M","T","M","?","$","?","E","R","B"],"character_chosen":"DEFECT","items_purchased":["Seek"],"campfire_rested":0,"item_purchase_floors":[7],"current_hp_per_floor":[73,73,73,62,51,51,51,47,47,43,43,43,43,32,32,0],"gold":313,"neow_bonus":"BOSS_RELIC","is_prod":false,"is_daily":false,"chose_seed":false,"campfire_upgraded":2,"win_rate":0,"timestamp":1555504500,"path_taken":["M","M","M","M","M","R","$","M","T","M","?","?","?","E","R","BOSS"],"build_version":"2019-01-23","purchased_purges":0,"victory":false,"max_hp_per_floor":[80,80,80,80,80,80,80,80,80,80,80,80,80,80,80,80],"card_choices":[{"not_picked":["Self Repair","Recycle"],"picked":"Streamline","floor":0},{"not_picked":["Compile Driver","Go for the Eyes"],"picked":"Glacier","floor":1},{"not_picked":["Stack","Steam"],"picked":"Blizzard","floor":2},{"not_picked":["Gash","Hologram"],"picked":"Glacier","floor":3},{"not_picked":["Storm","Beam Cell","Tempest"],"picked":"SKIP","floor":4},{"not_picked":["Fusion","Heatsinks","Aggregate"],"picked":"SKIP","floor":5},{"not_picked":["Turbo","Storm"],"picked":"Stack","floor":8},{"not_picked":["Rebound","Turbo"],"picked":"White Noise","floor":10},{"not_picked":["Tempest","Rebound"],"picked":"Reboot","floor":14}],"player_experience":546209,"relics_obtained":[{"floor":9,"key":"Omamori"},{"floor":14,"key":"Sundial"}],"event_choices":[{"damage_healed":0,"gold_gain":0,"player_choice":"Box","damage_taken":0,"relics_obtained":["Gremlin Horn"],"max_hp_gain":0,"max_hp_loss":0,"event_name":"Big Fish","floor":11,"gold_loss":0,"cards_obtained":["Regret"]},{"damage_healed":0,"gold_gain":63,"player_choice":"Gained Gold","damage_taken":0,"max_hp_gain":0,"max_hp_loss":0,"event_name":"Golden Wing","floor":13,"gold_loss":0}],"is_beta":false,"boss_relics":[],"items_purged_floors":[],"is_endless":false,"potions_floor_spawned":[1,3,4,8,14],"killed_by":"Slime Boss","ascension_level":3}