{"gold_per_floor":[111,111,130,150,169,202,202,236,236,255,265,61,84,98,98,202,252,272,289,308,326,342,342,358,358,358,391,419,451,451,465,465,562,562,579,254,254,270,270,300,300,330,356,356,371,385,485,512,512,512],"floor_reached":51,"playtime":2985,"items_purged":["Strike_R"],"score":766,"play_id":"616c9d6d-31cb-4245-a38e-0e471ec96b77","local_time":"20181221145441","is_ascension_mode":false,"campfire_choices":[{"data":"Dual Wield","floor":7,"key":"SMITH"},{"data":"Bash","floor":15,"key":"SMITH"},{"data":"A Thousand Cuts","floor":23,"key":"SMITH"},{"data":"Clash","floor":25,"key":"SMITH"},{"data":"Clash","floor":32,"key":"SMITH"},{"data":"Heatsinks","floor":41,"key":"SMITH"},{"data":"Panacea","floor":44,"key":"SMITH"},{"floor":49,"key":"REST"}],"neow_cost":"NONE","seed_source_timestamp":0,"circlet_count":0,"master_deck":["Strike_R","Strike_R","Strike_R","Strike_R","Defend_R","Defend_R","Defend_R+1","Defend_R","Bash+1","Dual Wield+1","Clash+1","Clash+1","Iron Wave","Disarm","A Thousand Cuts+1","Panacea+1","Cold Snap","Thunderclap+1","PiercingWail+1","Shockwave+1","Heatsinks+1","Backflip+1","After Image","Flame Barrier+1","Metallicize","True Grit+1","Madness+1","Madness+1","Seeing Red+1","Apotheosis+1","Flex+1"],"special_seed":0,"relics":["Burning Blood","Pen Nib","Orichalcum","Nunchaku","Meat on the Bone","PrismaticShard","Odd Mushroom","Tiny House","Toxic Egg 2","Bird Faced Urn","Red Mask","Self Forming Clay","MutagenicStrength","Sozu","Membership Card","Ancient Tea Set","Anchor","Bronze Scales","Incense Burner","Vajra"],"potions_floor_usage":[13,16,16,22,27,29,33,33,40,40],"damage_taken":[{"damage":5.0,"enemies":"Small Slimes","floor":1.0,"turns":4.0},{"damage":4.0,"enemies":"Cultist","floor":3.0,"turns":4.0},{"damage":2,"enemies":"2 Louse","floor":4,"turns":4},{"damage":5,"enemies":"Looter","floor":5,"turns":2},{"damage":8,"enemies":"Lagavulin","floor":6,"turns":5},{"damage":4,"enemies":"3 Sentries","floor":8,"turns":7},{"damage":2,"enemies":"Large Slime","floor":10,"turns":4},{"damage":1,"enemies":"Exordium Wildlife","floor":11,"turns":3},{"damage":0,"enemies":"The Mushroom Lair","floor":13,"turns":2},{"damage":0,"enemies":"3 Louse","floor":14,"turns":2},{"damage":25,"enemies":"The Guardian","floor":16,"turns":10},{"damage":16,"enemies":"Shell Parasite","floor":18,"turns":6},{"damage":4,"enemies":"Chosen","floor":19,"turns":3},{"damage":16,"enemies":"Centurion and Healer","floor":20,"turns":7},{"damage":28,"enemies":"Sentry and Sphere","floor":21,"turns":6},{"damage":7,"enemies":"Chosen and Byrds","floor":22,"turns":5},{"damage":20,"enemies":"3 Cultists","floor":24,"turns":6},{"damage":14,"enemies":"Slavers","floor":27,"turns":3},{"damage":8,"enemies":"Masked Bandits","floor":28,"turns":4},{"damage":28,"enemies":"Book of Stabbing","floor":29,"turns":6},{"damage":8,"enemies":"Snake Plant","floor":31,"turns":5},{"damage":30,"enemies":"Automaton","floor":33,"turns":9},{"damage":5,"enemies":"3 Shapes","floor":35,"turns":7},{"damage":10,"enemies":"3 Darklings","floor":38,"turns":6},{"damage":62,"enemies":"Reptomancer","floor":40,"turns":11},{"damage":13,"enemies":"Giant Head","floor":42,"turns":8},{"damage":22,"enemies":"Sphere and 2 Shapes","floor":45,"turns":5},{"damage":27,"enemies":"Maw","floor":46,"turns":9},{"damage":10,"enemies":"Mind Bloom Boss Battle","floor":47,"turns":4},{"damage":67,"enemies":"Nemesis","floor":48,"turns":10},{"damage":21,"enemies":"Donu and Deca","floor":50,"turns":8}],"seed_played":"-4084007545647181880","potions_obtained":[{"floor":4,"key":"SteroidPotion"},{"floor":8,"key":"Poison Potion"},{"floor":10,"key":"Poison Potion"},{"floor":14,"key":"Weak Potion"},{"floor":17,"key":"Energy Potion"},{"floor":24,"key":"Strength Potion"},{"floor":27,"key":"LiquidBronze"},{"floor":29,"key":"GamblersBrew"},{"floor":31,"key":"SkillPotion"},{"floor":33,"key":"EssenceOfSteel"}],"is_trial":false,"path_per_floor":["M","?","M","M","M","M","E","R","E","T","M","M","$","?","M","R","B",null,"M","M","M","M","M","R","M","R","T","E","?","E","?","M","R","B",null,"M","$","?","M","?","E","R","E","T","R","M","M","?","E","R","B",null],"character_chosen":"IRONCLAD","items_purchased":["PrismaticShard","Membership Card","Flame Barrier+1","Metallicize","True Grit+1"],"campfire_rested":1,"item_purchase_floors":[12,36,36,36,36],"current_hp_per_floor":[80,80,80,80,80,78,78,80,80,80,80,80,80,80,80,61,85,75,77,67,57,56,56,54,54,54,58,58,50,50,52,52,44,85,85,85,85,85,74,42,42,55,55,55,49,52,60,19,44,49],"gold":512,"neow_bonus":"ONE_RANDOM_RARE_CARD","is_prod":false,"is_daily":false,"chose_seed":false,"campfire_upgraded":7,"win_rate":0,"timestamp":1545432881,"path_taken":["M","?","M","?","M","E","R","E","T","M","M","$","?","M","R","BOSS","M","M","M","M","M","R","M","R","T","E","?","E","?","M","R","BOSS","M","$","?","M","?","E","R","E","T","R","M","M","?","E","R","BOSS"],"build_version":"2018-12-20","purchased_purges":1,"victory":true,"max_hp_per_floor":[80,80,80,80,80,80,80,80,80,80,80,80,80,80,80,80,85,85,85,85,85,85,85,85,85,85,85,85,85,85,85,85,85,85,85,85,85,85,85,85,85,85,85,85,85,85,85,85,85,85],"card_choices":[{"not_picked":["Havoc","Twin Strike"],"picked":"Dual Wield","floor":1.0},{"not_picked":["Warcry","Hemokinesis","Infernal Blade"],"picked":"SKIP","floor":3},{"not_picked":["Headbutt","Warcry"],"picked":"Clash","floor":4},{"not_picked":["Evolve","Fire Breathing"],"picked":"Clash","floor":5},{"not_picked":["True Grit","Clash"],"picked":"Iron Wave","floor":6},{"not_picked":["Sword Boomerang","Body Slam","Wild Strike"],"picked":"SKIP","floor":8},{"not_picked":["Fiend Fire","Sword Boomerang"],"picked":"Disarm","floor":10},{"not_picked":["Thunderclap","Havoc","Sever Soul"],"picked":"SKIP","floor":11},{"not_picked":["Compile Driver","Chaos","Dagger Spray"],"picked":"SKIP","floor":14},{"not_picked":["Transmutation","Sadistic Nature"],"picked":"A Thousand Cuts","floor":16},{"not_picked":["Clothesline+1","Twin Strike+1","Dodge and Roll"],"picked":"SKIP","floor":18},{"not_picked":["Good Instincts","Darkness","True Grit"],"picked":"SKIP","floor":19},{"not_picked":["Auto Shields","Heel Hook+1"],"picked":"Panacea","floor":20},{"not_picked":["Acrobatics","Slice"],"picked":"Pommel Strike+1","floor":21},{"not_picked":["Prepared","Heavy Blade"],"picked":"Cold Snap","floor":22},{"not_picked":["Fire Breathing","Ball Lightning"],"picked":"Thunderclap+1","floor":24},{"not_picked":["Entrench+1","Distraction+1"],"picked":"PiercingWail+1","floor":27},{"not_picked":["Go for the Eyes","Fiend Fire"],"picked":"Shockwave+1","floor":28},{"not_picked":["Dropkick","Thunderclap"],"picked":"Heatsinks","floor":29},{"not_picked":["Iron Wave","Streamline"],"picked":"Backflip+1","floor":31},{"not_picked":["Panache","Master of Strategy+1"],"picked":"After Image","floor":33},{"not_picked":["Sweeping Beam","Barrage","Hemokinesis"],"picked":"SKIP","floor":35},{"not_picked":["Accuracy+1","Acrobatics+1","Deflect+1"],"picked":"SKIP","floor":38},{"not_picked":["Shrug It Off+1","Sword Boomerang"],"picked":"Seeing Red+1","floor":40},{"not_picked":["Glacier+1","Dropkick"],"picked":"Apotheosis+1","floor":42},{"not_picked":["Acrobatics+1","Backflip+1","Deflect+1"],"picked":"SKIP","floor":45},{"not_picked":["Ghostly Armor+1","True Grit+1"],"picked":"Flex+1","floor":46},{"not_picked":["Ball Lightning+1","Burning Pact+1","Go for the Eyes+1"],"picked":"SKIP","floor":48}],"player_experience":350001,"relics_obtained":[{"floor":6,"key":"Orichalcum"},{"floor":8,"key":"Nunchaku"},{"floor":9,"key":"Meat on the Bone"},{"floor":13,"key":"Odd Mushroom"},{"floor":26,"key":"Toxic Egg 2"},{"floor":27,"key":"Bird Faced Urn"},{"floor":28,"key":"Red Mask"},{"floor":29,"key":"Self Forming Clay"},{"floor":40,"key":"Ancient Tea Set"},{"floor":42,"key":"Anchor"},{"floor":43,"key":"Bronze Scales"},{"floor":47,"key":"Incense Burner"},{"floor":48,"key":"Vajra"}],"event_choices":[{"cards_removed":["Double Tap"],"damage_healed":0.0,"max_hp_gain":0.0,"max_hp_loss":0.0,"gold_gain":0.0,"event_name":"WeMeetAgain","player_choice":"Gave Card","floor":2.0,"gold_loss":0.0,"damage_taken":0.0,"relics_obtained":["Pen Nib"]},{"damage_healed":0,"gold_gain":0,"player_choice":"Fought Mushrooms","damage_taken":0,"max_hp_gain":0,"max_hp_loss":0,"event_name":"Mushrooms","floor":13,"gold_loss":0},{"damage_healed":0,"gold_gain":0,"player_choice":"Fought Bandits","damage_taken":0,"max_hp_gain":0,"max_hp_loss":0,"event_name":"Masked Bandits","floor":28,"gold_loss":0},{"damage_healed":0,"gold_gain":0,"player_choice":"Inject Mutagens","damage_taken":0,"relics_obtained":["MutagenicStrength"],"max_hp_gain":0,"max_hp_loss":0,"event_name":"Drug Dealer","floor":30,"gold_loss":0},{"cards_removed":["Pommel Strike"],"damage_healed":0,"gold_gain":0,"player_choice":"Removed Attack","damage_taken":0,"max_hp_gain":0,"max_hp_loss":0,"event_name":"Falling","floor":37,"gold_loss":0},{"damage_healed":0,"gold_gain":0,"player_choice":"Embrace Madness","damage_taken":11,"max_hp_gain":0,"max_hp_loss":0,"event_name":"Winding Halls","floor":39,"gold_loss":0,"cards_obtained":["Madness","Madness"]},{"damage_healed":0,"gold_gain":0,"player_choice":"Fight","damage_taken":0,"max_hp_gain":0,"max_hp_loss":0,"event_name":"MindBloom","floor":47,"gold_loss":0}],"is_beta":false,"boss_relics":[{"not_picked":["Lizard Tail","Velvet Choker"],"picked":"Tiny House"},{"not_picked":["Snecko Eye","Runic Cube"],"picked":"Sozu"}],"items_purged_floors":[36],"is_endless":false,"potions_floor_spawned":[4,8,10,11,14,24,27,29,31,33,38,42,46,48],"ascension_level":0}