{"gold_per_floor":[112,287,303,18,18,53,73,73,146,177,177,189,201,216,216,311,311,322,105,123,223,237,237,336,62,108,121,151,163,209,236,248,362,374,405,436,235,235,252,252,284,284,284,284,310,330,330,330,330,330],"floor_reached":51,"playtime":8693,"items_purged":["Doubt","Strike_R","Strike_R","Strike_R"],"score":930,"play_id":"f93b3b4c-1384-42eb-aa70-9f7d5daac4ec","local_time":"20190131152600","is_ascension_mode":false,"campfire_choices":[{"data":"Bash","floor":8,"key":"SMITH"},{"data":"Panacea","floor":11,"key":"SMITH"},{"data":"Rage","floor":15,"key":"SMITH"},{"data":"Shockwave","floor":23,"key":"SMITH"},{"floor":29,"key":"REST"},{"data":"Burning Pact","floor":32,"key":"SMITH"},{"data":"Burning Pact","floor":40,"key":"SMITH"},{"data":"Offering","floor":42,"key":"SMITH"},{"data":"Reaper","floor":44,"key":"SMITH"},{"data":"Inflame","floor":47,"key":"SMITH"},{"data":"Madness","floor":49,"key":"SMITH"}],"neow_cost":"TEN_PERCENT_HP_LOSS","seed_source_timestamp":1874844448061888,"circlet_count":0,"master_deck":["Defend_R","Defend_R","Defend_R","Bash+1","Clash","Inflame+1","Panacea+1","Rage+1","Barricade+1","Inflame+1","Inflame+1","Juggernaut+1","Burning Pact+1","Dropkick","Iron Wave+1","Shockwave+1","Corruption+1","Panache+1","Shrug It Off+1","Sentinel","Reaper+1","Burning Pact+1","Offering+1","Shrug It Off+1","Disarm+1","Shrug It Off","Madness+1","Madness","Parasite","Entrench+1","Flex+1","Rage+1"],"relics":["Burning Blood","Membership Card","Red Skull","Frozen Egg 2","Anchor","Sozu","Question Card","Dead Branch","Bottled Flame","Strawberry","Pen Nib","MawBank","Pocketwatch","Eternal Feather","Bottled Tornado","Letter Opener","Regal Pillow","Bottled Lightning"],"potions_floor_usage":[16,21,28,28],"damage_taken":[{"damage":7,"enemies":"2 Louse","floor":1,"turns":4},{"damage":5,"enemies":"Cultist","floor":3,"turns":4},{"damage":26,"enemies":"Lagavulin","floor":6,"turns":5},{"damage":3,"enemies":"Jaw Worm","floor":7,"turns":3},{"damage":33,"enemies":"3 Sentries","floor":10,"turns":10},{"damage":4,"enemies":"Blue Slaver","floor":12,"turns":3},{"damage":0,"enemies":"3 Louse","floor":13,"turns":3},{"damage":9,"enemies":"Gremlin Gang","floor":14,"turns":4},{"damage":0,"enemies":"Hexaghost","floor":16,"turns":7},{"damage":12,"enemies":"Shell Parasite","floor":18,"turns":4},{"damage":31,"enemies":"2 Thieves","floor":20,"turns":4},{"damage":18,"enemies":"Colosseum Slavers","floor":21,"turns":3},{"damage":9,"enemies":"Colosseum Nobs","floor":21,"turns":5},{"damage":17,"enemies":"Centurion and Healer","floor":22,"turns":5},{"damage":10,"enemies":"3 Cultists","floor":27,"turns":4},{"damage":16,"enemies":"Gremlin Leader","floor":28,"turns":4},{"damage":26,"enemies":"Slavers","floor":30,"turns":4},{"damage":5,"enemies":"Chosen and Byrds","floor":31,"turns":4},{"damage":9,"enemies":"Automaton","floor":33,"turns":6},{"damage":6,"enemies":"Orb Walker","floor":35,"turns":2},{"damage":6,"enemies":"3 Shapes","floor":36,"turns":2},{"damage":2,"enemies":"Writhing Mass","floor":39,"turns":4},{"damage":9,"enemies":"Giant Head","floor":41,"turns":1},{"damage":0,"enemies":"Nemesis","floor":45,"turns":1},{"damage":6,"enemies":"3 Darklings","floor":46,"turns":1},{"damage":6,"enemies":"Donu and Deca","floor":50,"turns":5}],"seed_played":"5422059511581860740","potions_obtained":[{"floor":6,"key":"EssenceOfSteel"},{"floor":10,"key":"BloodPotion"},{"floor":13,"key":"EssenceOfSteel"},{"floor":16,"key":"BloodPotion"}],"is_trial":false,"path_per_floor":["M","?","M","$","?","E","M","R","T","E","R","M","M","M","R","B",null,"M","$","M","?","M","R","?","$","T","M","E","R","E","M","R","B",null,"M","M","$","?","M","R","E","R","T","R","E","M","R","?","R","B",null],"character_chosen":"IRONCLAD","items_purchased":["Membership Card","Inflame","Dropkick","Question Card","Corruption+1","Panache+1","Strawberry","Bottled Tornado","Shrug It Off"],"campfire_rested":1,"item_purchase_floors":[4,4,19,19,25,25,25,37,37],"current_hp_per_floor":[71,71,72,72,72,52,55,55,55,28,28,30,36,33,33,39,72,66,66,41,26,15,15,15,22,22,18,22,45,25,41,41,79,79,79,79,79,69,79,79,76,79,79,79,79,79,79,79,79,79],"gold":330,"neow_bonus":"REMOVE_TWO","is_prod":false,"is_daily":false,"chose_seed":false,"campfire_upgraded":10,"win_rate":0,"timestamp":1548977160,"path_taken":["M","?","M","$","?","E","?","R","T","E","R","M","M","M","R","BOSS","M","$","M","?","M","R","?","?","T","M","E","R","E","?","R","BOSS","M","M","$","?","M","R","E","R","T","R","E","M","R","?","R","BOSS"],"build_version":"2019-01-23","purchased_purges":4,"victory":true,"max_hp_per_floor":[72,72,72,72,72,72,72,72,72,72,72,72,72,72,72,72,72,72,72,72,72,72,72,72,79,79,79,79,79,79,79,79,79,79,79,79,79,79,79,79,79,79,79,79,79,79,79,79,79,79],"card_choices":[{"not_picked":["Thunderclap","Pommel Strike"],"picked":"Clash","floor":1},{"not_picked":["Anger","Havoc","Heavy Blade"],"picked":"SKIP","floor":3},{"not_picked":["Iron Wave","Cleave","Rampage"],"picked":"SKIP","floor":6},{"not_picked":["Havoc","Clothesline"],"picked":"Rage","floor":7},{"not_picked":["Berserk+1","Anger"],"picked":"Barricade+1","floor":10},{"not_picked":["Heavy Blade","Rupture+1"],"picked":"Inflame+1","floor":12},{"not_picked":["Iron Wave","Sword Boomerang"],"picked":"Inflame+1","floor":13},{"not_picked":["Flex","Power Through","True Grit"],"picked":"SKIP","floor":14},{"not_picked":["Limit Break","Impervious"],"picked":"Juggernaut+1","floor":16},{"not_picked":["Thunderclap","Headbutt"],"picked":"Burning Pact","floor":18},{"not_picked":["Anger","Clash","Twin Strike"],"picked":"Iron Wave+1","floor":20},{"not_picked":["Heavy Blade","Cleave","Ghostly Armor+1"],"picked":"Shockwave","floor":21},{"not_picked":["Clash+1","Warcry","Flame Barrier","Cleave"],"picked":"SKIP","floor":22},{"not_picked":["Sword Boomerang","Intimidate","Twin Strike"],"picked":"Shrug It Off+1","floor":27},{"not_picked":["Whirlwind","Pommel Strike","Heavy Blade"],"picked":"Sentinel","floor":28},{"not_picked":["True Grit","Burning Pact+1","Disarm"],"picked":"Reaper","floor":30},{"not_picked":["Entrench","Perfected Strike+1","Twin Strike"],"picked":"Burning Pact","floor":31},{"not_picked":["Brutality+1","Exhume","Barricade+1"],"picked":"Offering","floor":33},{"not_picked":["Perfected Strike","Rage","Heavy Blade"],"picked":"Shrug It Off+1","floor":35},{"not_picked":["Ghostly Armor+1","Sword Boomerang+1","Uppercut"],"picked":"Disarm+1","floor":36},{"not_picked":["Rupture+1","Pommel Strike+1","Perfected Strike+1"],"picked":"Entrench+1","floor":39},{"not_picked":["Headbutt+1","Pommel Strike","Body Slam"],"picked":"Flex+1","floor":41},{"not_picked":["Bludgeon","Cleave+1","Warcry"],"picked":"Rage+1","floor":45},{"not_picked":["Wild Strike","Blood for Blood","Clash+1","Pummel+1"],"picked":"SKIP","floor":46}],"player_experience":375651,"relics_obtained":[{"floor":6,"key":"Red Skull"},{"floor":9,"key":"Frozen Egg 2"},{"floor":10,"key":"Anchor"},{"floor":21,"key":"Dead Branch"},{"floor":21,"key":"Bottled Flame"},{"floor":26,"key":"Pen Nib"},{"floor":28,"key":"MawBank"},{"floor":30,"key":"Pocketwatch"},{"floor":41,"key":"Letter Opener"},{"floor":43,"key":"Regal Pillow"},{"floor":45,"key":"Bottled Lightning"}],"event_choices":[{"damage_healed":0,"gold_gain":175,"player_choice":"AGREE","damage_taken":0,"max_hp_gain":0,"max_hp_loss":0,"event_name":"Liars Game","floor":2,"gold_loss":0,"cards_obtained":["Doubt"]},{"damage_healed":0,"gold_gain":0,"player_choice":"1 cards matched","damage_taken":0,"max_hp_gain":0,"max_hp_loss":0,"event_name":"Match and Keep!","floor":5,"gold_loss":0,"cards_obtained":["Panacea"]},{"damage_healed":0,"gold_gain":0,"player_choice":"Fight","damage_taken":0,"max_hp_gain":0,"max_hp_loss":0,"event_name":"Colosseum","floor":21,"gold_loss":0},{"damage_healed":0,"gold_gain":0,"player_choice":"Fought Nobs","damage_taken":0,"max_hp_gain":0,"max_hp_loss":0,"event_name":"Colosseum","floor":21,"gold_loss":0},{"damage_healed":0,"gold_gain":99,"player_choice":"Stole From Cult","damage_taken":0,"max_hp_gain":0,"max_hp_loss":0,"event_name":"Nest","floor":24,"gold_loss":0},{"damage_healed":0,"gold_gain":0,"player_choice":"Embrace Madness","damage_taken":10,"max_hp_gain":0,"max_hp_loss":0,"event_name":"Winding Halls","floor":38,"gold_loss":0,"cards_obtained":["Madness","Madness"]},{"cards_removed":["Strike_R"],"damage_healed":0,"gold_gain":0,"player_choice":"Purged","damage_taken":0,"max_hp_gain":0,"max_hp_loss":0,"event_name":"Purifier","floor":48,"gold_loss":0}],"is_beta":false,"boss_relics":[{"not_picked":["Empty Cage","Ectoplasm"],"picked":"Sozu"},{"not_picked":["Velvet Choker","White Beast Statue"],"picked":"Eternal Feather"}],"items_purged_floors":[4,19,25,37],"is_endless":false,"potions_floor_spawned":[6,10,13,16,21,21,22,30,33,35,36,41],"ascension_level":0}