{"gold_per_floor":[110,110,126,126,146,172,172,188,235,15,15,46,65,81,81,81],"floor_reached":16,"playtime":544,"items_purged":[],"score":207,"play_id":"af26d66c-f6f6-4244-ae65-b4a61668af13","local_time":"20190429153059","is_ascension_mode":true,"campfire_choices":[{"data":"Immolate","floor":7,"key":"SMITH"},{"floor":15,"key":"REST"}],"neow_cost":"NONE","seed_source_timestamp":143981024723759,"circlet_count":0,"master_deck":["AscendersBane","Strike_R","Strike_R","Strike_R","Strike_R","Strike_R","Defend_R","Defend_R","Defend_R+1","Defend_R","Bash","Twin Strike+1","Armaments","Inflame","Immolate+1","Battle Trance","Feel No Pain","Corruption"],"relics":["Burning Blood","The Courier","Red Skull","Kunai","Pen Nib"],"potions_floor_usage":[16],"damage_taken":[{"damage":9,"enemies":"2 Louse","floor":1,"turns":4},{"damage":5,"enemies":"Small Slimes","floor":3,"turns":4},{"damage":7,"enemies":"Jaw Worm","floor":5,"turns":3},{"damage":27,"enemies":"Lagavulin","floor":6,"turns":5},{"damage":7,"enemies":"Lots of Slimes","floor":8,"turns":3},{"damage":16,"enemies":"Gremlin Nob","floor":12,"turns":3},{"damage":1,"enemies":"2 Fungi Beasts","floor":13,"turns":2},{"damage":11,"enemies":"Exordium Thugs","floor":14,"turns":3},{"damage":46,"enemies":"The Guardian","floor":16,"turns":9}],"seed_played":"7221623087241687350","potions_obtained":[{"floor":5,"key":"Ancient Potion"},{"floor":6,"key":"SkillPotion"}],"is_trial":false,"path_per_floor":["M","?","M","?","M","E","R","M","T","$","?","E","M","M","R","B"],"character_chosen":"IRONCLAD","items_purchased":["Kunai"],"campfire_rested":1,"item_purchase_floors":[10],"current_hp_per_floor":[72,77,78,52,51,30,30,29,29,29,29,19,24,19,45,0],"gold":81,"neow_bonus":"TEN_PERCENT_HP_BONUS","is_prod":false,"is_daily":false,"chose_seed":false,"campfire_upgraded":1,"win_rate":0,"timestamp":1556577059,"path_taken":["M","?","M","?","M","E","R","M","T","$","?","E","M","M","R","BOSS"],"build_version":"2019-01-23","purchased_purges":0,"victory":false,"max_hp_per_floor":[82,87,87,87,87,87,87,87,87,87,87,87,87,87,87,87],"card_choices":[{"not_picked":["Warcry","Dropkick"],"picked":"Twin Strike","floor":1},{"not_picked":["Perfected Strike","Rage"],"picked":"Armaments","floor":3},{"not_picked":["Entrench","Sword Boomerang"],"picked":"Inflame","floor":5},{"not_picked":["Clothesline","Spot Weakness"],"picked":"Immolate","floor":6},{"not_picked":["Cleave","Combust"],"picked":"Battle Trance","floor":8},{"not_picked":["Body Slam","Sentinel","Wild Strike"],"picked":"SKIP","floor":12},{"not_picked":["Havoc","Wild Strike"],"picked":"Feel No Pain","floor":13},{"not_picked":["Fire Breathing","Pommel Strike"],"picked":"Corruption","floor":14}],"player_experience":504766,"relics_obtained":[{"floor":6,"key":"The Courier"},{"floor":9,"key":"Red Skull"},{"floor":12,"key":"Pen Nib"}],"event_choices":[{"damage_healed":0,"gold_gain":0,"player_choice":"Donut","damage_taken":0,"max_hp_gain":5,"max_hp_loss":0,"event_name":"Big Fish","floor":2,"gold_loss":0},{"damage_healed":0,"gold_gain":0,"player_choice":"Entered Light","damage_taken":26,"max_hp_gain":0,"max_hp_loss":0,"event_name":"Shining Light","floor":4,"gold_loss":0,"cards_upgraded":["Twin Strike","Defend_R"]},{"damage_healed":0,"gold_gain":0,"player_choice":"Searched \u00270\u0027 times","damage_taken":0,"max_hp_gain":0,"max_hp_loss":0,"event_name":"Dead Adventurer","floor":11,"gold_loss":0}],"is_beta":false,"boss_relics":[],"items_purged_floors":[],"is_endless":false,"potions_floor_spawned":[5,6,12,14],"killed_by":"The Guardian","ascension_level":17}