{"gold_per_floor":[113,6,20,20,32,32,67,81,105,105,137,137,2,19,19,19],"floor_reached":16,"playtime":688,"items_purged":["Strike_R"],"score":204,"play_id":"eac07159-84b7-4a57-bdf0-821e1b5729f4","local_time":"20190425204725","is_ascension_mode":true,"campfire_choices":[{"data":"Havoc","floor":6,"key":"SMITH"},{"data":"Inflame","floor":10,"key":"SMITH"},{"data":"Armaments","floor":15,"key":"SMITH"}],"neow_cost":"NONE","seed_source_timestamp":36633099779652,"circlet_count":0,"master_deck":["AscendersBane","Strike_R","Strike_R","Strike_R","Defend_R","Defend_R","Defend_R","Defend_R","Bash","Havoc+1","Shrug It Off","Metallicize","Inflame+1","Feel No Pain","Armaments+1","Clothesline","Shrug It Off","Armaments","Sentinel"],"relics":["Burning Blood","PreservedInsect","Smiling Mask","Bronze Scales"],"potions_floor_usage":[8,11],"damage_taken":[{"damage":19,"enemies":"Small Slimes","floor":1,"turns":4},{"damage":5,"enemies":"Jaw Worm","floor":3,"turns":5},{"damage":8,"enemies":"Cultist","floor":5,"turns":5},{"damage":18,"enemies":"3 Sentries","floor":7,"turns":11},{"damage":3,"enemies":"Blue Slaver","floor":8,"turns":5},{"damage":18,"enemies":"Lagavulin","floor":11,"turns":6},{"damage":4,"enemies":"2 Fungi Beasts","floor":14,"turns":4},{"damage":40,"enemies":"Hexaghost","floor":16,"turns":11}],"seed_played":"-5648489665099634275","potions_obtained":[{"floor":1,"key":"Weak Potion"},{"floor":3,"key":"LiquidBronze"},{"floor":8,"key":"SkillPotion"},{"floor":14,"key":"Weak Potion"}],"is_trial":false,"path_per_floor":["M","$","M","?","M","R","E","M","T","R","E","?","$","M","R","B"],"character_chosen":"IRONCLAD","items_purchased":["Shrug It Off","Metallicize","Shrug It Off","Armaments"],"campfire_rested":0,"item_purchase_floors":[2,2,13,13],"current_hp_per_floor":[55,55,56,61,59,59,47,50,50,50,38,38,38,40,40,0],"gold":19,"neow_bonus":"REMOVE_CARD","is_prod":false,"is_daily":false,"chose_seed":false,"campfire_upgraded":3,"win_rate":0,"timestamp":1556250445,"path_taken":["M","$","M","?","M","R","E","M","T","R","E","?","?","?","R","BOSS"],"build_version":"2019-01-23","purchased_purges":1,"victory":false,"max_hp_per_floor":[75,75,75,80,80,80,80,80,80,80,80,80,80,80,80,80],"card_choices":[{"not_picked":["Reckless Charge","Clash"],"picked":"Havoc","floor":1},{"not_picked":["Wild Strike","Flex"],"picked":"Inflame","floor":3},{"not_picked":["Rage","Hemokinesis"],"picked":"Feel No Pain","floor":5},{"not_picked":["Sever Soul","Perfected Strike"],"picked":"Armaments","floor":7},{"not_picked":["Twin Strike","Anger"],"picked":"Clothesline","floor":8},{"not_picked":["Pommel Strike","Body Slam","Wild Strike"],"picked":"SKIP","floor":11},{"not_picked":["Body Slam","Sword Boomerang"],"picked":"Sentinel","floor":14}],"player_experience":489548,"relics_obtained":[{"floor":7,"key":"PreservedInsect"},{"floor":9,"key":"Smiling Mask"},{"floor":11,"key":"Bronze Scales"}],"event_choices":[{"damage_healed":0,"gold_gain":0,"player_choice":"Donut","damage_taken":0,"max_hp_gain":5,"max_hp_loss":0,"event_name":"Big Fish","floor":4,"gold_loss":0},{"damage_healed":0,"gold_gain":0,"player_choice":"Fled","damage_taken":0,"max_hp_gain":0,"max_hp_loss":0,"event_name":"Scrap Ooze","floor":12,"gold_loss":0}],"is_beta":false,"boss_relics":[],"items_purged_floors":[13],"is_endless":false,"potions_floor_spawned":[1,3,8,14],"killed_by":"Hexaghost","ascension_level":17}