{"gold_per_floor":[110,124,124,148,36,36,80,30,30,30,30,61,79,33,33,158,158,177,192,42,42,62,62,76,76,103,142,157,200,200,200,200,325,325,346,364,380,380,448,479,493,493,519,519,550,571,594,608,608,608],"floor_reached":51,"playtime":4789,"items_purged":["Strike_B"],"score":854,"play_id":"e7b58267-5481-4cad-929e-59e15045ccd9","local_time":"20190317013738","is_ascension_mode":true,"campfire_choices":[{"data":"Defragment","floor":6,"key":"SMITH"},{"data":"Genetic Algorithm","floor":10,"key":"SMITH"},{"data":"Barrage","floor":15,"key":"SMITH"},{"floor":23,"key":"REST"},{"data":"Creative AI","floor":25,"key":"SMITH"},{"floor":30,"key":"REST"},{"floor":32,"key":"REST"},{"floor":42,"key":"REST"},{"data":"Capacitor","floor":44,"key":"SMITH"},{"data":"Barrage","floor":49,"key":"SMITH"}],"neow_cost":"NONE","seed_source_timestamp":285255282577254,"circlet_count":0,"master_deck":["Strike_B","Defend_B","Defend_B","Defend_B","Zap","Dualcast","Glacier","Defragment+1","Genetic Algorithm+1","Capacitor+1","Loop","Barrage+1","Double Energy","Skim","Ball Lightning","Creative AI+1","Self Repair","Static Discharge","Barrage+1","Loop","Ball Lightning","Electrodynamics","Cold Snap+1","BootSequence+1","Ball Lightning","Coolheaded","Barrage+1","Buffer","Gash"],"relics":["Cracked Core","Golden Idol","Omamori","Mercury Hourglass","Question Card","Snecko Eye","DataDisk","Bag of Preparation","Art of War","Bottled Tornado","Red Mask","Busted Crown","Calipers","Pantograph","Blood Vial","Smiling Mask"],"potions_floor_usage":[7,18,18,19,22,22,27,29,33,37,39,45,50,50],"damage_taken":[{"damage":0,"enemies":"2 Louse","floor":1,"turns":4},{"damage":1,"enemies":"Jaw Worm","floor":2,"turns":5},{"damage":0,"enemies":"Small Slimes","floor":4,"turns":4},{"damage":0,"enemies":"3 Sentries","floor":7,"turns":13},{"damage":12,"enemies":"Lagavulin","floor":12,"turns":5},{"damage":0,"enemies":"Blue Slaver","floor":13,"turns":3},{"damage":9,"enemies":"Hexaghost","floor":16,"turns":9},{"damage":39,"enemies":"2 Thieves","floor":18,"turns":3},{"damage":1,"enemies":"3 Byrds","floor":19,"turns":3},{"damage":4,"enemies":"3 Cultists","floor":22,"turns":5},{"damage":0,"enemies":"Shelled Parasite and Fungi","floor":24,"turns":8},{"damage":41,"enemies":"Gremlin Leader","floor":27,"turns":4},{"damage":0,"enemies":"Sentry and Sphere","floor":28,"turns":4},{"damage":32,"enemies":"Masked Bandits","floor":29,"turns":3},{"damage":24,"enemies":"Automaton","floor":33,"turns":6},{"damage":0,"enemies":"3 Shapes","floor":35,"turns":2},{"damage":7,"enemies":"3 Darklings","floor":36,"turns":3},{"damage":21,"enemies":"Transient","floor":37,"turns":5},{"damage":30,"enemies":"2 Orb Walkers","floor":39,"turns":4},{"damage":7,"enemies":"Giant Head","floor":40,"turns":8},{"damage":0,"enemies":"Sphere and 2 Shapes","floor":41,"turns":4},{"damage":35,"enemies":"Nemesis","floor":45,"turns":6},{"damage":3,"enemies":"3 Darklings","floor":46,"turns":3},{"damage":0,"enemies":"Maw","floor":47,"turns":7},{"damage":1,"enemies":"Sphere and 2 Shapes","floor":48,"turns":4},{"damage":53,"enemies":"Donu and Deca","floor":50,"turns":6}],"seed_played":"1332322626011701879","potions_obtained":[{"floor":1,"key":"Dexterity Potion"},{"floor":7,"key":"Energy Potion"},{"floor":12,"key":"EntropicBrew"},{"floor":19,"key":"Fire Potion"},{"floor":24,"key":"Strength Potion"},{"floor":29,"key":"FocusPotion"},{"floor":33,"key":"FocusPotion"},{"floor":35,"key":"FairyPotion"},{"floor":37,"key":"Regen Potion"},{"floor":40,"key":"Fire Potion"},{"floor":47,"key":"Weak Potion"},{"floor":48,"key":"Fire Potion"}],"is_trial":false,"path_per_floor":["?","$","?","?","M","M","?","?","?","?","?"],"character_chosen":"DEFECT","items_purchased":["Loop","Ball Lightning","DataDisk"],"campfire_rested":4,"item_purchase_floors":[5,14,20],"current_hp_per_floor":[75,74,56,56,56,56,56,56,56,56,49,37,37,37,37,28,75,36,35,35,35,38,60,67,67,67,33,40,15,37,37,59,35,75,75,75,54,54,43,43,43,65,65,65,39,45,54,62,62,29],"gold":608,"neow_bonus":"TRANSFORM_CARD","is_prod":false,"is_daily":false,"chose_seed":false,"campfire_upgraded":6,"win_rate":0,"timestamp":1552808258,"path_taken":["M","M","?","M","?","R","E","?","T","R","?","E","?","$","R","BOSS","M","?","$","?","M","R","M","R","T","E","M","?","R","?","R","BOSS","M","M","M","?","?","E","M","R","T","R","E","M","M","M","R","BOSS"],"build_version":"2019-01-23","purchased_purges":1,"victory":true,"max_hp_per_floor":[75,75,75,75,75,75,75,75,75,75,75,75,75,75,75,75,75,75,75,75,75,75,75,75,75,75,75,75,75,75,75,75,75,75,75,75,75,75,75,75,75,75,75,75,75,75,75,75,75,75],"card_choices":[{"not_picked":["Storm","Sweeping Beam"],"picked":"Defragment","floor":1},{"not_picked":["Leap","Coolheaded"],"picked":"Genetic Algorithm","floor":2},{"not_picked":["Go for the Eyes","Turbo"],"picked":"Capacitor","floor":4},{"not_picked":["Coolheaded","Steam Power"],"picked":"Barrage","floor":7},{"not_picked":["Hologram","Steam"],"picked":"Double Energy","floor":12},{"not_picked":["Reprogram","Hologram","Blizzard"],"picked":"Skim","floor":13},{"not_picked":["Fission","Meteor Strike","Buffer"],"picked":"Creative AI","floor":16},{"not_picked":["Rebound","Fusion","Consume"],"picked":"Self Repair","floor":18},{"not_picked":["Rebound","Hello World+1","Turbo+1","Steam"],"picked":"SKIP","floor":19},{"not_picked":["Conserve Battery","Undo+1","Recycle+1"],"picked":"Static Discharge","floor":22},{"not_picked":["Skim","Fusion","Consume"],"picked":"Barrage+1","floor":24},{"not_picked":["Blizzard","Go for the Eyes","Undo"],"picked":"Loop","floor":27},{"not_picked":["Beam Cell","Hologram+1","Steam","Recycle"],"picked":"SKIP","floor":28},{"not_picked":["Self Repair","Sweeping Beam","Barrage"],"picked":"Ball Lightning","floor":29},{"not_picked":["Meteor Strike","Core Surge","Hyperbeam"],"picked":"Electrodynamics","floor":33},{"not_picked":["Stack+1","Streamline"],"picked":"SKIP","floor":35},{"not_picked":["Rebound"],"picked":"Cold Snap+1","floor":36},{"not_picked":["Undo"],"picked":"BootSequence+1","floor":37},{"not_picked":["Aggregate"],"picked":"Ball Lightning","floor":39},{"not_picked":["Rebound+1","Stack+1"],"picked":"SKIP","floor":40},{"not_picked":["Compile Driver"],"picked":"Coolheaded","floor":41},{"not_picked":["Hologram+1","Lockon+1"],"picked":"SKIP","floor":45},{"not_picked":["Fusion+1"],"picked":"Barrage","floor":46},{"not_picked":["Reinforced Body+1"],"picked":"Buffer","floor":47},{"not_picked":["Heatsinks"],"picked":"Gash","floor":48}],"player_experience":288471,"relics_obtained":[{"floor":7,"key":"Omamori"},{"floor":9,"key":"Mercury Hourglass"},{"floor":12,"key":"Question Card"},{"floor":26,"key":"Art of War"},{"floor":27,"key":"Bottled Tornado"},{"floor":29,"key":"Red Mask"},{"floor":39,"key":"Calipers"},{"floor":40,"key":"Pantograph"},{"floor":43,"key":"Blood Vial"},{"floor":45,"key":"Smiling Mask"}],"event_choices":[{"damage_healed":0,"gold_gain":0,"player_choice":"Take Damage","damage_taken":18,"relics_obtained":["Golden Idol"],"max_hp_gain":0,"max_hp_loss":0,"event_name":"Golden Idol","floor":3,"gold_loss":0},{"cards_removed":["Defend_B"],"damage_healed":0,"gold_gain":0,"player_choice":"Card Removal","damage_taken":0,"max_hp_gain":0,"max_hp_loss":0,"event_name":"The Cleric","floor":8,"gold_loss":50},{"cards_removed":["Strike_B"],"damage_healed":0,"gold_gain":0,"player_choice":"Card Removal","damage_taken":7,"max_hp_gain":0,"max_hp_loss":0,"event_name":"Golden Wing","floor":11,"gold_loss":0},{"damage_healed":0,"gold_gain":0,"player_choice":"Stole Relic","damage_taken":0,"relics_obtained":["Bag of Preparation"],"max_hp_gain":0,"max_hp_loss":0,"event_name":"Addict","floor":21,"gold_loss":0,"cards_obtained":["Shame"]},{"damage_healed":0,"gold_gain":0,"player_choice":"Fought Bandits","damage_taken":0,"max_hp_gain":0,"max_hp_loss":0,"event_name":"Masked Bandits","floor":29,"gold_loss":0},{"damage_healed":0,"gold_gain":0,"player_choice":"Ignored","damage_taken":0,"max_hp_gain":0,"max_hp_loss":0,"event_name":"Ghosts","floor":31,"gold_loss":0},{"damage_healed":0,"gold_gain":0,"player_choice":"Memory 1","damage_taken":0,"max_hp_gain":0,"max_hp_loss":0,"event_name":"SensoryStone","floor":38,"gold_loss":0},{"damage_healed":0,"gold_gain":0,"player_choice":"Fight","damage_taken":0,"max_hp_gain":0,"max_hp_loss":0,"event_name":"Mysterious Sphere","floor":39,"gold_loss":0}],"is_beta":false,"boss_relics":[{"not_picked":["Coffee Dripper","Pandora\u0027s Box"],"picked":"Snecko Eye"},{"not_picked":["Tiny House","Philosopher\u0027s Stone"],"picked":"Busted Crown"}],"items_purged_floors":[5],"is_endless":false,"potions_floor_spawned":[1,7,12,19,24,29,33,35,37,40,47,48],"ascension_level":4}