{"gold_per_floor":[118,118,118,134,134,33,57,81,81,81,125,138,182,202,202,323,323,343,364,163,187,206,206,230,230],"floor_reached":25,"playtime":1675,"items_purged":[],"score":267,"play_id":"bb02f857-7eac-4b97-926e-b3fe6310e9a8","local_time":"20190205203610","is_ascension_mode":false,"campfire_choices":[{"data":"Genetic Algorithm","floor":10,"key":"SMITH"},{"floor":15,"key":"REST"},{"data":"Creative AI","floor":23,"key":"SMITH"}],"neow_cost":"NONE","seed_source_timestamp":2332496970270850,"circlet_count":0,"master_deck":["Strike_B","Strike_B","Strike_B","Strike_B","Defend_B","Defend_B","Defend_B+1","Defend_B","Zap+1","Dualcast","Cold Snap","Coolheaded","Genetic Algorithm+1","Compile Driver","Capacitor","Conserve Battery","Creative AI+1","Normality","Decay","Pain","Glacier","Barrage","Ball Lightning+1","Heatsinks"],"relics":["Cracked Core","NeowsBlessing","Blue Candle","Golden Idol","Pen Nib","Dream Catcher","PreservedInsect","Calling Bell","Art of War","The Courier","Mango","Meat on the Bone"],"potions_floor_usage":[13,16,16,22],"damage_taken":[{"damage":0,"enemies":"Jaw Worm","floor":1,"turns":1},{"damage":0,"enemies":"2 Louse","floor":4,"turns":1},{"damage":0,"enemies":"Small Slimes","floor":7,"turns":1},{"damage":0,"enemies":"Exordium Wildlife","floor":8,"turns":4},{"damage":25,"enemies":"Lagavulin","floor":11,"turns":7},{"damage":0,"enemies":"2 Fungi Beasts","floor":12,"turns":3},{"damage":5,"enemies":"3 Sentries","floor":13,"turns":9},{"damage":0,"enemies":"3 Louse","floor":14,"turns":2},{"damage":0,"enemies":"The Guardian","floor":16,"turns":10},{"damage":6,"enemies":"Chosen","floor":18,"turns":6},{"damage":25,"enemies":"3 Byrds","floor":19,"turns":9},{"damage":44,"enemies":"3 Cultists","floor":21,"turns":10},{"damage":24,"enemies":"Snake Plant","floor":22,"turns":6},{"damage":21,"enemies":"Centurion and Healer","floor":24,"turns":13},{"damage":23,"enemies":"Colosseum Slavers","floor":25,"turns":2}],"seed_played":"-4694898085643668794","potions_obtained":[{"floor":11,"key":"Swift Potion"},{"floor":13,"key":"FocusPotion"},{"floor":14,"key":"GamblersBrew"},{"floor":18,"key":"GamblersBrew"},{"floor":21,"key":"Regen Potion"},{"floor":24,"key":"Strength Potion"}],"is_trial":false,"path_per_floor":["M","?","?","M","?","$","M","M","T","R","E","M","E","M","R","B",null,"M","M","$","M","M","R","M","?"],"character_chosen":"DEFECT","items_purchased":["Genetic Algorithm","Compile Driver","Meat on the Bone"],"campfire_rested":1,"item_purchase_floors":[6,6,20],"current_hp_per_floor":[75,68,50,50,35,35,35,35,35,35,10,10,5,5,27,27,89,83,58,58,26,29,29,20,0],"gold":230,"neow_bonus":"THREE_ENEMY_KILL","is_prod":false,"is_daily":false,"chose_seed":false,"campfire_upgraded":2,"win_rate":0,"timestamp":1549427770,"path_taken":["M","?","?","M","?","?","?","M","T","R","E","M","E","M","R","BOSS","M","M","$","M","M","R","M","?"],"build_version":"2019-01-23","purchased_purges":0,"victory":false,"max_hp_per_floor":[75,75,75,75,75,75,75,75,75,75,75,75,75,75,75,75,89,89,89,89,89,89,89,89,89],"card_choices":[{"not_picked":["Streamline","Gash"],"picked":"Cold Snap","floor":1},{"not_picked":["Turbo","Sweeping Beam"],"picked":"Coolheaded","floor":4},{"not_picked":["Steam","Sweeping Beam","Leap"],"picked":"SKIP","floor":7},{"not_picked":["Storm","Stack","Compile Driver"],"picked":"SKIP","floor":8},{"not_picked":["Amplify","Multi-Cast","Stack"],"picked":"SKIP","floor":11},{"not_picked":["Barrage","Turbo","Go for the Eyes"],"picked":"SKIP","floor":12},{"not_picked":["Sweeping Beam","Blizzard"],"picked":"Capacitor","floor":13},{"not_picked":["Streamline","Rebound","Stack"],"picked":"SKIP","floor":14},{"not_picked":["Melter","Recycle"],"picked":"Conserve Battery","floor":15},{"not_picked":["Hyperbeam","Multi-Cast"],"picked":"Creative AI","floor":16},{"not_picked":["Leap","Beam Cell","Hello World"],"picked":"SKIP","floor":18},{"not_picked":["Beam Cell","Rip and Tear"],"picked":"Glacier","floor":19},{"not_picked":["Conserve Battery","Scrape"],"picked":"Barrage","floor":21},{"not_picked":["Beam Cell+1","Blizzard"],"picked":"Ball Lightning+1","floor":22},{"not_picked":["Cold Snap","Genetic Algorithm"],"picked":"Heatsinks","floor":24}],"player_experience":408375,"relics_obtained":[{"floor":9,"key":"Pen Nib"},{"floor":11,"key":"Dream Catcher"},{"floor":13,"key":"PreservedInsect"},{"floor":17,"key":"Art of War"},{"floor":17,"key":"The Courier"},{"floor":17,"key":"Mango"}],"event_choices":[{"damage_healed":0,"gold_gain":0,"player_choice":"Success","damage_taken":7,"relics_obtained":["Blue Candle"],"max_hp_gain":0,"max_hp_loss":0,"event_name":"Scrap Ooze","floor":2,"gold_loss":0},{"damage_healed":0,"gold_gain":0,"player_choice":"Take Damage","damage_taken":18,"relics_obtained":["Golden Idol"],"max_hp_gain":0,"max_hp_loss":0,"event_name":"Golden Idol","floor":3,"gold_loss":0},{"damage_healed":0,"gold_gain":0,"player_choice":"Entered Light","damage_taken":15,"max_hp_gain":0,"max_hp_loss":0,"event_name":"Shining Light","floor":5,"gold_loss":0,"cards_upgraded":["Zap","Defend_B"]},{"damage_healed":0,"gold_gain":0,"player_choice":"Fight","damage_taken":0,"max_hp_gain":0,"max_hp_loss":0,"event_name":"Colosseum","floor":25,"gold_loss":0}],"is_beta":false,"boss_relics":[{"not_picked":["Runic Dome","Ectoplasm"],"picked":"Calling Bell"}],"items_purged_floors":[],"is_endless":false,"potions_floor_spawned":[11,13,14,18,21,24],"killed_by":"Colosseum Slavers","ascension_level":0}