{"gold_per_floor":[110,210,223,223,223,223,108,108,108,8,8,21,21,46,46,172,172,193,207,207,14,113,113],"floor_reached":23,"playtime":656,"items_purged":["Strike_R","Defend_R"],"score":177,"play_id":"7f6edd3c-1097-4ff6-90f5-6a6dfbbe64bf","local_time":"20180920171854","is_ascension_mode":false,"campfire_choices":[{"data":"Dual Wield","floor":6,"key":"SMITH"},{"data":"Body Slam","floor":13,"key":"SMITH"},{"data":"Shrug It Off","floor":15,"key":"SMITH"}],"neow_cost":"NONE","seed_source_timestamp":586386858286166,"circlet_count":0,"master_deck":["Strike_R+1","Strike_R+1","Defend_R","Defend_R","Defend_R","Bash+1","Spot Weakness","Dual Wield+1","Inflame","Body Slam+1","Shrug It Off+1","Barricade","Iron Wave","Warcry","Iron Wave"],"relics":["Burning Blood","Bag of Marbles","Golden Idol","Matryoshka","Darkstone Periapt","Eternal Feather","Whetstone"],"potions_floor_usage":[12,16,23,23,23],"damage_taken":[{"damage":6,"enemies":"Cultist","floor":1,"turns":3},{"damage":4,"enemies":"2 Louse","floor":3,"turns":3},{"damage":2,"enemies":"Small Slimes","floor":12,"turns":5},{"damage":14,"enemies":"Blue Slaver","floor":14,"turns":4},{"damage":64,"enemies":"Slime Boss","floor":16,"turns":12},{"damage":42,"enemies":"Chosen","floor":18,"turns":7},{"damage":33,"enemies":"Spheric Guardian","floor":19,"turns":7},{"damage":33,"enemies":"Slavers","floor":23,"turns":3}],"seed_played":"6684614006433885219","potions_obtained":[{"floor":1,"key":"Regen Potion"},{"floor":3,"key":"SkillPotion"},{"floor":16,"key":"Regen Potion"},{"floor":18,"key":"PowerPotion"},{"floor":19,"key":"Block Potion"}],"is_trial":false,"path_per_floor":["M","?","M","?","?","R","$","?","T","$","?","M","R","M","R","B",null,"M","M","?","$","?"],"character_chosen":"IRONCLAD","items_purchased":["Inflame","Iron Wave","Whetstone"],"campfire_rested":0,"item_purchase_floors":[7,21,21],"current_hp_per_floor":[80,80,80,80,60,60,60,60,60,60,60,64,64,56,56,10,80,44,17,17,17,17,0],"gold":113,"neow_bonus":"RANDOM_COMMON_RELIC","is_prod":false,"is_daily":false,"chose_seed":false,"campfire_upgraded":3,"win_rate":0,"timestamp":1537489134,"path_taken":["M","?","?","?","?","R","$","?","T","$","?","M","R","M","R","BOSS","M","M","?","$","?","E"],"build_version":"2018-09-20","purchased_purges":2,"victory":false,"max_hp_per_floor":[80,80,80,80,80,80,80,80,80,80,80,80,80,80,80,80,80,80,80,80,80,80,80],"card_choices":[{"not_picked":["Battle Trance","Twin Strike"],"picked":"Spot Weakness","floor":1},{"not_picked":["Havoc","Twin Strike"],"picked":"Dual Wield","floor":3},{"not_picked":["Ghostly Armor","Fiend Fire"],"picked":"Body Slam","floor":12},{"not_picked":["Armaments","Entrench"],"picked":"Shrug It Off","floor":14},{"not_picked":["Bludgeon","Juggernaut"],"picked":"Barricade","floor":16},{"not_picked":["Clash","Heavy Blade","Thunderclap+1"],"picked":"SKIP","floor":18},{"not_picked":["Havoc","Uppercut"],"picked":"Iron Wave","floor":19}],"player_experience":242106,"relics_obtained":[{"floor":9,"key":"Matryoshka"}],"event_choices":[{"event_name":"Golden Shrine","player_choice":"Pray","floor":2,"damage_taken":0},{"event_name":"Living Wall","player_choice":"Forget","floor":4,"damage_taken":0},{"event_name":"Golden Idol","player_choice":"Take Damage","floor":5,"damage_taken":0},{"event_name":"Upgrade Shrine","player_choice":"Upgraded","floor":8,"damage_taken":0},{"event_name":"Dead Adventurer","player_choice":"Searched \u00271\u0027 times","floor":11,"damage_taken":0},{"event_name":"Transmorgrifier","player_choice":"Transform","floor":20,"damage_taken":0},{"event_name":"Nest","player_choice":"Stole From Cult","floor":22,"damage_taken":0}],"is_beta":false,"boss_relics":[{"not_picked":["Mark of Pain","Snecko Eye"],"picked":"Eternal Feather"}],"items_purged_floors":[7,10],"is_endless":false,"potions_floor_spawned":[1,3,16,18,19],"killed_by":"Slavers","ascension_level":0}