{"gold_per_floor":[20,31,45,62,62,62,101,101,147,147,162,200,214,229,229,353,353,369,383,166,265,190,221,221,264,264,264,164,182,218,135,147,283,358,394,406,431,58,58,101,101,101,101,132,147,162,162,181,181,181],"floor_reached":50,"playtime":2350,"items_purged":["Strike_B","Decay","Defend_B"],"score":727,"play_id":"831a8f18-57eb-4426-8099-9aae99a72e31","local_time":"20190404230113","is_ascension_mode":true,"campfire_choices":[{"data":"Hyperbeam","floor":6,"key":"SMITH"},{"data":"Zap","floor":10,"key":"SMITH"},{"floor":15,"key":"REST"},{"floor":24,"key":"REST"},{"floor":27,"key":"REST"},{"floor":32,"key":"REST"},{"data":"Echo Form","floor":41,"key":"SMITH"},{"floor":47,"key":"REST"},{"floor":49,"key":"REST"}],"neow_cost":"NO_GOLD","seed_source_timestamp":0,"circlet_count":0,"master_deck":["Strike_B","Defend_B+1","Defend_B","Defend_B","Zap+1","Dualcast","Hyperbeam+1","Gash","Beam Cell","Go for the Eyes","Electrodynamics","Reinforced Body","Echo Form+1","Ball Lightning","Gash","Defragment","Coolheaded","All For One","All For One","Hologram+1","Loop","Shame","Defragment+1","Panacea","Regret","Gash","Parasite"],"special_seed":0,"relics":["Cracked Core","Golden Idol","Mercury Hourglass","Bag of Marbles","Oddly Smooth Stone","Cursed Key","Question Card","Bottled Flame","Pocketwatch","Cables","MawBank","Tiny House","Sling","Juzu Bracelet","Calipers","Darkstone Periapt","Peace Pipe"],"potions_floor_usage":[7,12,16,16,16,23,33,40,44,44,44],"damage_taken":[{"damage":0.0,"enemies":"Small Slimes","floor":1.0,"turns":2.0},{"damage":0,"enemies":"2 Louse","floor":2,"turns":1},{"damage":0,"enemies":"Cultist","floor":3,"turns":2},{"damage":8,"enemies":"Red Slaver","floor":4,"turns":3},{"damage":31,"enemies":"Lagavulin","floor":7,"turns":7},{"damage":0,"enemies":"Lots of Slimes","floor":11,"turns":1},{"damage":0,"enemies":"Gremlin Nob","floor":12,"turns":2},{"damage":0,"enemies":"Large Slime","floor":13,"turns":2},{"damage":1,"enemies":"3 Louse","floor":14,"turns":2},{"damage":0,"enemies":"Slime Boss","floor":16,"turns":5},{"damage":25,"enemies":"Chosen","floor":18,"turns":5},{"damage":0,"enemies":"Spheric Guardian","floor":19,"turns":3},{"damage":37,"enemies":"Book of Stabbing","floor":23,"turns":5},{"damage":38,"enemies":"Slavers","floor":25,"turns":4},{"damage":0,"enemies":"3 Cultists","floor":29,"turns":1},{"damage":19,"enemies":"Gremlin Leader","floor":30,"turns":6},{"damage":8,"enemies":"Automaton","floor":33,"turns":6},{"damage":0,"enemies":"3 Shapes","floor":35,"turns":1},{"damage":0,"enemies":"Orb Walker","floor":37,"turns":3},{"damage":18,"enemies":"Giant Head","floor":40,"turns":7},{"damage":58,"enemies":"Nemesis","floor":44,"turns":3},{"damage":2,"enemies":"Sphere and 2 Shapes","floor":45,"turns":3},{"damage":4,"enemies":"Writhing Mass","floor":46,"turns":4},{"damage":11,"enemies":"Jaw Worm Horde","floor":48,"turns":2},{"damage":63,"enemies":"Donu and Deca","floor":50,"turns":3}],"seed_played":"-4227159827876318418","potions_obtained":[{"floor":3,"key":"Poison Potion"},{"floor":11,"key":"GamblersBrew"},{"floor":13,"key":"EntropicBrew"},{"floor":25,"key":"Block Potion"},{"floor":29,"key":"Explosive Potion"},{"floor":33,"key":"Explosive Potion"},{"floor":34,"key":"Block Potion"},{"floor":40,"key":"AttackPotion"},{"floor":46,"key":"Poison Potion"}],"is_trial":false,"path_per_floor":["M","M","M","M","?","R","E","?","T","R","M","E","M","M","R","B",null,"M","M","$","?","?","E","R","E","T","R","$","M","E","?","R","B",null,"M","?","M","$","T","E","R","?","T","E","M","M","R","M","R","B"],"character_chosen":"DEFECT","items_purchased":["Gash","Defragment","Coolheaded","Sling","Loop"],"campfire_rested":6,"item_purchase_floors":[20,20,20,38,38],"current_hp_per_floor":[75,75,75,67,67,67,36,36,36,36,36,36,36,35,57,57,75,50,50,50,50,50,27,49,11,11,33,33,33,14,14,36,28,80,80,80,80,80,80,62,62,62,68,10,8,10,37,26,53,0],"gold":181,"neow_bonus":"THREE_RARE_CARDS","is_prod":false,"is_daily":false,"chose_seed":false,"campfire_upgraded":3,"win_rate":0,"timestamp":1554415273,"path_taken":["M","M","M","M","?","R","E","?","T","R","M","E","M","M","R","BOSS","M","M","$","?","?","E","R","E","T","R","$","M","E","?","R","BOSS","M","?","?","$","?","E","R","?","T","E","M","M","R","M","R","BOSS"],"build_version":"2019-01-23","purchased_purges":3,"victory":false,"max_hp_per_floor":[75,75,75,75,75,75,75,75,75,75,75,75,75,75,75,75,75,75,75,75,75,75,75,75,75,75,75,75,75,75,75,75,75,80,80,80,80,80,80,80,80,80,86,86,86,92,92,92,92,92],"card_choices":[{"not_picked":["Multi-Cast","Machine Learning"],"picked":"Hyperbeam","floor":0.0},{"not_picked":["Conserve Battery","Steam Power"],"picked":"Gash","floor":1},{"not_picked":["Stack","Barrage"],"picked":"Beam Cell","floor":2},{"not_picked":["Lockon","Stack"],"picked":"Go for the Eyes","floor":3},{"not_picked":["Rebound","Barrage","Coolheaded"],"picked":"SKIP","floor":4},{"not_picked":["Streamline","Static Discharge"],"picked":"Electrodynamics","floor":7},{"not_picked":["Beam Cell","Sweeping Beam","Storm"],"picked":"SKIP","floor":11},{"not_picked":["Steam","Coolheaded"],"picked":"Reinforced Body","floor":12},{"not_picked":["Steam","Compile Driver","Recycle"],"picked":"SKIP","floor":13},{"not_picked":["Recycle","Coolheaded","Stack"],"picked":"SKIP","floor":14},{"not_picked":["Creative AI","Seek"],"picked":"Echo Form","floor":16},{"not_picked":["Stack","Ball Lightning","Skim"],"picked":"SKIP","floor":18},{"not_picked":["Stack","Skim"],"picked":"Ball Lightning","floor":18},{"not_picked":["Rip and Tear","Conserve Battery","Go for the Eyes"],"picked":"SKIP","floor":19},{"not_picked":["Skim","Turbo","Lockon"],"picked":"SKIP","floor":23},{"not_picked":["Auto Shields","Sweeping Beam+1","Tempest"],"picked":"All For One","floor":25},{"not_picked":["Redo","Ball Lightning","Reprogram+1","Compile Driver"],"picked":"SKIP","floor":29},{"not_picked":["Conserve Battery","Blizzard+1","Barrage+1","Skim+1"],"picked":"SKIP","floor":30},{"not_picked":["Thunder Strike","Reboot","Rainbow"],"picked":"All For One","floor":33},{"not_picked":["Go for the Eyes","Genetic Algorithm","Turbo","Rip and Tear+1"],"picked":"SKIP","floor":35},{"not_picked":["Genetic Algorithm","Redo","Darkness+1"],"picked":"Hologram+1","floor":37},{"not_picked":["Chill+1","Redo+1","Consume+1"],"picked":"Defragment+1","floor":40},{"not_picked":["Swift Strike","Thinking Ahead","Forethought"],"picked":"Panacea","floor":42},{"not_picked":["Compile Driver+1","Conserve Battery+1","Stack+1","Rip and Tear+1"],"picked":"SKIP","floor":44},{"not_picked":["Reinforced Body+1","Rebound+1","Steam+1"],"picked":"Gash","floor":45},{"not_picked":["Conserve Battery","Leap","Compile Driver+1","Steam"],"picked":"SKIP","floor":46},{"not_picked":["Barrage+1","Lockon+1","Cold Snap","Sweeping Beam"],"picked":"SKIP","floor":48}],"player_experience":1706839,"relics_obtained":[{"floor":7,"key":"Mercury Hourglass"},{"floor":9,"key":"Bag of Marbles"},{"floor":12,"key":"Oddly Smooth Stone"},{"floor":23,"key":"Question Card"},{"floor":25,"key":"Bottled Flame"},{"floor":26,"key":"Pocketwatch"},{"floor":30,"key":"Cables"},{"floor":39,"key":"Juzu Bracelet"},{"floor":40,"key":"Calipers"},{"floor":43,"key":"Darkstone Periapt"},{"floor":44,"key":"Peace Pipe"}],"event_choices":[{"damage_healed":0,"gold_gain":0,"player_choice":"Take Wound","damage_taken":0,"relics_obtained":["Golden Idol"],"max_hp_gain":0,"max_hp_loss":0,"event_name":"Golden Idol","floor":5,"gold_loss":0,"cards_obtained":["Injury"]},{"cards_removed":["Injury"],"damage_healed":0,"gold_gain":0,"player_choice":"Forget","damage_taken":0,"max_hp_gain":0,"max_hp_loss":0,"event_name":"Living Wall","floor":8,"gold_loss":0},{"damage_healed":0,"gold_gain":99,"player_choice":"Stole From Cult","damage_taken":0,"max_hp_gain":0,"max_hp_loss":0,"event_name":"Nest","floor":21,"gold_loss":0},{"cards_removed":["Strike_B"],"damage_healed":0,"gold_gain":0,"player_choice":"Gave Gold","damage_taken":0,"max_hp_gain":0,"max_hp_loss":0,"event_name":"Beggar","floor":22,"gold_loss":75},{"damage_healed":0,"gold_gain":0,"player_choice":"Paid Gold","damage_taken":0,"relics_obtained":["MawBank"],"max_hp_gain":0,"max_hp_loss":0,"event_name":"WeMeetAgain","floor":31,"gold_loss":83},{"cards_removed":["Strike_B"],"damage_healed":0,"gold_gain":0,"player_choice":"Purged","damage_taken":0,"max_hp_gain":0,"max_hp_loss":0,"event_name":"Purifier","floor":36,"gold_loss":0},{"damage_healed":0,"gold_gain":0,"player_choice":"Memory 1","damage_taken":0,"max_hp_gain":0,"max_hp_loss":0,"event_name":"SensoryStone","floor":42,"gold_loss":0}],"is_beta":false,"boss_relics":[{"not_picked":["Philosopher\u0027s Stone","Eternal Feather"],"picked":"Cursed Key"},{"not_picked":["White Beast Statue","Calling Bell"],"picked":"Tiny House"}],"items_purged_floors":[20,28,38],"is_endless":false,"potions_floor_spawned":[3,11,13,25,29,33,40,46],"killed_by":"Donu and Deca","ascension_level":1}