{"gold_per_floor":[109,109,109,109,122,154,169,194,218,218,253,265,76,86,86,185,185,198,217,235,235],"floor_reached":21,"playtime":851,"items_purged":["Strike_G"],"score":294,"play_id":"c8ee9296-7069-41cb-bedc-0c4f9f4be757","local_time":"20190331174635","is_ascension_mode":true,"campfire_choices":[{"data":"Noxious Fumes","floor":10,"key":"SMITH"},{"floor":15,"key":"REST"}],"neow_cost":"NONE","seed_source_timestamp":79027828866900,"circlet_count":0,"master_deck":["Defend_G","Defend_G","Defend_G","Defend_G","Defend_G","Strike_G","Strike_G","Strike_G","Survivor","Neutralize","Crippling Poison+1","Crippling Poison","Noxious Fumes+1","A Thousand Cuts","Dagger Throw","Night Terror","Caltrops+1","PiercingWail","Backflip+1"],"relics":["Ring of the Snake","NeowsBlessing","Ancient Tea Set","Dream Catcher","Boot","Anchor","Bottled Flame","Tiny Chest","Eternal Feather"],"potions_floor_usage":[7,11,12,16],"damage_taken":[{"damage":0,"enemies":"2 Louse","floor":1,"turns":1},{"damage":0,"enemies":"Small Slimes","floor":5,"turns":1},{"damage":0,"enemies":"Gremlin Nob","floor":6,"turns":1},{"damage":1,"enemies":"Jaw Worm","floor":7,"turns":3},{"damage":18,"enemies":"3 Sentries","floor":8,"turns":5},{"damage":10,"enemies":"Lagavulin","floor":11,"turns":6},{"damage":0,"enemies":"Gremlin Gang","floor":12,"turns":2},{"damage":1,"enemies":"Red Slaver","floor":14,"turns":4},{"damage":7,"enemies":"Slime Boss","floor":16,"turns":10},{"damage":10,"enemies":"Shell Parasite","floor":18,"turns":7},{"damage":10,"enemies":"3 Byrds","floor":19,"turns":3},{"damage":32,"enemies":"3 Cultists","floor":20,"turns":5},{"damage":13,"enemies":"Snecko","floor":21,"turns":2}],"seed_played":"2323650565458174271","potions_obtained":[{"floor":5,"key":"Fire Potion"},{"floor":6,"key":"SteroidPotion"},{"floor":7,"key":"Fire Potion"},{"floor":8,"key":"AttackPotion"},{"floor":11,"key":"Poison Potion"},{"floor":16,"key":"FearPotion"}],"is_trial":false,"path_per_floor":["M","?","?","?","M","E","M","E","T","R","E","M","$","M","R","B",null,"M","M","M","M"],"character_chosen":"THE_SILENT","items_purchased":["Tiny Chest"],"campfire_rested":1,"item_purchase_floors":[13],"current_hp_per_floor":[63,45,38,38,38,38,37,19,19,19,9,9,9,8,29,22,58,48,38,6,0],"gold":235,"neow_bonus":"THREE_ENEMY_KILL","is_prod":false,"is_daily":false,"chose_seed":false,"campfire_upgraded":1,"win_rate":0,"timestamp":1554079595,"path_taken":["M","?","?","?","?","E","M","E","T","R","E","?","?","M","R","BOSS","M","M","M","M"],"build_version":"2019-01-23","purchased_purges":1,"victory":false,"max_hp_per_floor":[70,70,70,70,70,70,70,70,70,70,70,70,70,70,70,70,70,70,70,70,70],"card_choices":[{"not_picked":["Dodge and Roll","Flying Knee"],"picked":"Crippling Poison","floor":1},{"not_picked":["Acrobatics","Outmaneuver"],"picked":"Crippling Poison","floor":5},{"not_picked":["All Out Attack","Blade Dance"],"picked":"Noxious Fumes","floor":6},{"not_picked":["Quick Slash","Sucker Punch","Underhanded Strike"],"picked":"SKIP","floor":7},{"not_picked":["Acrobatics","Slice"],"picked":"A Thousand Cuts","floor":8},{"not_picked":["Dodge and Roll","Endless Agony","Underhanded Strike"],"picked":"SKIP","floor":11},{"not_picked":["Prepared","Quick Slash","Underhanded Strike"],"picked":"SKIP","floor":12},{"not_picked":["Backstab","Sucker Punch","Terror"],"picked":"SKIP","floor":14},{"not_picked":["Blade Dance","Slice"],"picked":"Dagger Throw","floor":15},{"not_picked":["Grand Finale","Venomology"],"picked":"Night Terror","floor":16},{"not_picked":["Flying Knee","Terror"],"picked":"Caltrops+1","floor":18},{"not_picked":["Tactician","Outmaneuver"],"picked":"PiercingWail","floor":19},{"not_picked":["Noxious Fumes","Dagger Throw"],"picked":"Backflip+1","floor":20}],"player_experience":110510,"relics_obtained":[{"floor":6,"key":"Dream Catcher"},{"floor":8,"key":"Boot"},{"floor":9,"key":"Anchor"},{"floor":11,"key":"Bottled Flame"}],"event_choices":[{"damage_healed":0,"gold_gain":0,"player_choice":"Success","damage_taken":18,"relics_obtained":["Ancient Tea Set"],"max_hp_gain":0,"max_hp_loss":0,"event_name":"Scrap Ooze","floor":2,"gold_loss":0},{"cards_removed":["Strike_G"],"damage_healed":0,"gold_gain":0,"player_choice":"Card Removal","damage_taken":7,"max_hp_gain":0,"max_hp_loss":0,"event_name":"Golden Wing","floor":3,"gold_loss":0},{"damage_healed":0,"gold_gain":0,"player_choice":"Grow","damage_taken":0,"max_hp_gain":0,"max_hp_loss":0,"event_name":"Living Wall","floor":4,"gold_loss":0,"cards_upgraded":["Crippling Poison"]}],"is_beta":false,"boss_relics":[{"not_picked":["Ectoplasm","Calling Bell"],"picked":"Eternal Feather"}],"items_purged_floors":[13],"is_endless":false,"potions_floor_spawned":[5,6,7,8,11,16],"killed_by":"Snecko","ascension_level":6}