{"gold_per_floor":[117,129,204,216,40,69,69,69],"floor_reached":8,"playtime":292,"items_purged":[],"score":98,"play_id":"8482aa19-e2ab-4226-8184-bb79d75cb5b8","local_time":"20190502121543","is_ascension_mode":true,"campfire_choices":[],"neow_cost":"NONE","seed_source_timestamp":0,"circlet_count":0,"master_deck":["AscendersBane","Strike_R","Strike_R+1","Strike_R","Strike_R","Strike_R","Defend_R","Defend_R","Defend_R","Defend_R","Bash","Rampage+1","Anger","Headbutt","Disarm"],"special_seed":0,"relics":["Burning Blood","Vajra","Pen Nib"],"potions_floor_usage":[6],"damage_taken":[{"damage":9.0,"enemies":"Jaw Worm","floor":1.0,"turns":6.0},{"damage":14.0,"enemies":"Small Slimes","floor":2.0,"turns":4.0},{"damage":6.0,"enemies":"Cultist","floor":4.0,"turns":3.0},{"damage":20,"enemies":"3 Sentries","floor":6,"turns":6},{"damage":32,"enemies":"Gremlin Nob","floor":8,"turns":3}],"seed_played":"-1543394335661642437","potions_obtained":[{"floor":0.0,"key":"Explosive Potion"},{"floor":0.0,"key":"Regen Potion"},{"floor":2.0,"key":"SpeedPotion"}],"is_trial":false,"path_per_floor":["M","M","?","M","$","E","?","E"],"character_chosen":"IRONCLAD","items_purchased":["Headbutt","Vajra"],"campfire_rested":0,"item_purchase_floors":[5,5],"current_hp_per_floor":[65,69,58,58,58,44,21,0],"gold":69,"neow_bonus":"THREE_SMALL_POTIONS","is_prod":false,"is_daily":false,"chose_seed":false,"campfire_upgraded":0,"win_rate":0,"timestamp":1556824543,"path_taken":["M","M","?","M","$","E","?","E"],"build_version":"2019-01-23","purchased_purges":0,"victory":false,"max_hp_per_floor":[75,75,75,75,75,75,75,75],"card_choices":[{"not_picked":["Feel No Pain","Searing Blow"],"picked":"Rampage","floor":1.0},{"not_picked":["Wild Strike","Pommel Strike"],"picked":"Anger","floor":2.0},{"not_picked":["Anger","Pommel Strike","Flex"],"picked":"SKIP","floor":4.0},{"not_picked":["Shrug It Off","Infernal Blade"],"picked":"Disarm","floor":6}],"player_experience":374370,"relics_obtained":[{"floor":6,"key":"Pen Nib"}],"event_choices":[{"damage_healed":0.0,"max_hp_gain":0.0,"max_hp_loss":0.0,"gold_gain":75.0,"event_name":"World of Goop","player_choice":"Gather Gold","floor":3.0,"gold_loss":0.0,"damage_taken":11.0},{"damage_healed":0,"gold_gain":0,"player_choice":"Entered Light","damage_taken":23,"max_hp_gain":0,"max_hp_loss":0,"event_name":"Shining Light","floor":7,"gold_loss":0,"cards_upgraded":["Strike_R","Rampage"]}],"is_beta":false,"boss_relics":[],"items_purged_floors":[],"is_endless":false,"potions_floor_spawned":[2],"killed_by":"Gremlin Nob","ascension_level":15}