{"gold_per_floor":[109,129,129,129,142,176,19,30,53,53,53,73,93,113,113,212,212,228,238,46,146,0,0,16,16,40,40,55,73,0,19,19,19],"floor_reached":33,"playtime":1288,"items_purged":[],"score":264,"play_id":"fbce01bf-1ab9-44d3-a9d7-c1cc112674dd","local_time":"20190107230127","is_ascension_mode":true,"campfire_choices":[{"floor":11,"key":"REST"},{"floor":15,"key":"REST"},{"floor":23,"key":"REST"},{"data":"Defragment","floor":25,"key":"SMITH"},{"data":"Defragment","floor":27,"key":"SMITH"},{"floor":32,"key":"REST"}],"neow_cost":"NONE","seed_source_timestamp":92077843579823,"circlet_count":0,"master_deck":["Strike_B","Strike_B+1","Strike_B","Strike_B+1","Defend_B","Defend_B","Defend_B","Zap","Dualcast","Defragment+1","Defragment+1","Leap","Defragment","Glacier","Beam Cell","Ball Lightning","Sunder","Undo","Seek","Fusion+1","Hologram","Slice+1","Outmaneuver"],"relics":["Cracked Core","Pen Nib","Whetstone","Boot","Busted Crown","PrismaticShard","Oddly Smooth Stone","Potion Belt"],"potions_floor_usage":[6,8,13,18,29,31],"damage_taken":[{"damage":0,"enemies":"2 Louse","floor":1,"turns":2},{"damage":5,"enemies":"Small Slimes","floor":2,"turns":3},{"damage":20,"enemies":"Jaw Worm","floor":5,"turns":4},{"damage":21,"enemies":"Gremlin Nob","floor":6,"turns":4},{"damage":23,"enemies":"Lots of Slimes","floor":8,"turns":3},{"damage":0,"enemies":"Looter","floor":12,"turns":3},{"damage":18,"enemies":"Exordium Thugs","floor":13,"turns":5},{"damage":11,"enemies":"Large Slime","floor":14,"turns":2},{"damage":19,"enemies":"The Guardian","floor":16,"turns":12},{"damage":7,"enemies":"2 Thieves","floor":18,"turns":3},{"damage":10,"enemies":"Chosen","floor":19,"turns":4},{"damage":16,"enemies":"Snecko","floor":24,"turns":4},{"damage":19,"enemies":"Snake Plant","floor":28,"turns":4},{"damage":29,"enemies":"Centurion and Healer","floor":29,"turns":5},{"damage":0,"enemies":"3 Cultists","floor":31,"turns":6},{"damage":44,"enemies":"Collector","floor":33,"turns":6}],"seed_played":"-152763181962813863","potions_obtained":[{"floor":5,"key":"Regen Potion"},{"floor":6,"key":"LiquidBronze"},{"floor":12,"key":"PowerPotion"},{"floor":16,"key":"PowerPotion"},{"floor":28,"key":"SkillPotion"},{"floor":29,"key":"FocusPotion"}],"is_trial":false,"path_per_floor":["M","M","?","?","M","E","$","M","T","?","R","M","M","M","R","B",null,"M","M","$","?","$","R","M","R","T","R","M","M","?","M","R","B"],"character_chosen":"DEFECT","items_purchased":["Whetstone","PrismaticShard","Oddly Smooth Stone"],"campfire_rested":4,"item_purchase_floors":[7,20,22],"current_hp_per_floor":[82,77,77,77,57,48,48,25,25,25,49,49,31,20,44,25,82,75,65,65,65,65,82,66,66,66,66,47,18,18,18,42,0],"gold":19,"neow_bonus":"TEN_PERCENT_HP_BONUS","is_prod":false,"is_daily":false,"chose_seed":false,"campfire_upgraded":2,"win_rate":0,"timestamp":1546930887,"path_taken":["M","M","?","?","?","E","?","M","T","?","R","?","M","M","R","BOSS","M","M","$","?","$","R","M","R","T","R","?","M","?","M","R","BOSS"],"build_version":"2019-01-03v4","purchased_purges":0,"victory":false,"max_hp_per_floor":[82,82,82,82,82,82,82,82,82,82,82,82,82,82,82,82,82,82,82,82,82,82,82,82,82,82,82,82,82,82,82,82,82],"card_choices":[{"not_picked":["Barrage","Turbo"],"picked":"Defragment","floor":1},{"not_picked":["Rebound","Beam Cell"],"picked":"Defragment","floor":2},{"not_picked":["Stack","Sweeping Beam"],"picked":"Leap","floor":5},{"not_picked":["Stack","Lockon"],"picked":"Defragment","floor":6},{"not_picked":["Chill","Leap"],"picked":"Glacier","floor":8},{"not_picked":["Thunder Strike","Turbo"],"picked":"Ball Lightning","floor":12},{"not_picked":["Ball Lightning","Rebound"],"picked":"Sunder","floor":13},{"not_picked":["Heatsinks","Conserve Battery"],"picked":"Undo","floor":14},{"not_picked":["Amplify","Creative AI"],"picked":"Seek","floor":16},{"not_picked":[],"picked":"Fusion+1","floor":18},{"not_picked":[],"picked":"Hologram","floor":19},{"not_picked":[],"picked":"Slice+1","floor":24},{"not_picked":["Warcry"],"picked":"SKIP","floor":28},{"not_picked":["Rebound"],"picked":"SKIP","floor":29},{"not_picked":[],"picked":"Outmaneuver","floor":31}],"player_experience":329540,"relics_obtained":[{"floor":6,"key":"Pen Nib"},{"floor":9,"key":"Boot"},{"floor":26,"key":"Potion Belt"}],"event_choices":[{"damage_healed":0,"gold_gain":0,"player_choice":"Leave","damage_taken":0,"max_hp_gain":0,"max_hp_loss":0,"event_name":"The Cleric","floor":3,"gold_loss":0},{"damage_healed":0,"gold_gain":0,"player_choice":"Ignored","damage_taken":0,"max_hp_gain":0,"max_hp_loss":0,"event_name":"Golden Wing","floor":4,"gold_loss":0},{"damage_healed":0,"gold_gain":0,"cards_transformed":["Defend_B"],"player_choice":"Transformed","damage_taken":0,"max_hp_gain":0,"max_hp_loss":0,"event_name":"Transmorgrifier","floor":10,"gold_loss":0,"cards_obtained":["Beam Cell"]},{"damage_healed":0,"gold_gain":100,"player_choice":"Pray","damage_taken":0,"max_hp_gain":0,"max_hp_loss":0,"event_name":"Golden Shrine","floor":21,"gold_loss":0},{"damage_healed":0,"gold_gain":0,"player_choice":"Paid Fearfully","damage_taken":0,"max_hp_gain":0,"max_hp_loss":0,"event_name":"Masked Bandits","floor":30,"gold_loss":73}],"is_beta":false,"boss_relics":[{"not_picked":["Fusion Hammer","Eternal Feather"],"picked":"Busted Crown"}],"items_purged_floors":[],"is_endless":false,"potions_floor_spawned":[5,6,12,16,28,29],"killed_by":"Collector","ascension_level":1}