{"gold_per_floor":[114,31,0,0,11,11,46,46,46,75,89,89,124,135,135,209,209,129,52,52,102,122,122,41,41,41,41,0,0,11,25,25,104,104,114,214,214,225,235,235,235,248,248,258,258,270,270,270,270,270,270],"floor_reached":52,"playtime":3569,"items_purged":[],"score":1732,"play_id":"ff724fdf-cfa7-4058-a3df-d99103b76814","local_time":"20190430214650","is_ascension_mode":true,"campfire_choices":[{"data":"Neutralize","floor":6,"key":"SMITH"},{"floor":8,"key":"REST"},{"floor":12,"key":"REST"},{"data":"Noxious Fumes","floor":15,"key":"SMITH"},{"data":"Footwork","floor":23,"key":"SMITH"},{"data":"Wraith Form v2","floor":25,"key":"SMITH"},{"data":"Footwork","floor":27,"key":"SMITH"},{"data":"Well Laid Plans","floor":32,"key":"SMITH"},{"data":"Noxious Fumes","floor":40,"key":"SMITH"},{"data":"Leg Sweep","floor":45,"key":"SMITH"},{"data":"Survivor","floor":47,"key":"SMITH"},{"data":"Defend_G","floor":49,"key":"SMITH"}],"neow_cost":"CURSE","seed_source_timestamp":3279782170511133,"circlet_count":0,"master_deck":["AscendersBane","Defend_G","Defend_G","Defend_G","Defend_G","Defend_G+1","Survivor+1","Neutralize+1","Injury","Well Laid Plans+1","Footwork+1","Flying Knee","Deadly Poison","Noxious Fumes+1","PiercingWail","Leg Sweep+1","PiercingWail","Corpse Explosion","Deflect+1","Footwork+1","Writhe","Wraith Form v2+1","Bite","Bite","Bite","Bite","Bite","Footwork+1","Night Terror+1","Noxious Fumes+1","Parasite"],"relics":["Ring of the Snake","Pocketwatch","Bag of Preparation","Darkstone Periapt","Orichalcum","Incense Burner","Busted Crown","Anchor","Bottled Tornado","Coffee Dripper","Calipers","Ornamental Fan","Girya","Bronze Scales"],"potions_floor_usage":[7,10,16,30,44,51,51],"damage_taken":[{"damage":1,"enemies":"Small Slimes","floor":1,"turns":4},{"damage":0,"enemies":"2 Louse","floor":5,"turns":5},{"damage":31,"enemies":"3 Sentries","floor":7,"turns":14},{"damage":39,"enemies":"Gremlin Nob","floor":10,"turns":5},{"damage":0,"enemies":"Jaw Worm","floor":11,"turns":4},{"damage":4,"enemies":"Lagavulin","floor":13,"turns":7},{"damage":0,"enemies":"3 Louse","floor":14,"turns":5},{"damage":8,"enemies":"The Guardian","floor":16,"turns":11},{"damage":0,"enemies":"2 Thieves","floor":18,"turns":4},{"damage":10,"enemies":"Spheric Guardian","floor":22,"turns":4},{"damage":18,"enemies":"Cultist and Chosen","floor":30,"turns":5},{"damage":0,"enemies":"Centurion and Healer","floor":31,"turns":7},{"damage":8,"enemies":"Automaton","floor":33,"turns":11},{"damage":0,"enemies":"3 Shapes","floor":35,"turns":4},{"damage":0,"enemies":"Mind Bloom Boss Battle","floor":36,"turns":7},{"damage":0,"enemies":"Orb Walker","floor":38,"turns":5},{"damage":7,"enemies":"Transient","floor":39,"turns":6},{"damage":0,"enemies":"Spire Growth","floor":42,"turns":8},{"damage":39,"enemies":"3 Darklings","floor":44,"turns":4},{"damage":0,"enemies":"Writhing Mass","floor":46,"turns":12},{"damage":4,"enemies":"Donu and Deca","floor":50,"turns":11},{"damage":43,"enemies":"Awakened One","floor":51,"turns":25}],"seed_played":"1475369299638733744","potions_obtained":[{"floor":1,"key":"LiquidBronze"},{"floor":7,"key":"EssenceOfSteel"},{"floor":13,"key":"Regen Potion"},{"floor":14,"key":"LiquidBronze"},{"floor":16,"key":"Strength Potion"},{"floor":22,"key":"Fire Potion"},{"floor":30,"key":"SpeedPotion"},{"floor":33,"key":"PowerPotion"},{"floor":42,"key":"Dexterity Potion"},{"floor":46,"key":"PowerPotion"}],"is_trial":false,"path_per_floor":["M","$","?","?","M","R","E","R","T","E","M","R","E","M","R","B",null,"M","$","?","?","M","R","$","R","T","R","?","?","M","M","R","B",null,"M","?","?","M","M","R","T","M","T","M","R","M","R","T","R","B","B",null],"character_chosen":"THE_SILENT","items_purchased":["Footwork","Footwork","Wraith Form v2"],"campfire_rested":2,"item_purchase_floors":[2,19,24],"current_hp_per_floor":[58,58,58,58,58,58,27,46,46,7,7,26,22,22,22,29,57,57,57,63,63,53,53,53,53,53,53,53,50,37,50,50,50,50,50,50,50,50,50,50,50,50,50,11,11,43,43,43,43,56,56],"gold":270,"neow_bonus":"ONE_RARE_RELIC","is_prod":false,"is_daily":false,"chose_seed":false,"campfire_upgraded":10,"win_rate":0,"timestamp":1556657210,"path_taken":["M","$","?","?","M","R","E","R","T","E","?","R","E","M","R","BOSS","M","$","?","?","?","R","$","R","T","R","?","?","M","M","R","BOSS","M","?","?","M","?","R","?","M","T","M","R","M","R","?","R","BOSS","BOSS"],"build_version":"2019-01-23","purchased_purges":0,"victory":true,"max_hp_per_floor":[66,66,66,66,66,66,66,66,66,66,66,66,66,66,66,66,66,66,66,72,72,72,72,72,72,72,72,72,50,50,50,50,50,50,50,50,50,50,50,50,50,50,50,50,50,56,56,56,56,56,56],"card_choices":[{"not_picked":["Slice","PiercingWail"],"picked":"Well Laid Plans","floor":1},{"not_picked":["Eviscerate","Prepared"],"picked":"Flying Knee","floor":5},{"not_picked":["Infinite Blades","Outmaneuver"],"picked":"Deadly Poison","floor":7},{"not_picked":["Deadly Poison","Dagger Spray"],"picked":"Noxious Fumes","floor":10},{"not_picked":["Dagger Throw","Terror"],"picked":"PiercingWail","floor":11},{"not_picked":["Cloak And Dagger","Eviscerate"],"picked":"Leg Sweep","floor":13},{"not_picked":["Cloak And Dagger","Tools of the Trade"],"picked":"PiercingWail","floor":14},{"not_picked":["Storm of Steel","Burst"],"picked":"Corpse Explosion","floor":16},{"not_picked":[],"picked":"Deflect+1","floor":18},{"not_picked":["Slice"],"picked":"SKIP","floor":22},{"not_picked":[],"picked":"Footwork+1","floor":30},{"not_picked":["Deadly Poison"],"picked":"SKIP","floor":31},{"not_picked":[],"picked":"Night Terror","floor":33},{"not_picked":["Slice"],"picked":"SKIP","floor":35},{"not_picked":[],"picked":"Noxious Fumes","floor":38},{"not_picked":["Deadly Poison"],"picked":"SKIP","floor":39},{"not_picked":["Outmaneuver"],"picked":"SKIP","floor":42},{"not_picked":["Sucker Punch"],"picked":"SKIP","floor":44},{"not_picked":["Bane+1"],"picked":"SKIP","floor":46}],"player_experience":273541,"relics_obtained":[{"floor":7,"key":"Bag of Preparation"},{"floor":9,"key":"Darkstone Periapt"},{"floor":10,"key":"Orichalcum"},{"floor":13,"key":"Incense Burner"},{"floor":26,"key":"Bottled Tornado"},{"floor":36,"key":"Calipers"},{"floor":41,"key":"Ornamental Fan"},{"floor":43,"key":"Girya"},{"floor":48,"key":"Bronze Scales"}],"event_choices":[{"damage_healed":0,"gold_gain":0,"player_choice":"Left Gold","damage_taken":0,"max_hp_gain":0,"max_hp_loss":0,"event_name":"World of Goop","floor":3,"gold_loss":31},{"damage_healed":0,"gold_gain":0,"player_choice":"Ignored","damage_taken":0,"max_hp_gain":0,"max_hp_loss":0,"event_name":"Golden Idol","floor":4,"gold_loss":0},{"damage_healed":0,"gold_gain":0,"player_choice":"Opened","damage_taken":0,"relics_obtained":["Anchor"],"max_hp_gain":0,"max_hp_loss":0,"event_name":"The Mausoleum","floor":20,"gold_loss":0,"cards_obtained":["Writhe"]},{"damage_healed":0,"gold_gain":100,"player_choice":"Bet on Murderer","damage_taken":0,"max_hp_gain":0,"max_hp_loss":0,"event_name":"The Joust","floor":21,"gold_loss":50},{"damage_healed":0,"gold_gain":0,"player_choice":"Paid Fearfully","damage_taken":0,"max_hp_gain":0,"max_hp_loss":0,"event_name":"Masked Bandits","floor":28,"gold_loss":41},{"damage_healed":0,"gold_gain":0,"player_choice":"Became a vampire","damage_taken":0,"max_hp_gain":0,"max_hp_loss":22,"event_name":"Vampires","floor":29,"gold_loss":0,"cards_obtained":["Bite","Bite","Bite","Bite","Bite"]},{"damage_healed":0,"gold_gain":0,"player_choice":"Fight","damage_taken":0,"max_hp_gain":0,"max_hp_loss":0,"event_name":"MindBloom","floor":36,"gold_loss":0},{"damage_healed":0,"gold_gain":0,"player_choice":"Upgraded","damage_taken":0,"max_hp_gain":0,"max_hp_loss":0,"event_name":"Upgrade Shrine","floor":37,"gold_loss":0,"cards_upgraded":["Night Terror"]}],"is_beta":false,"boss_relics":[{"not_picked":["Calling Bell","Eternal Feather"],"picked":"Busted Crown"},{"not_picked":["HoveringKite","Runic Dome"],"picked":"Coffee Dripper"}],"items_purged_floors":[],"is_endless":false,"potions_floor_spawned":[1,7,13,14,16,22,30,33,35,42,46],"ascension_level":20}