{"gold_per_floor":[118,131,147,147,147,147,161,161,210,236,250,284,301,301],"floor_reached":14,"playtime":549,"items_purged":[],"score":107,"play_id":"e86d08d3-7d4d-4e9a-93e8-c5a78073b401","local_time":"20181228231423","is_ascension_mode":true,"campfire_choices":[{"data":"Consume","floor":6,"key":"SMITH"},{"floor":8,"key":"REST"}],"neow_cost":"NONE","seed_source_timestamp":2853956720691,"circlet_count":0,"master_deck":["Strike_B","Strike_B","Strike_B","Strike_B","Defend_B","Defend_B","Defend_B","Defend_B","Zap","Dualcast","Consume+1","Tempest","Echo Form","Ball Lightning","Leap","Reprogram","Loop","Tempest"],"relics":["Cracked Core","DataDisk","Happy Flower","Lantern","Matryoshka"],"potions_floor_usage":[2,11,12,14],"damage_taken":[{"damage":9,"enemies":"2 Louse","floor":1,"turns":2},{"damage":9,"enemies":"Small Slimes","floor":2,"turns":3},{"damage":18,"enemies":"Jaw Worm","floor":3,"turns":3},{"damage":16,"enemies":"Large Slime","floor":7,"turns":3},{"damage":25,"enemies":"Gremlin Nob","floor":10,"turns":4},{"damage":6,"enemies":"Exordium Wildlife","floor":11,"turns":2},{"damage":27,"enemies":"Lagavulin","floor":12,"turns":5},{"damage":16,"enemies":"3 Louse","floor":13,"turns":3},{"damage":8,"enemies":"Exordium Thugs","floor":14,"turns":1}],"seed_played":"3538123682375158507","potions_obtained":[{"floor":1,"key":"Explosive Potion"},{"floor":7,"key":"Explosive Potion"},{"floor":11,"key":"Poison Potion"},{"floor":13,"key":"AttackPotion"}],"is_trial":false,"path_per_floor":["M","M","M","?","?","R","M","R","T","E","M","E","M","M"],"character_chosen":"DEFECT","items_purchased":[],"campfire_rested":1,"item_purchase_floors":[],"current_hp_per_floor":[73,64,46,43,70,70,54,78,78,53,47,20,4,0],"gold":301,"neow_bonus":"TEN_PERCENT_HP_BONUS","is_prod":false,"is_daily":false,"chose_seed":false,"campfire_upgraded":1,"win_rate":0,"timestamp":1546067663,"path_taken":["M","M","M","?","?","R","M","R","T","E","M","E","M","M"],"build_version":"2018-12-20","purchased_purges":0,"victory":false,"max_hp_per_floor":[82,82,82,82,82,82,82,82,82,82,82,82,82,82],"card_choices":[{"not_picked":["Gash","Ball Lightning"],"picked":"Consume","floor":1},{"not_picked":["Streamline","White Noise"],"picked":"Tempest","floor":2},{"not_picked":["Skim","Doom and Gloom"],"picked":"Echo Form","floor":3},{"not_picked":["Turbo","Rip and Tear"],"picked":"Ball Lightning","floor":7},{"not_picked":["Turbo","Go for the Eyes"],"picked":"Leap","floor":10},{"not_picked":["Storm","Coolheaded"],"picked":"Reprogram","floor":11},{"not_picked":["Lockon","Doom and Gloom"],"picked":"Loop","floor":12},{"not_picked":["Ball Lightning","Conserve Battery"],"picked":"Tempest","floor":13}],"player_experience":317431,"relics_obtained":[{"floor":9,"key":"Happy Flower"},{"floor":10,"key":"Lantern"},{"floor":12,"key":"Matryoshka"}],"event_choices":[{"damage_healed":0,"gold_gain":0,"player_choice":"Success","damage_taken":3,"relics_obtained":["DataDisk"],"max_hp_gain":0,"max_hp_loss":0,"event_name":"Scrap Ooze","floor":4,"gold_loss":0},{"damage_healed":27,"gold_gain":0,"player_choice":"Banana","damage_taken":0,"max_hp_gain":0,"max_hp_loss":0,"event_name":"Big Fish","floor":5,"gold_loss":0}],"is_beta":false,"boss_relics":[],"items_purged_floors":[],"is_endless":false,"potions_floor_spawned":[1,7,11,13],"killed_by":"Exordium Thugs","ascension_level":1}