{"gold_per_floor":[117,117,16,26,45,77,77,135,217,229,239,254,271,300,300,300],"floor_reached":16,"playtime":956,"items_purged":[],"score":161,"play_id":"406abacb-6c6f-45c8-a362-a8992542c6c8","local_time":"20180820164402","is_ascension_mode":true,"campfire_choices":[{"data":"Footwork","floor":7,"key":"SMITH"},{"floor":15,"key":"REST"}],"neow_cost":"NONE","seed_source_timestamp":186554118477873,"circlet_count":0,"master_deck":["Defend_G","Defend_G","Defend_G","Defend_G","Defend_G","Strike_G","Strike_G","Strike_G","Strike_G","Strike_G","Survivor","Neutralize","PiercingWail","Footwork+1","Cloak And Dagger","Deadly Poison","Crippling Poison","Leg Sweep","Bane","Caltrops","Backflip","Night Terror","Bouncing Flask"],"relics":["Ring of the Snake","Snake Skull","Bird Faced Urn","Ancient Tea Set","Tiny Chest","Darkstone Periapt","Oddly Smooth Stone"],"potions_floor_usage":[6,12,16],"damage_taken":[{"damage":3,"enemies":"Jaw Worm","floor":1,"turns":6},{"damage":0,"enemies":"Small Slimes","floor":4,"turns":4},{"damage":0,"enemies":"Cultist","floor":5,"turns":5},{"damage":7,"enemies":"Gremlin Nob","floor":6,"turns":4},{"damage":2,"enemies":"Lagavulin","floor":8,"turns":8},{"damage":5,"enemies":"Blue Slaver","floor":10,"turns":5},{"damage":0,"enemies":"Lots of Slimes","floor":11,"turns":3},{"damage":3,"enemies":"Large Slime","floor":12,"turns":8},{"damage":4,"enemies":"2 Fungi Beasts","floor":13,"turns":4},{"damage":41,"enemies":"Gremlin Nob","floor":14,"turns":6},{"damage":53,"enemies":"Slime Boss","floor":16,"turns":12}],"seed_played":"-3315323244231668854","potions_obtained":[{"floor":4,"key":"AttackPotion"},{"floor":6,"key":"FairyPotion"},{"floor":8,"key":"Fire Potion"},{"floor":13,"key":"Explosive Potion"},{"floor":14,"key":"LiquidBronze"}],"is_trial":false,"path_per_floor":["M","?","$","M","M","E","R","E","T","M","M","M","M","E","R"],"character_chosen":"THE_SILENT","items_purchased":["Footwork","Cloak And Dagger"],"campfire_rested":1,"item_purchase_floors":[3,3],"current_hp_per_floor":[60,48,48,50,52,47,47,47,47,44,46,47,47,10,31,0],"gold":300,"neow_bonus":"RANDOM_COMMON_RELIC","is_prod":false,"is_daily":false,"chose_seed":false,"campfire_upgraded":1,"win_rate":0,"timestamp":1534808642,"path_taken":["M","?","$","M","M","E","R","E","T","M","?","M","M","E","R","BOSS"],"build_version":"2018-08-16","purchased_purges":0,"victory":false,"max_hp_per_floor":[70,70,70,70,70,70,70,70,70,70,70,70,70,70,70,70],"card_choices":[{"not_picked":["Dodge and Roll","Concentrate"],"picked":"PiercingWail","floor":1},{"not_picked":["Deflect","Underhanded Strike"],"picked":"Deadly Poison","floor":4},{"not_picked":["Heel Hook","Leg Sweep"],"picked":"Crippling Poison","floor":5},{"not_picked":["Skewer","Catalyst"],"picked":"Leg Sweep","floor":6},{"not_picked":["Sucker Punch","Well Laid Plans"],"picked":"Bane","floor":8},{"not_picked":["Skewer","Expertise"],"picked":"Caltrops","floor":10},{"not_picked":["Deflect","Endless Agony","Quick Slash"],"picked":"SKIP","floor":11},{"not_picked":["Escape Plan","Deflect"],"picked":"Backflip","floor":12},{"not_picked":["Dodge and Roll","Quick Slash"],"picked":"Night Terror","floor":13},{"not_picked":["Poisoned Stab","Escape Plan"],"picked":"Bouncing Flask","floor":14}],"player_experience":115388,"relics_obtained":[{"floor":6,"key":"Ancient Tea Set"},{"floor":8,"key":"Tiny Chest"},{"floor":9,"key":"Darkstone Periapt"},{"floor":14,"key":"Oddly Smooth Stone"}],"event_choices":[{"event_name":"Scrap Ooze","player_choice":"success","floor":2,"damage_taken":12}],"is_beta":false,"boss_relics":[],"items_purged_floors":[],"is_endless":false,"potions_floor_spawned":[4,6,8,13,14],"killed_by":"Slime Boss","ascension_level":6}