{"gold_per_floor":[109,124,6,6,22,22,48,48,48,48,60,60,85,96,96,201,201,218,234,246,171,8,8,8,39,39,39,53,53,53,63,63,161,161,180,192,292,302,302,302,302,322,347,150,162,162,162,174,174,174],"floor_reached":51,"playtime":2450,"items_purged":["Strike_R","Regret"],"score":1163,"play_id":"b9e0e8e9-eb02-46e4-bc9f-fb2d94250ae9","local_time":"20190117150010","is_ascension_mode":true,"campfire_choices":[{"data":"Juggernaut","floor":6,"key":"SMITH"},{"data":"Disarm","floor":8,"key":"SMITH"},{"data":"Flame Barrier","floor":10,"key":"SMITH"},{"data":"True Grit","floor":15,"key":"SMITH"},{"data":"Shrug It Off","floor":23,"key":"SMITH"},{"data":"Good Instincts","floor":27,"key":"SMITH"},{"data":"Defend_R","floor":30,"key":"SMITH"},{"data":"Defend_R","floor":32,"key":"SMITH"},{"data":"Metallicize","floor":40,"key":"SMITH"},{"floor":47,"key":"REST"},{"data":"Defend_R","floor":49,"key":"SMITH"}],"neow_cost":"NONE","seed_source_timestamp":1017423776915756,"circlet_count":0,"master_deck":["AscendersBane","Strike_R","Strike_R","Defend_R+1","Defend_R+1","Defend_R+1","Defend_R","Juggernaut+1","True Grit+1","Disarm+1","Flame Barrier+1","Battle Trance","Metallicize+1","Metallicize+1","Juggernaut+1","Entrench+1","Shrug It Off+1","Good Instincts+1","Impervious+1","Juggernaut+1","Dual Wield+1","Battle Trance+1","Ghostly Armor+1","Shrug It Off+1","Impervious+1","True Grit+1","Juggernaut+1"],"relics":["Burning Blood","Frozen Egg 2","Question Card","Velvet Choker","Nloth\u0027s Gift","Toxic Egg 2","Red Skull","Cursed Key","Du-Vu Doll","Centennial Puzzle"],"potions_floor_usage":[16,20,25,31,38,45,50],"damage_taken":[{"damage":16,"enemies":"Small Slimes","floor":1,"turns":4},{"damage":6,"enemies":"Jaw Worm","floor":2,"turns":4},{"damage":2,"enemies":"Cultist","floor":5,"turns":5},{"damage":32,"enemies":"Gremlin Nob","floor":7,"turns":6},{"damage":0,"enemies":"2 Fungi Beasts","floor":11,"turns":4},{"damage":0,"enemies":"Lagavulin","floor":13,"turns":7},{"damage":13,"enemies":"3 Louse","floor":14,"turns":5},{"damage":0,"enemies":"The Guardian","floor":16,"turns":12},{"damage":4,"enemies":"Chosen","floor":18,"turns":4},{"damage":6,"enemies":"Shell Parasite","floor":19,"turns":6},{"damage":29,"enemies":"Cultist and Chosen","floor":20,"turns":7},{"damage":17,"enemies":"Slavers","floor":25,"turns":7},{"damage":0,"enemies":"Snake Plant","floor":28,"turns":3},{"damage":0,"enemies":"3 Cultists","floor":31,"turns":5},{"damage":17,"enemies":"Champ","floor":33,"turns":10},{"damage":21,"enemies":"3 Darklings","floor":35,"turns":4},{"damage":0,"enemies":"3 Shapes","floor":36,"turns":3},{"damage":0,"enemies":"Mind Bloom Boss Battle","floor":37,"turns":6},{"damage":19,"enemies":"Sphere and 2 Shapes","floor":38,"turns":6},{"damage":3,"enemies":"3 Darklings","floor":42,"turns":6},{"damage":10,"enemies":"Transient","floor":45,"turns":5},{"damage":10,"enemies":"Writhing Mass","floor":48,"turns":6},{"damage":65,"enemies":"Awakened One","floor":50,"turns":7}],"seed_played":"-2251752123850969654","potions_obtained":[{"floor":2,"key":"FairyPotion"},{"floor":11,"key":"FearPotion"},{"floor":13,"key":"Dexterity Potion"},{"floor":18,"key":"Fire Potion"},{"floor":20,"key":"FearPotion"},{"floor":25,"key":"SpeedPotion"},{"floor":35,"key":"Explosive Potion"},{"floor":42,"key":"Fire Potion"}],"is_trial":false,"path_per_floor":["M","M","$","?","M","R","E","R","T","R","M","?","E","M","R","B",null,"M","M","M","?","$","R","?","E","T","R","M","?","R","M","R","B",null,"M","M","?","M","?","R","?","M","T","$","M","?","R","M","R","B",null],"character_chosen":"IRONCLAD","items_purchased":["Flame Barrier","Fire Potion","Good Instincts","True Grit+1","Dexterity Potion"],"campfire_rested":1,"item_purchase_floors":[3,3,22,44,44],"current_hp_per_floor":[62,62,62,62,66,66,40,40,40,40,46,46,52,45,45,51,73,75,75,52,52,52,52,52,41,41,41,47,47,47,53,53,42,71,56,62,68,55,55,55,55,58,58,58,54,54,78,74,74,15],"gold":174,"neow_bonus":"ONE_RANDOM_RARE_CARD","is_prod":false,"is_daily":false,"chose_seed":false,"campfire_upgraded":10,"win_rate":0,"timestamp":1547737210,"path_taken":["M","M","$","?","M","R","E","R","T","R","M","?","E","?","R","BOSS","M","?","M","?","$","R","?","E","T","R","?","?","R","M","R","BOSS","M","M","?","M","?","R","?","M","T","$","M","?","R","M","R","BOSS"],"build_version":"2019-01-10","purchased_purges":2,"victory":true,"max_hp_per_floor":[80,80,80,80,80,80,80,80,80,80,80,80,80,80,80,80,80,80,80,80,80,80,80,80,80,80,80,80,80,80,80,80,80,80,80,80,80,80,80,80,80,80,80,80,80,80,80,80,80,80],"card_choices":[{"not_picked":["Flex","Heavy Blade"],"picked":"True Grit","floor":1},{"not_picked":["Armaments","Rupture"],"picked":"Disarm","floor":2},{"not_picked":["Wild Strike","Headbutt"],"picked":"Battle Trance","floor":5},{"not_picked":["Perfected Strike","True Grit"],"picked":"Metallicize","floor":7},{"not_picked":["Clash","Havoc","Flex"],"picked":"SKIP","floor":11},{"not_picked":["Corruption+1","Headbutt","Cleave"],"picked":"SKIP","floor":13},{"not_picked":["Havoc","Pommel Strike","Evolve+1"],"picked":"Metallicize+1","floor":14},{"not_picked":["Reaper","Barricade+1","Limit Break"],"picked":"Juggernaut+1","floor":16},{"not_picked":["Warcry","Reckless Charge","Bloodletting"],"picked":"Entrench+1","floor":18},{"not_picked":["Clash","Flex","Rage"],"picked":"Shrug It Off","floor":19},{"not_picked":["Iron Wave","Pommel Strike+1","Havoc","Sentinel"],"picked":"SKIP","floor":20},{"not_picked":["Headbutt","Double Tap","Clash"],"picked":"Impervious","floor":25},{"not_picked":["Headbutt","Twin Strike","Wild Strike+1","Havoc+1"],"picked":"SKIP","floor":28},{"not_picked":["Headbutt","Anger","Power Through+1","Flex+1"],"picked":"SKIP","floor":31},{"not_picked":["Limit Break+1","Immolate","Brutality+1"],"picked":"Juggernaut+1","floor":33},{"not_picked":["Clash+1","Anger+1","Searing Blow+1"],"picked":"Dual Wield+1","floor":35},{"not_picked":["Infernal Blade+1","Battle Trance+1","Feel No Pain+1","Body Slam"],"picked":"SKIP","floor":36},{"not_picked":["Infernal Blade+1","Feel No Pain+1","Body Slam"],"picked":"Battle Trance+1","floor":36},{"not_picked":["Pommel Strike","Thunderclap+1","Havoc+1"],"picked":"Ghostly Armor+1","floor":37},{"not_picked":["Fire Breathing+1","Burning Pact+1","Heavy Blade+1"],"picked":"Shrug It Off+1","floor":38},{"not_picked":["Clothesline","Thunderclap","Warcry+1"],"picked":"Impervious+1","floor":42},{"not_picked":["Dark Embrace+1","Searing Blow+1","Battle Trance+1","Pommel Strike+1"],"picked":"SKIP","floor":45},{"not_picked":["Clothesline","Pommel Strike+1","Cleave"],"picked":"Juggernaut+1","floor":48}],"player_experience":121215,"relics_obtained":[{"floor":7,"key":"Bottled Tornado"},{"floor":9,"key":"Frozen Egg 2"},{"floor":13,"key":"Question Card"},{"floor":25,"key":"Toxic Egg 2"},{"floor":26,"key":"Red Skull"},{"floor":37,"key":"Du-Vu Doll"},{"floor":43,"key":"Centennial Puzzle"}],"event_choices":[{"damage_healed":0,"gold_gain":0,"player_choice":"Ignored","damage_taken":0,"max_hp_gain":0,"max_hp_loss":0,"event_name":"Golden Idol","floor":4,"gold_loss":0},{"cards_removed":["Bash"],"damage_healed":0,"gold_gain":0,"player_choice":"Forget","damage_taken":0,"max_hp_gain":0,"max_hp_loss":0,"event_name":"Living Wall","floor":12,"gold_loss":0},{"cards_removed":["Strike_R"],"damage_healed":0,"gold_gain":0,"player_choice":"Gave Gold","damage_taken":0,"max_hp_gain":0,"max_hp_loss":0,"event_name":"Beggar","floor":21,"gold_loss":75},{"damage_healed":0,"gold_gain":0,"player_choice":"Traded Relic","damage_taken":0,"relics_obtained":["Nloth\u0027s Gift"],"max_hp_gain":0,"max_hp_loss":0,"event_name":"N\u0027loth","floor":24,"relics_lost":["Bottled Tornado"],"gold_loss":0},{"damage_healed":0,"gold_gain":0,"player_choice":"Fight","damage_taken":0,"max_hp_gain":0,"max_hp_loss":0,"event_name":"MindBloom","floor":37,"gold_loss":0},{"cards_removed":["Strike_R"],"damage_healed":0,"gold_gain":0,"player_choice":"Removed Attack","damage_taken":0,"max_hp_gain":0,"max_hp_loss":0,"event_name":"Falling","floor":39,"gold_loss":0},{"damage_healed":0,"gold_gain":0,"player_choice":"Ignored","damage_taken":0,"max_hp_gain":0,"max_hp_loss":0,"event_name":"Mysterious Sphere","floor":41,"gold_loss":0},{"damage_healed":0,"gold_gain":0,"player_choice":"Memory 1","damage_taken":0,"max_hp_gain":0,"max_hp_loss":0,"event_name":"SensoryStone","floor":46,"gold_loss":0}],"is_beta":false,"boss_relics":[{"not_picked":["Snecko Eye","Mark of Pain"],"picked":"Velvet Choker"},{"not_picked":["Eternal Feather","White Beast Statue"],"picked":"Cursed Key"}],"items_purged_floors":[22,44],"is_endless":false,"potions_floor_spawned":[2,11,13,14,18,19,20,25,35,42],"ascension_level":11}