{"gold_per_floor":[11,21,21,32,32,32,63,78,105,105,136,7,25,25,25,100,100,112,112,125,139,39,39,39],"floor_reached":24,"playtime":667,"items_purged":["Pain","Decay"],"score":499,"play_id":"592c5928-c323-4809-952e-5fc756525806","local_time":"20190429141540","is_ascension_mode":true,"campfire_choices":[{"data":"Apotheosis","floor":6,"key":"SMITH"},{"data":"Metamorphosis","floor":10,"key":"SMITH"},{"floor":15,"key":"REST"},{"data":"Shrug It Off","floor":23,"key":"SMITH"}],"neow_cost":"NO_GOLD","seed_source_timestamp":3169207143976186,"circlet_count":0,"master_deck":["AscendersBane","Strike_R","Defend_R","Defend_R+1","Defend_R","Defend_R+1","Bash","Apotheosis+1","Metamorphosis+1","Carnage","True Grit","Battle Trance","Sentinel+1","Dropkick+1","Juggernaut+1","Shrug It Off+1","Battle Trance","Battle Trance"],"relics":["Burning Blood","WarpedTongs","War Paint","PreservedInsect","Regal Pillow","Astrolabe"],"potions_floor_usage":[13],"damage_taken":[{"damage":1,"enemies":"Cultist","floor":1,"turns":3},{"damage":0,"enemies":"2 Louse","floor":2,"turns":3},{"damage":2,"enemies":"Small Slimes","floor":4,"turns":2},{"damage":18,"enemies":"Lagavulin","floor":7,"turns":6},{"damage":15,"enemies":"Blue Slaver","floor":8,"turns":4},{"damage":33,"enemies":"Gremlin Nob","floor":11,"turns":4},{"damage":6,"enemies":"2 Fungi Beasts","floor":13,"turns":3},{"damage":0,"enemies":"Slime Boss","floor":16,"turns":5},{"damage":13,"enemies":"Spheric Guardian","floor":18,"turns":4},{"damage":23,"enemies":"3 Byrds","floor":20,"turns":5},{"damage":0,"enemies":"3 Cultists","floor":21,"turns":3},{"damage":56,"enemies":"Book of Stabbing","floor":24,"turns":3}],"seed_played":"-1410854905621093088","potions_obtained":[{"floor":7,"key":"LiquidBronze"},{"floor":16,"key":"Strength Potion"}],"is_trial":false,"path_per_floor":["M","M","?","M","$","R","E","M","T","R","E","$","M","?","R","B",null,"M","?","M","M","$","R","E"],"character_chosen":"IRONCLAD","items_purchased":["Block Potion"],"campfire_rested":1,"item_purchase_floors":[12],"current_hp_per_floor":[73,75,75,75,75,75,63,54,54,54,27,27,27,27,64,70,74,67,67,50,56,56,56,0],"gold":39,"neow_bonus":"RANDOM_COLORLESS_2","is_prod":false,"is_daily":false,"chose_seed":false,"campfire_upgraded":3,"win_rate":0,"timestamp":1556543740,"path_taken":["M","?","?","?","?","R","E","M","T","R","E","$","?","?","R","BOSS","M","?","M","M","$","R","E"],"build_version":"2019-01-23","purchased_purges":2,"victory":false,"max_hp_per_floor":[75,75,75,75,75,75,75,75,75,75,75,75,75,75,75,75,75,75,75,75,75,75,75,75],"card_choices":[{"not_picked":["Disarm","Rage","True Grit"],"picked":"SKIP","floor":1},{"not_picked":["Perfected Strike","Headbutt"],"picked":"Carnage","floor":2},{"not_picked":["Dual Wield","Heavy Blade"],"picked":"True Grit","floor":4},{"not_picked":["Flame Barrier","Cleave"],"picked":"Battle Trance","floor":7},{"not_picked":["Inflame","True Grit","Iron Wave"],"picked":"SKIP","floor":8},{"not_picked":["Entrench","Havoc","Iron Wave"],"picked":"SKIP","floor":11},{"not_picked":["Pummel","Body Slam","Wild Strike"],"picked":"SKIP","floor":13},{"not_picked":["Cleave","Bloodletting"],"picked":"Shrug It Off","floor":18},{"not_picked":["Perfected Strike+1","Armaments"],"picked":"Battle Trance","floor":20},{"not_picked":["Iron Wave+1","Barricade"],"picked":"Battle Trance","floor":21}],"player_experience":248726,"relics_obtained":[{"floor":7,"key":"War Paint"},{"floor":9,"key":"PreservedInsect"},{"floor":11,"key":"Regal Pillow"}],"event_choices":[{"damage_healed":0,"gold_gain":0,"player_choice":"Rummage","damage_taken":0,"relics_obtained":["WarpedTongs"],"max_hp_gain":0,"max_hp_loss":0,"event_name":"Accursed Blacksmith","floor":3,"gold_loss":0,"cards_obtained":["Pain"]},{"cards_removed":["Strike_R"],"damage_healed":0,"gold_gain":0,"player_choice":"Forget","damage_taken":0,"max_hp_gain":0,"max_hp_loss":0,"event_name":"Living Wall","floor":14,"gold_loss":0},{"damage_healed":0,"gold_gain":0,"player_choice":"Smashed Altar","damage_taken":0,"max_hp_gain":0,"max_hp_loss":0,"event_name":"Forgotten Altar","floor":19,"gold_loss":0,"cards_obtained":["Decay"]}],"is_beta":false,"boss_relics":[{"not_picked":["Orrery","Runic Cube"],"picked":"Astrolabe"}],"items_purged_floors":[12,22],"is_endless":false,"potions_floor_spawned":[7,16,18,20],"killed_by":"Book of Stabbing","ascension_level":19}