{"gold_per_floor":[111,111,36,53,53,87,87,107,157,201,215,239,239,580,580,703,703,726,745,280,280,280,280,298,298,377,64,84,33,52,70,70,199,199,214,547,517,537,550,550],"floor_reached":40,"playtime":2681,"items_purged":["Shame"],"score":453,"play_id":"5fce2e2e-a5c5-4769-8c60-b8a83bcc286a","local_time":"20190501190835","is_ascension_mode":true,"campfire_choices":[{"data":"Armaments","floor":7.0,"key":"SMITH"},{"data":"Rampage","floor":15.0,"key":"SMITH"},{"floor":23.0,"key":"REST"},{"data":"Apotheosis","floor":25,"key":"SMITH"},{"floor":32,"key":"REST"}],"neow_cost":"CURSE","seed_source_timestamp":1452253239223319,"circlet_count":0,"master_deck":["Strike_R","Strike_R","Strike_R","Defend_R","Defend_R","Defend_R","Defend_R","Bash+1","Clash","Flame Barrier","Armaments+1","Cleave","Twin Strike","Rampage+1","Reaper","Double Tap","Spot Weakness","Apotheosis+1","Pummel","Metamorphosis","Sword Boomerang","Bludgeon","Spot Weakness+1"],"special_seed":0,"relics":["Black Blood","Blood Vial","Red Skull","Nunchaku","Old Coin","Pen Nib","Dodecahedron","Ancient Tea Set","Meat on the Bone","Coffee Dripper"],"potions_floor_usage":[33,33],"damage_taken":[{"damage":8.0,"enemies":"Jaw Worm","floor":1.0,"turns":5.0},{"damage":5.0,"enemies":"Small Slimes","floor":4.0,"turns":3.0},{"damage":40.0,"enemies":"Lagavulin","floor":6.0,"turns":8.0},{"damage":0.0,"enemies":"Cultist","floor":8.0,"turns":3.0},{"damage":9.0,"enemies":"3 Sentries","floor":10.0,"turns":6.0},{"damage":0.0,"enemies":"Looter","floor":11.0,"turns":1.0},{"damage":0.0,"enemies":"Red Slaver","floor":12.0,"turns":3.0},{"damage":11.0,"enemies":"Lagavulin","floor":14.0,"turns":6.0},{"damage":50.0,"enemies":"Hexaghost","floor":16.0,"turns":8.0},{"damage":37.0,"enemies":"Shell Parasite","floor":18.0,"turns":9.0},{"damage":16.0,"enemies":"Chosen","floor":19.0,"turns":7.0},{"damage":18,"enemies":"Snake Plant","floor":24,"turns":4},{"damage":8,"enemies":"Centurion and Healer","floor":28,"turns":4},{"damage":0,"enemies":"Cultist and Chosen","floor":30,"turns":4},{"damage":39,"enemies":"Sentry and Sphere","floor":31,"turns":6},{"damage":51,"enemies":"Champ","floor":33,"turns":8},{"damage":35,"enemies":"3 Darklings","floor":35,"turns":4},{"damage":17,"enemies":"Orb Walker","floor":38,"turns":4},{"damage":46,"enemies":"Writhing Mass","floor":39,"turns":4},{"damage":105,"enemies":"Giant Head","floor":40,"turns":8}],"seed_played":"2282962596916787651","potions_obtained":[{"floor":4.0,"key":"SpeedPotion"},{"floor":6.0,"key":"Fruit Juice"},{"floor":10.0,"key":"AttackPotion"},{"floor":13.0,"key":"Energy Potion"},{"floor":13.0,"key":"SpeedPotion"},{"floor":16.0,"key":"Dexterity Potion"},{"floor":37,"key":"Ancient Potion"},{"floor":37,"key":"Poison Potion"}],"is_trial":false,"path_per_floor":["M","?","$","M","?","E","R","M","T","E","M","M","?","E","R","B",null,"M","M","$","T","?","R","M","R","T","$","M","$","M","M","R","B",null,"M","?","?","M","M","E"],"character_chosen":"IRONCLAD","items_purchased":["Spot Weakness","Pen Nib","PowerPotion","Apotheosis","Pummel","PowerPotion","Metamorphosis","Sword Boomerang"],"campfire_rested":2,"item_purchase_floors":[20,20,20,20,27,27,27,29],"current_hp_per_floor":[78,78,78,79,59,25,25,38,38,37,45,53,53,50,50,20,85,60,61,61,61,61,85,85,85,85,85,85,85,85,56,81,62,85,72,72,72,74,58,0],"gold":550,"neow_bonus":"TRANSFORM_TWO_CARDS","is_prod":false,"is_daily":false,"chose_seed":false,"campfire_upgraded":3,"win_rate":0,"timestamp":1556734115,"path_taken":["M","?","$","M","?","E","R","M","T","E","M","M","?","E","R","BOSS","M","M","$","?","?","R","M","R","T","$","M","$","M","M","R","BOSS","M","?","?","M","M","E"],"build_version":"2019-01-23","purchased_purges":1,"victory":false,"max_hp_per_floor":[80,80,80,80,80,80,80,85,85,85,85,85,85,85,85,85,85,85,85,85,85,85,85,85,85,85,85,85,85,85,85,85,85,85,85,85,85,85,85,85],"card_choices":[{"not_picked":["Warcry","Body Slam","Second Wind"],"picked":"SKIP","floor":1.0},{"not_picked":["Shrug It Off","Sword Boomerang"],"picked":"Flame Barrier","floor":4.0},{"not_picked":["Pommel Strike","True Grit"],"picked":"Armaments","floor":6.0},{"not_picked":["True Grit","Warcry"],"picked":"Cleave","floor":8.0},{"not_picked":["Evolve","Juggernaut"],"picked":"Twin Strike","floor":10.0},{"not_picked":["Rupture","Rage","Clash"],"picked":"SKIP","floor":11.0},{"not_picked":["Fire Breathing","Ghostly Armor"],"picked":"Rampage","floor":12.0},{"not_picked":["Perfected Strike","Anger"],"picked":"Reaper","floor":14.0},{"not_picked":["Juggernaut","Dark Embrace"],"picked":"Double Tap","floor":16.0},{"not_picked":["Clothesline","Bloodletting","Clash+1"],"picked":"SKIP","floor":18.0},{"not_picked":["Shrug It Off","Pommel Strike","Cleave"],"picked":"SKIP","floor":19.0},{"not_picked":["Infernal Blade","Headbutt","Wild Strike"],"picked":"SKIP","floor":24},{"not_picked":["Anger","Armaments","Perfected Strike"],"picked":"SKIP","floor":28},{"not_picked":["Headbutt","Pommel Strike","Power Through"],"picked":"SKIP","floor":30},{"not_picked":["Combust+1","Hemokinesis+1","Fire Breathing"],"picked":"SKIP","floor":31},{"not_picked":["Fiend Fire","Brutality"],"picked":"Bludgeon","floor":33},{"not_picked":["Wild Strike","Warcry+1","Blood for Blood+1"],"picked":"SKIP","floor":35},{"not_picked":["Thunderclap","Warcry","Rupture"],"picked":"SKIP","floor":38},{"not_picked":["Clothesline","Uppercut"],"picked":"Spot Weakness+1","floor":39}],"player_experience":1884000,"relics_obtained":[{"floor":6.0,"key":"Blood Vial"},{"floor":9.0,"key":"Red Skull"},{"floor":10.0,"key":"Nunchaku"},{"floor":14.0,"key":"Old Coin"},{"floor":21.0,"key":"Dodecahedron"},{"floor":26,"key":"Meat on the Bone"}],"event_choices":[{"damage_healed":0.0,"max_hp_gain":0.0,"max_hp_loss":0.0,"gold_gain":0.0,"event_name":"Living Wall","player_choice":"Grow","floor":2.0,"gold_loss":0.0,"damage_taken":0.0,"cards_upgraded":["Bash"]},{"damage_healed":0.0,"max_hp_gain":0.0,"max_hp_loss":0.0,"gold_gain":0.0,"event_name":"Golden Idol","player_choice":"Take Damage","floor":5.0,"gold_loss":0.0,"damage_taken":20.0,"relics_obtained":["Golden Idol"]},{"damage_healed":0.0,"max_hp_gain":0.0,"max_hp_loss":0.0,"gold_gain":0.0,"event_name":"Lab","player_choice":"Got Potions","floor":13.0,"gold_loss":0.0,"damage_taken":0.0},{"cards_removed":["Rupture"],"damage_healed":0.0,"max_hp_gain":0.0,"max_hp_loss":0.0,"gold_gain":0.0,"event_name":"WeMeetAgain","player_choice":"Gave Card","floor":22.0,"gold_loss":0.0,"damage_taken":0.0,"relics_obtained":["Ancient Tea Set"]},{"damage_healed":0,"gold_gain":333,"player_choice":"Gave Idol","damage_taken":0,"max_hp_gain":0,"max_hp_loss":0,"event_name":"The Moai Head","floor":36,"relics_lost":["Golden Idol"],"gold_loss":0},{"damage_healed":0,"gold_gain":0,"player_choice":"Bought 2 Potions","damage_taken":0,"max_hp_gain":0,"max_hp_loss":0,"event_name":"The Woman in Blue","floor":37,"gold_loss":0}],"is_beta":false,"boss_relics":[{"not_picked":["Philosopher\u0027s Stone","Runic Dome"],"picked":"Black Blood"},{"not_picked":["Tiny House","Empty Cage"],"picked":"Coffee Dripper"}],"items_purged_floors":[3],"is_endless":false,"potions_floor_spawned":[4,6,10,16,28,31],"killed_by":"Giant Head","ascension_level":1}