{"gold_per_floor":[113,132,143,143,153,153,153,6,6,25,25,38,54,89,89,186,186,203,218,236,236,236],"floor_reached":22,"playtime":5517,"items_purged":["Strike_G"],"score":219,"play_id":"9c54ef95-d32f-400b-a769-0595725599eb","local_time":"20190424134332","is_ascension_mode":true,"campfire_choices":[{"data":"Footwork","floor":6,"key":"SMITH"},{"data":"Footwork","floor":11,"key":"SMITH"},{"data":"Neutralize","floor":15,"key":"SMITH"}],"neow_cost":"NONE","seed_source_timestamp":1259783097641900,"circlet_count":0,"master_deck":["Defend_G","Defend_G","Defend_G","Defend_G","Defend_G","Strike_G","Strike_G","Survivor","Neutralize+1","Footwork+1","Infinite Blades","Footwork+1","Deflect","Well Laid Plans","Deadly Poison","Predator","Escape Plan+1","A Thousand Cuts","Cloak And Dagger+1","Outmaneuver+1","Expertise+1","Infinite Blades","Flying Knee"],"relics":["Ring of the Snake","NeowsBlessing","Matryoshka","Boot","Mango","Toxic Egg 2","Snecko Eye"],"potions_floor_usage":[16,16,20],"damage_taken":[{"damage":0,"enemies":"Cultist","floor":1,"turns":1},{"damage":0,"enemies":"2 Louse","floor":2,"turns":1},{"damage":0,"enemies":"Small Slimes","floor":3,"turns":1},{"damage":14,"enemies":"Exordium Wildlife","floor":5,"turns":4},{"damage":1,"enemies":"Red Slaver","floor":10,"turns":6},{"damage":2,"enemies":"Looter","floor":12,"turns":4},{"damage":0,"enemies":"3 Louse","floor":13,"turns":5},{"damage":32,"enemies":"Gremlin Nob","floor":14,"turns":5},{"damage":31,"enemies":"Hexaghost","floor":16,"turns":9},{"damage":3,"enemies":"Chosen","floor":18,"turns":6},{"damage":38,"enemies":"Spheric Guardian","floor":19,"turns":10},{"damage":21,"enemies":"Centurion and Healer","floor":20,"turns":8},{"damage":25,"enemies":"Masked Bandits","floor":22,"turns":2}],"seed_played":"-513760606449605162","potions_obtained":[{"floor":1,"key":"PowerPotion"},{"floor":5,"key":"EssenceOfSteel"},{"floor":10,"key":"Poison Potion"},{"floor":19,"key":"Weak Potion"},{"floor":20,"key":"FearPotion"}],"is_trial":false,"path_per_floor":["M","M","M","T","M","R","?","$","T","M","R","M","M","E","R","B",null,"M","M","M","?","?"],"character_chosen":"THE_SILENT","items_purchased":["Well Laid Plans"],"campfire_rested":0,"item_purchase_floors":[8],"current_hp_per_floor":[70,70,70,70,56,56,70,70,84,83,83,81,81,49,49,18,84,81,43,22,22,0],"gold":236,"neow_bonus":"THREE_ENEMY_KILL","is_prod":false,"is_daily":false,"chose_seed":false,"campfire_upgraded":3,"win_rate":0,"timestamp":1556106212,"path_taken":["M","M","M","?","M","R","?","$","T","M","R","M","M","E","R","BOSS","M","M","M","?","?"],"build_version":"2019-01-23","purchased_purges":1,"victory":false,"max_hp_per_floor":[70,70,70,70,70,70,70,70,84,84,84,84,84,84,84,84,84,84,84,84,84,84],"card_choices":[{"not_picked":["Endless Agony","Bane"],"picked":"Footwork","floor":1},{"not_picked":["Accuracy","Underhanded Strike"],"picked":"Infinite Blades","floor":2},{"not_picked":["Calculated Gamble","Prepared"],"picked":"Footwork","floor":3},{"not_picked":["Quick Slash","Flying Knee"],"picked":"Deflect","floor":5},{"not_picked":["Masterful Stab","Reflex","Slice"],"picked":"SKIP","floor":10},{"not_picked":["Dagger Throw","Skewer"],"picked":"Deadly Poison","floor":12},{"not_picked":["Distraction","Outmaneuver"],"picked":"Predator","floor":13},{"not_picked":["Expertise","Dagger Throw"],"picked":"Escape Plan","floor":14},{"not_picked":["Bullet Time+1","Grand Finale"],"picked":"A Thousand Cuts","floor":16},{"not_picked":["Blade Dance+1","Flying Knee"],"picked":"Cloak And Dagger+1","floor":18},{"not_picked":["Dagger Spray","Masterful Stab"],"picked":"Outmaneuver+1","floor":19},{"not_picked":["Masterful Stab","Prepared+1"],"picked":"Expertise+1","floor":20}],"player_experience":672380,"relics_obtained":[{"floor":4,"key":"Matryoshka"},{"floor":9,"key":"Boot"},{"floor":9,"key":"Mango"},{"floor":14,"key":"Toxic Egg 2"}],"event_choices":[{"damage_healed":14,"gold_gain":0,"player_choice":"Full Heal","damage_taken":0,"max_hp_gain":0,"max_hp_loss":0,"event_name":"Wheel of Change","floor":7,"gold_loss":0},{"damage_healed":0,"gold_gain":0,"cards_transformed":["Strike_G","Strike_G"],"player_choice":"Became Test Subject","damage_taken":0,"max_hp_gain":0,"max_hp_loss":0,"event_name":"Drug Dealer","floor":21,"gold_loss":0,"cards_obtained":["Infinite Blades","Flying Knee"]},{"damage_healed":0,"gold_gain":0,"player_choice":"Fought Bandits","damage_taken":0,"max_hp_gain":0,"max_hp_loss":0,"event_name":"Masked Bandits","floor":22,"gold_loss":0}],"is_beta":false,"boss_relics":[{"not_picked":["Orrery","WristBlade"],"picked":"Snecko Eye"}],"items_purged_floors":[8],"is_endless":false,"potions_floor_spawned":[1,5,10,13,19,20],"killed_by":"Masked Bandits","ascension_level":3}