{"gold_per_floor":[115,115,290,290,313,313,48,64,64,64,88,128,128,146,146,272,335,355,338,238,238,251,251,285,210,210,250,38,62,62,78,78,197,197,215,548,559,372,390,390,390,419,419,451,240,271,271,301,301,301],"floor_reached":51,"playtime":5579,"items_purged":["Strike_G","Defend_G","Defend_G","Strike_G","Defend_G"],"score":986,"play_id":"c90bfc1c-b715-4582-837b-708c09853f9d","local_time":"20181208141707","is_ascension_mode":true,"campfire_choices":[{"data":"Neutralize","floor":6,"key":"SMITH"},{"data":"Noxious Fumes","floor":10,"key":"SMITH"},{"data":"Backstab","floor":13,"key":"SMITH"},{"data":"Cloak And Dagger","floor":15,"key":"SMITH"},{"data":"Accuracy","floor":23,"key":"SMITH"},{"data":"Die Die Die","floor":30,"key":"SMITH"},{"floor":32,"key":"REST"},{"data":"Footwork","floor":40,"key":"SMITH"},{"data":"Blade Dance","floor":47,"key":"SMITH"},{"data":"Survivor","floor":49,"key":"SMITH"}],"neow_cost":"NONE","seed_source_timestamp":367034650815316,"circlet_count":0,"master_deck":["Defend_G+1","Defend_G+1","Strike_G+1","Survivor+1","Neutralize+1","Noxious Fumes+1","Cloak And Dagger+1","Backstab+1","Die Die Die+1","Backstab","Accuracy+1","Blade Dance+1","Backflip+1","Leg Sweep+1","Crippling Poison+1","Adrenaline+1","Footwork+1","Cloak And Dagger+1"],"relics":["Ring of the Snake","Blood Vial","Membership Card","Meat on the Bone","Oddly Smooth Stone","Tiny House","MutagenicStrength","Lantern","Toxic Egg 2","Molten Egg 2","Strawberry","Philosopher\u0027s Stone","Question Card","Bottled Flame","Sundial","Pen Nib","FossilizedHelix","War Paint"],"potions_floor_usage":[8,16,19,19,24,27,37,46,50],"damage_taken":[{"damage":0,"enemies":"2 Louse","floor":1,"turns":2},{"damage":0,"enemies":"Small Slimes","floor":5,"turns":3},{"damage":0,"enemies":"Jaw Worm","floor":8,"turns":3},{"damage":5,"enemies":"Red Slaver","floor":11,"turns":5},{"damage":4,"enemies":"Lagavulin","floor":12,"turns":7},{"damage":2,"enemies":"Blue Slaver","floor":14,"turns":4},{"damage":19,"enemies":"Slime Boss","floor":16,"turns":10},{"damage":2,"enemies":"Shell Parasite","floor":18,"turns":7},{"damage":1,"enemies":"2 Thieves","floor":19,"turns":4},{"damage":18,"enemies":"Chosen and Byrds","floor":22,"turns":7},{"damage":17,"enemies":"Slavers","floor":24,"turns":6},{"damage":25,"enemies":"Book of Stabbing","floor":27,"turns":6},{"damage":2,"enemies":"Centurion and Healer","floor":29,"turns":5},{"damage":0,"enemies":"3 Cultists","floor":31,"turns":3},{"damage":158,"enemies":"Automaton","floor":33,"turns":19},{"damage":5,"enemies":"Orb Walker","floor":35,"turns":2},{"damage":13,"enemies":"3 Darklings","floor":37,"turns":4},{"damage":5,"enemies":"Spire Growth","floor":39,"turns":5},{"damage":35,"enemies":"Giant Head","floor":42,"turns":12},{"damage":2,"enemies":"Reptomancer","floor":44,"turns":6},{"damage":0,"enemies":"Nemesis","floor":46,"turns":5},{"damage":0,"enemies":"Giant Head","floor":48,"turns":7},{"damage":10,"enemies":"Awakened One","floor":50,"turns":12}],"seed_played":"393775949719567393","potions_obtained":[{"floor":1,"key":"FearPotion"},{"floor":12,"key":"Dexterity Potion"},{"floor":17,"key":"Fire Potion"},{"floor":18,"key":"LiquidBronze"},{"floor":19,"key":"Strength Potion"},{"floor":24,"key":"Fire Potion"},{"floor":33,"key":"Regen Potion"},{"floor":39,"key":"Fire Potion"},{"floor":44,"key":"Regen Potion"},{"floor":48,"key":"LiquidBronze"}],"is_trial":false,"path_per_floor":["M","?","?","?","M","R","$","M","T","R","M","E","R","M","R","B",null,"M","M","$","?","M","R","E","?","T","E","$","M","R","M","R","B",null,"M","?","M","$","M","R","?","E","T","E","$","E","R","E","R","B",null],"character_chosen":"THE_SILENT","items_purchased":["Membership Card","Noxious Fumes","Accuracy","Blade Dance","Leg Sweep+1","Crippling Poison+1","Strawberry","Adrenaline+1","Footwork","Pen Nib","FairyPotion"],"campfire_rested":1,"item_purchase_floors":[7,7,20,20,28,28,28,38,38,45,45],"current_hp_per_floor":[70,53,53,53,55,55,55,57,57,57,54,52,52,52,52,47,75,73,74,74,74,57,57,42,42,42,31,38,50,50,52,76,51,82,77,77,77,77,74,74,74,53,53,53,53,69,69,71,71,63],"gold":301,"neow_bonus":"RANDOM_COMMON_RELIC","is_prod":false,"is_daily":false,"chose_seed":false,"campfire_upgraded":9,"win_rate":0,"timestamp":1544275027,"path_taken":["M","?","?","?","?","R","$","M","T","R","M","E","R","M","R","BOSS","M","M","$","?","M","R","E","?","T","E","?","M","R","M","R","BOSS","M","?","M","$","M","R","?","E","T","E","$","E","R","E","R","BOSS"],"build_version":"2018-12-06","purchased_purges":5,"victory":true,"max_hp_per_floor":[70,70,70,70,70,70,70,70,70,70,70,70,70,70,70,70,75,75,75,75,75,75,75,75,75,75,75,82,82,82,82,82,82,82,82,82,82,82,82,82,82,82,82,82,82,82,82,82,82,82],"card_choices":[{"not_picked":["Setup","Expertise","Quick Slash"],"picked":"SKIP","floor":1},{"not_picked":["Acrobatics","Choke","Poisoned Stab"],"picked":"SKIP","floor":5},{"not_picked":["Calculated Gamble","Slice"],"picked":"Cloak And Dagger","floor":8},{"not_picked":["Caltrops","Predator"],"picked":"Backstab","floor":11},{"not_picked":["Flying Knee","Deadly Poison","Caltrops"],"picked":"SKIP","floor":12},{"not_picked":["Acrobatics","Deadly Poison","Prepared"],"picked":"SKIP","floor":14},{"not_picked":["Wraith Form v2","Bullet Time"],"picked":"Die Die Die","floor":16},{"not_picked":["Underhanded Strike","Dodge and Roll"],"picked":"Backstab","floor":17},{"not_picked":["Underhanded Strike","Skewer","Riddle With Holes"],"picked":"SKIP","floor":18},{"not_picked":["Outmaneuver+1","Finisher","Well Laid Plans"],"picked":"SKIP","floor":19},{"not_picked":["Poisoned Stab","Prepared","Blade Dance"],"picked":"SKIP","floor":22},{"not_picked":["Escape Plan","Quick Slash+1","Die Die Die"],"picked":"SKIP","floor":24},{"not_picked":["Dodge and Roll+1","Bouncing Flask+1"],"picked":"Backflip+1","floor":27},{"not_picked":["Distraction+1","Poisoned Stab+1","Leg Sweep+1"],"picked":"SKIP","floor":29},{"not_picked":["Reflex+1","Bouncing Flask+1","Deflect+1"],"picked":"SKIP","floor":31},{"not_picked":["Dagger Spray+1","Slice+1","Prepared+1"],"picked":"SKIP","floor":35},{"not_picked":["Crippling Poison+1","Skewer+1","Underhanded Strike+1"],"picked":"SKIP","floor":37},{"not_picked":["Distraction+1","Dagger Spray+1","Poisoned Stab+1"],"picked":"SKIP","floor":39},{"not_picked":["Bane+1","All Out Attack+1","Setup+1"],"picked":"SKIP","floor":42},{"not_picked":["Underhanded Strike+1","Deadly Poison+1","Glass Knife+1"],"picked":"Cloak And Dagger+1","floor":44},{"not_picked":["Crippling Poison+1","Sucker Punch+1","Dagger Throw+1","Deadly Poison+1"],"picked":"SKIP","floor":46},{"not_picked":["Backflip+1","Tactician+1","Distraction+1","Predator+1"],"picked":"SKIP","floor":48}],"player_experience":387074,"relics_obtained":[{"floor":9,"key":"Meat on the Bone"},{"floor":12,"key":"Oddly Smooth Stone"},{"floor":24,"key":"Lantern"},{"floor":26,"key":"Toxic Egg 2"},{"floor":27,"key":"Molten Egg 2"},{"floor":42,"key":"Question Card"},{"floor":43,"key":"Bottled Flame"},{"floor":44,"key":"Sundial"},{"floor":46,"key":"FossilizedHelix"},{"floor":48,"key":"War Paint"}],"event_choices":[{"damage_healed":0,"gold_gain":0,"player_choice":"Take Damage","damage_taken":17,"relics_obtained":["Golden Idol"],"max_hp_gain":0,"max_hp_loss":0,"event_name":"Golden Idol","floor":2,"gold_loss":0},{"damage_healed":0,"gold_gain":175,"player_choice":"AGREE","damage_taken":0,"max_hp_gain":0,"max_hp_loss":0,"event_name":"Liars Game","floor":3,"gold_loss":0,"cards_obtained":["Doubt"]},{"cards_removed":["Doubt"],"damage_healed":0,"gold_gain":0,"player_choice":"Forget","damage_taken":0,"max_hp_gain":0,"max_hp_loss":0,"event_name":"Living Wall","floor":4,"gold_loss":0},{"damage_healed":0,"gold_gain":0,"player_choice":"Inject Mutagens","damage_taken":0,"relics_obtained":["MutagenicStrength"],"max_hp_gain":0,"max_hp_loss":0,"event_name":"Drug Dealer","floor":21,"gold_loss":0},{"cards_removed":["Strike_G"],"damage_healed":0,"gold_gain":0,"player_choice":"Gave Gold","damage_taken":0,"max_hp_gain":0,"max_hp_loss":0,"event_name":"Beggar","floor":25,"gold_loss":75},{"damage_healed":0,"gold_gain":333,"player_choice":"Gave Idol","damage_taken":0,"max_hp_gain":0,"max_hp_loss":0,"event_name":"The Moai Head","floor":36,"relics_lost":["Golden Idol"],"gold_loss":0},{"cards_removed":["Strike_G"],"damage_healed":0,"gold_gain":0,"player_choice":"Offered Basic","damage_taken":0,"max_hp_gain":0,"max_hp_loss":0,"event_name":"Bonfire Elementals","floor":41,"gold_loss":0}],"is_beta":false,"boss_relics":[{"not_picked":["White Beast Statue","Sozu"],"picked":"Tiny House"},{"not_picked":["Coffee Dripper","Astrolabe"],"picked":"Philosopher\u0027s Stone"}],"items_purged_floors":[7,20,28,38,45],"is_endless":false,"potions_floor_spawned":[1,12,18,19,24,33,39,44,48],"ascension_level":4}