{"gold_per_floor":[118,135,135,410,12,44,61,85,137,137,147,180,190,14,14,88,88,101,31,31,31,45,45,56,56],"floor_reached":25,"playtime":1289,"items_purged":["Regret","Regret"],"score":401,"play_id":"5c132425-4021-4347-887c-f6aed3c47bc1","local_time":"20190310165620","is_ascension_mode":true,"campfire_choices":[{"data":"Spot Weakness","floor":10,"key":"SMITH"},{"floor":15,"key":"REST"},{"floor":23,"key":"REST"}],"neow_cost":"NONE","seed_source_timestamp":1373444850688533,"circlet_count":0,"master_deck":["AscendersBane","Strike_R","Strike_R","Strike_R","Strike_R","Strike_R","Defend_R","Defend_R","Defend_R","Defend_R","Bash","Spot Weakness","Spot Weakness+1","Shrug It Off","Disarm","Cleave","Twin Strike","Impervious","Swift Strike","Thunderclap"],"relics":["Burning Blood","NeowsBlessing","Pen Nib","Shuriken","Dodecahedron","Ancient Tea Set","Smiling Mask","The Courier","Strawberry","Sozu"],"potions_floor_usage":[12,12,13],"damage_taken":[{"damage":0,"enemies":"Jaw Worm","floor":1,"turns":1},{"damage":0,"enemies":"2 Louse","floor":2,"turns":1},{"damage":0,"enemies":"Lagavulin","floor":6,"turns":1},{"damage":13,"enemies":"Cultist","floor":7,"turns":4},{"damage":21,"enemies":"Exordium Thugs","floor":11,"turns":4},{"damage":43,"enemies":"3 Sentries","floor":12,"turns":8},{"damage":16,"enemies":"2 Fungi Beasts","floor":13,"turns":5},{"damage":20,"enemies":"The Guardian","floor":16,"turns":9},{"damage":31,"enemies":"3 Byrds","floor":18,"turns":7},{"damage":26,"enemies":"Chosen","floor":22,"turns":5},{"damage":18,"enemies":"Shelled Parasite and Fungi","floor":24,"turns":2},{"damage":34,"enemies":"Centurion and Healer","floor":25,"turns":2}],"seed_played":"4912392545805274114","potions_obtained":[{"floor":1,"key":"SteroidPotion"},{"floor":11,"key":"FearPotion"},{"floor":12,"key":"BloodPotion"}],"is_trial":false,"path_per_floor":["M","M","?","?","$","E","M","T","T","R","M","E","M","$","R","B",null,"M","$","?","$","M","R","M","M"],"character_chosen":"IRONCLAD","items_purchased":["Shuriken","Spot Weakness","Strawberry","Swift Strike"],"campfire_rested":2,"item_purchase_floors":[5,5,14,19],"current_hp_per_floor":[74,75,75,75,75,75,68,68,68,68,53,16,13,20,44,30,69,44,44,36,36,16,40,28,0],"gold":56,"neow_bonus":"THREE_ENEMY_KILL","is_prod":false,"is_daily":false,"chose_seed":false,"campfire_upgraded":1,"win_rate":0,"timestamp":1552236980,"path_taken":["M","M","?","?","$","E","?","?","T","R","M","E","M","?","R","BOSS","M","$","?","?","M","R","M","M"],"build_version":"2019-01-23","purchased_purges":2,"victory":false,"max_hp_per_floor":[75,75,75,75,75,75,75,75,75,75,75,75,75,82,82,82,82,82,82,82,82,82,82,82,82],"card_choices":[{"not_picked":["Evolve","Shockwave"],"picked":"Spot Weakness","floor":1},{"not_picked":["Perfected Strike","Headbutt","True Grit"],"picked":"SKIP","floor":2},{"not_picked":["Evolve","Bloodletting"],"picked":"Shrug It Off","floor":6},{"not_picked":["Clash","Warcry"],"picked":"Disarm","floor":7},{"not_picked":["Shrug It Off","Bludgeon"],"picked":"Cleave","floor":11},{"not_picked":["Reckless Charge","Body Slam","Exhume"],"picked":"SKIP","floor":12},{"not_picked":["Armaments","Power Through"],"picked":"Twin Strike","floor":13},{"not_picked":["Bludgeon","Double Tap"],"picked":"Impervious","floor":16},{"not_picked":["Corruption","Twin Strike","Pommel Strike"],"picked":"SKIP","floor":18},{"not_picked":["Havoc","Twin Strike"],"picked":"Thunderclap","floor":22},{"not_picked":["Iron Wave","Clothesline","Flame Barrier"],"picked":"SKIP","floor":24}],"player_experience":1539962,"relics_obtained":[{"floor":6,"key":"Dodecahedron"},{"floor":8,"key":"Ancient Tea Set"},{"floor":9,"key":"Smiling Mask"},{"floor":12,"key":"The Courier"}],"event_choices":[{"damage_healed":0,"gold_gain":0,"player_choice":"Box","damage_taken":0,"relics_obtained":["Pen Nib"],"max_hp_gain":0,"max_hp_loss":0,"event_name":"Big Fish","floor":3,"gold_loss":0,"cards_obtained":["Regret"]},{"damage_healed":0,"gold_gain":275,"player_choice":"Desecrate","damage_taken":0,"max_hp_gain":0,"max_hp_loss":0,"event_name":"Golden Shrine","floor":4,"gold_loss":0,"cards_obtained":["Regret"]},{"damage_healed":0,"gold_gain":0,"player_choice":"Damaged","damage_taken":8,"max_hp_gain":0,"max_hp_loss":0,"event_name":"Wheel of Change","floor":20,"gold_loss":0}],"is_beta":false,"boss_relics":[{"not_picked":["Philosopher\u0027s Stone","Runic Cube"],"picked":"Sozu"}],"items_purged_floors":[5,14],"is_endless":false,"potions_floor_spawned":[1,11,12,18,22,24],"killed_by":"Centurion and Healer","ascension_level":14}