{"gold_per_floor":[118,138,157,107,119,119,154,154,180,205,205,205,205],"floor_reached":13,"playtime":524,"items_purged":[],"score":153,"play_id":"e6897774-9098-4d8e-b16b-a95b7e2aa7cc","local_time":"20190427112705","is_ascension_mode":true,"campfire_choices":[{"data":"Dualcast","floor":6,"key":"SMITH"},{"data":"Zap","floor":8,"key":"SMITH"},{"data":"Consume","floor":12,"key":"SMITH"}],"neow_cost":"NONE","seed_source_timestamp":1210348516990215,"circlet_count":0,"master_deck":["AscendersBane","Strike_B","Strike_B","Defend_B","Defend_B","Defend_B","Defend_B","Zap+1","Dualcast+1","Cold Snap","Ball Lightning","BootSequence","Consume+1"],"relics":["Cracked Core","Strawberry","Boot","Pen Nib","PreservedInsect"],"potions_floor_usage":[7,10,13],"damage_taken":[{"damage":3,"enemies":"Small Slimes","floor":1,"turns":4},{"damage":2,"enemies":"Jaw Worm","floor":2,"turns":4},{"damage":6,"enemies":"2 Louse","floor":3,"turns":2},{"damage":12,"enemies":"Red Slaver","floor":5,"turns":3},{"damage":9,"enemies":"3 Sentries","floor":7,"turns":7},{"damage":18,"enemies":"Lagavulin","floor":10,"turns":5},{"damage":20,"enemies":"3 Sentries","floor":13,"turns":4}],"seed_played":"5492265524153323928","potions_obtained":[{"floor":2,"key":"SkillPotion"},{"floor":5,"key":"Block Potion"},{"floor":7,"key":"SkillPotion"}],"is_trial":false,"path_per_floor":["M","M","M","?","M","R","E","R","T","E","?","R","E"],"character_chosen":"DEFECT","items_purchased":[],"campfire_rested":0,"item_purchase_floors":[],"current_hp_per_floor":[72,70,64,64,52,52,43,43,43,25,18,18,0],"gold":205,"neow_bonus":"RANDOM_COMMON_RELIC","is_prod":false,"is_daily":false,"chose_seed":false,"campfire_upgraded":3,"win_rate":0,"timestamp":1556389625,"path_taken":["M","M","M","?","M","R","E","R","T","E","?","R","E"],"build_version":"2019-01-23","purchased_purges":0,"victory":false,"max_hp_per_floor":[82,82,82,82,82,82,82,82,82,82,82,82,82],"card_choices":[{"not_picked":["Leap","Beam Cell"],"picked":"Cold Snap","floor":1},{"not_picked":["Cold Snap","Reinforced Body"],"picked":"Ball Lightning","floor":2},{"not_picked":["Blizzard","Turbo","Sweeping Beam"],"picked":"SKIP","floor":3},{"not_picked":["Streamline","Fusion"],"picked":"BootSequence","floor":5},{"not_picked":["Hologram","Force Field","Streamline"],"picked":"SKIP","floor":7},{"not_picked":["Skim","Stack"],"picked":"Consume","floor":10}],"player_experience":327626,"relics_obtained":[{"floor":7,"key":"Boot"},{"floor":9,"key":"Pen Nib"},{"floor":10,"key":"PreservedInsect"}],"event_choices":[{"cards_removed":["Strike_B"],"damage_healed":0,"gold_gain":0,"player_choice":"Card Removal","damage_taken":0,"max_hp_gain":0,"max_hp_loss":0,"event_name":"The Cleric","floor":4,"gold_loss":50},{"cards_removed":["Strike_B"],"damage_healed":0,"gold_gain":0,"player_choice":"Card Removal","damage_taken":7,"max_hp_gain":0,"max_hp_loss":0,"event_name":"Golden Wing","floor":11,"gold_loss":0}],"is_beta":false,"boss_relics":[],"items_purged_floors":[],"is_endless":false,"potions_floor_spawned":[2,5,7],"killed_by":"3 Sentries","ascension_level":13}