{"gold_per_floor":[111,286,298,223,240,301,301,376,376,429,429,460,474,491,491,588,588,600,214,214,23,42,71,71],"floor_reached":24,"playtime":18645,"items_purged":["Doubt","Meteor Strike"],"score":258,"play_id":"e1806f15-9b58-4f9c-951e-1c634c9edbfd","local_time":"20190423082811","is_ascension_mode":true,"campfire_choices":[{"data":"Zap","floor":7,"key":"SMITH"},{"floor":11,"key":"REST"},{"floor":15,"key":"REST"}],"neow_cost":"NONE","seed_source_timestamp":1103908053678599,"circlet_count":0,"master_deck":["Zap+1","Dualcast","BootSequence","Gash","Go for the Eyes","Beam Cell","Sweeping Beam","Turbo","Go for the Eyes","BootSequence","Go for the Eyes","Reboot","Ball Lightning","Defragment","Heatsinks","Tempest","Genetic Algorithm","Blizzard","Turbo","White Noise","Beam Cell"],"relics":["Orrery","Tiny Chest","Ornamental Fan","Vajra","Sundial","Pandora\u0027s Box","Shovel","Toolbox","Juzu Bracelet"],"potions_floor_usage":[12,16,17],"damage_taken":[{"damage":8,"enemies":"2 Louse","floor":1,"turns":3},{"damage":0,"enemies":"Jaw Worm","floor":3,"turns":3},{"damage":3,"enemies":"Small Slimes","floor":5,"turns":3},{"damage":39,"enemies":"Gremlin Nob","floor":6,"turns":6},{"damage":7,"enemies":"3 Sentries","floor":12,"turns":7},{"damage":0,"enemies":"3 Louse","floor":13,"turns":2},{"damage":3,"enemies":"Blue Slaver","floor":14,"turns":4},{"damage":35,"enemies":"Hexaghost","floor":16,"turns":12},{"damage":9,"enemies":"Chosen","floor":18,"turns":4},{"damage":12,"enemies":"3 Byrds","floor":22,"turns":3},{"damage":52,"enemies":"Book of Stabbing","floor":23,"turns":5},{"damage":10,"enemies":"Sentry and Sphere","floor":24,"turns":2}],"seed_played":"-5786764232591497992","potions_obtained":[{"floor":6,"key":"Block Potion"},{"floor":12,"key":"Energy Potion"},{"floor":14,"key":"AttackPotion"},{"floor":16,"key":"Fruit Juice"},{"floor":23,"key":"SkillPotion"}],"is_trial":false,"path_per_floor":["M","?","M","$","M","E","R","?","T","T","R","E","M","M","R","B",null,"M","$","?","$","M","E","M"],"character_chosen":"DEFECT","items_purchased":["Shovel","Toolbox"],"campfire_rested":2,"item_purchase_floors":[19,21],"current_hp_per_floor":[67,67,67,67,64,25,25,14,14,14,36,29,29,26,48,13,80,71,71,71,71,59,7,0],"gold":71,"neow_bonus":"BOSS_RELIC","is_prod":false,"is_daily":false,"chose_seed":false,"campfire_upgraded":1,"win_rate":0,"timestamp":1556000891,"path_taken":["M","?","M","$","M","E","R","?","T","?","R","E","M","M","R","BOSS","M","$","?","$","M","E","M"],"build_version":"2019-01-23","purchased_purges":2,"victory":false,"max_hp_per_floor":[75,75,75,75,75,75,75,75,75,75,75,75,75,75,75,75,80,80,80,80,80,80,80,80],"card_choices":[{"not_picked":["Beam Cell","Go for the Eyes"],"picked":"BootSequence","floor":0},{"not_picked":["Reinforced Body","Redo"],"picked":"Gash","floor":0},{"not_picked":["Steam","Rip and Tear"],"picked":"Go for the Eyes","floor":0},{"not_picked":["Conserve Battery","Streamline"],"picked":"Beam Cell","floor":0},{"not_picked":["Compile Driver","Stack"],"picked":"Sweeping Beam","floor":0},{"not_picked":["Barrage","Compile Driver","Tempest"],"picked":"SKIP","floor":1},{"not_picked":["Hello World","Barrage","Force Field"],"picked":"SKIP","floor":3},{"not_picked":["Loop","Rebound"],"picked":"Turbo","floor":5},{"not_picked":["Sweeping Beam","Electrodynamics"],"picked":"Go for the Eyes","floor":6},{"not_picked":["Hologram","Heatsinks"],"picked":"BootSequence","floor":12},{"not_picked":["BootSequence","Streamline"],"picked":"Go for the Eyes","floor":13},{"not_picked":["Sweeping Beam","Rebound","Darkness"],"picked":"SKIP","floor":14},{"not_picked":["Fission","Buffer"],"picked":"Reboot","floor":16},{"not_picked":["Blizzard","Ball Lightning"],"picked":"Turbo","floor":18},{"not_picked":["Go for the Eyes","Turbo"],"picked":"White Noise","floor":22},{"not_picked":["Leap","Sweeping Beam"],"picked":"Beam Cell","floor":23}],"player_experience":586990,"relics_obtained":[{"floor":6,"key":"Tiny Chest"},{"floor":9,"key":"Ornamental Fan"},{"floor":10,"key":"Vajra"},{"floor":12,"key":"Sundial"},{"floor":23,"key":"Juzu Bracelet"}],"event_choices":[{"damage_healed":0,"gold_gain":175,"player_choice":"AGREE","damage_taken":0,"max_hp_gain":0,"max_hp_loss":0,"event_name":"Liars Game","floor":2,"gold_loss":0,"cards_obtained":["Doubt"]},{"damage_healed":0,"gold_gain":75,"player_choice":"Gather Gold","damage_taken":11,"max_hp_gain":0,"max_hp_loss":0,"event_name":"World of Goop","floor":8,"gold_loss":0},{"cards_removed":["Meteor Strike"],"damage_healed":0,"gold_gain":0,"player_choice":"Elegance","damage_taken":0,"max_hp_gain":0,"max_hp_loss":0,"event_name":"Back to Basics","floor":20,"gold_loss":0}],"is_beta":false,"boss_relics":[{"not_picked":["Lizard Tail","Philosopher\u0027s Stone"],"picked":"Pandora\u0027s Box"}],"items_purged_floors":[4,19],"is_endless":false,"potions_floor_spawned":[6,12,14,16,23],"killed_by":"Sentry and Sphere","ascension_level":3}