{"gold_per_floor":[128,152,164,192,216,228,273,296,308,339,363,393,405,417,429,518,530,553,565,577,606,633,680,607,650,662,674,711,742,754,781,793,881,893,919,1031,600,600,396,424,424,424,479,479,479,479],"floor_reached":46,"playtime":3000,"items_purged":["Strike_R"],"score":889,"play_id":"4a1b9e83-2fd3-46e5-8599-9f97f963cf51","local_time":"20190320190424","is_ascension_mode":true,"campfire_choices":[{"data":"Whirlwind","floor":6,"key":"SMITH"},{"floor":15,"key":"REST"},{"floor":27,"key":"REST"},{"floor":32,"key":"REST"},{"floor":44,"key":"REST"}],"neow_cost":"NONE","seed_source_timestamp":777789674105194,"circlet_count":0,"master_deck":["AscendersBane","Strike_R+1","Strike_R+1","Defend_R","Defend_R","Defend_R","Bash","Whirlwind+1","Shockwave","Ghostly Armor","Flame Barrier","Fiend Fire","Spot Weakness","Thunderclap","Armaments+1","Doubt","Reaper","Immolate","Double Tap+1","Rage+1","Bludgeon+1","Battle Trance+1"],"relics":["Burning Blood","MawBank","Centennial Puzzle","Pocketwatch","Meat on the Bone","Cursed Key","Calipers","Regal Pillow","Whetstone","Shuriken","Dream Catcher","Astrolabe","FossilizedHelix","Omamori","Bronze Scales","Sling","Boot","Juzu Bracelet"],"potions_floor_usage":[7,16,33,36],"damage_taken":[{"damage":14,"enemies":"Small Slimes","floor":1,"turns":5},{"damage":2,"enemies":"2 Louse","floor":2,"turns":4},{"damage":7,"enemies":"Jaw Worm","floor":4,"turns":3},{"damage":16,"enemies":"Looter","floor":5,"turns":4},{"damage":15,"enemies":"3 Sentries","floor":7,"turns":4},{"damage":23,"enemies":"Large Slime","floor":8,"turns":8},{"damage":0,"enemies":"Red Slaver","floor":10,"turns":5},{"damage":0,"enemies":"Blue Slaver","floor":11,"turns":4},{"damage":0,"enemies":"Exordium Wildlife","floor":12,"turns":2},{"damage":53,"enemies":"Slime Boss","floor":16,"turns":8},{"damage":0,"enemies":"3 Byrds","floor":18,"turns":4},{"damage":23,"enemies":"Colosseum Slavers","floor":19,"turns":5},{"damage":22,"enemies":"Spheric Guardian","floor":21,"turns":4},{"damage":27,"enemies":"3 Cultists","floor":22,"turns":5},{"damage":34,"enemies":"Slavers","floor":23,"turns":4},{"damage":15,"enemies":"Book of Stabbing","floor":25,"turns":3},{"damage":34,"enemies":"Slavers","floor":28,"turns":6},{"damage":6,"enemies":"Snake Plant","floor":29,"turns":3},{"damage":24,"enemies":"Sentry and Sphere","floor":31,"turns":5},{"damage":77,"enemies":"Champ","floor":33,"turns":19},{"damage":21,"enemies":"3 Shapes","floor":35,"turns":3},{"damage":26,"enemies":"Mind Bloom Boss Battle","floor":36,"turns":5},{"damage":50,"enemies":"Nemesis","floor":40,"turns":5},{"damage":80,"enemies":"Giant Head","floor":46,"turns":8}],"seed_played":"-187440938344270536","potions_obtained":[{"floor":2,"key":"LiquidBronze"},{"floor":4,"key":"PowerPotion"},{"floor":7,"key":"Ancient Potion"},{"floor":10,"key":"Regen Potion"},{"floor":21,"key":"LiquidBronze"},{"floor":28,"key":"PowerPotion"},{"floor":35,"key":"Weak Potion"}],"is_trial":false,"path_per_floor":["M","M","?","M","M","R","E","M","T","M","M","M","?","?","R","B",null,"M","?","$","M","M","E","?","E","T","R","E","M","?","M","R","B",null,"M","?","$","?","$","E","?","?","T","R","?","E"],"character_chosen":"IRONCLAD","items_purchased":["Omamori","Bronze Scales","LiquidBronze","Sling"],"campfire_rested":4,"item_purchase_floors":[37,37,37,39],"current_hp_per_floor":[60,64,64,63,53,53,44,27,27,33,39,45,45,45,67,46,68,74,57,57,53,44,28,28,31,31,68,52,52,38,32,71,25,66,63,55,55,55,55,23,23,23,23,62,62,0],"gold":479,"neow_bonus":"RANDOM_COMMON_RELIC","is_prod":false,"is_daily":false,"chose_seed":false,"campfire_upgraded":1,"win_rate":0,"timestamp":1553108664,"path_taken":["M","M","?","M","M","R","E","M","T","M","M","M","?","?","R","BOSS","M","?","$","M","M","E","?","E","T","R","E","M","?","M","R","BOSS","M","?","$","?","$","E","?","?","T","R","?","E"],"build_version":"2019-01-23","purchased_purges":1,"victory":false,"max_hp_per_floor":[75,75,75,75,75,75,75,75,75,75,75,75,75,75,75,75,75,75,75,75,75,75,75,75,75,75,75,75,75,80,80,80,80,80,80,80,80,80,80,80,80,80,80,80,76,76],"card_choices":[{"not_picked":["Wild Strike","Warcry","Evolve"],"picked":"SKIP","floor":1},{"not_picked":["Havoc","Hemokinesis"],"picked":"Whirlwind","floor":2},{"not_picked":["Hemokinesis","Power Through"],"picked":"Shockwave","floor":4},{"not_picked":["Hemokinesis","Rage"],"picked":"Ghostly Armor","floor":5},{"not_picked":["Fire Breathing","Fiend Fire"],"picked":"Flame Barrier","floor":7},{"not_picked":["True Grit","Sentinel","Sword Boomerang"],"picked":"SKIP","floor":8},{"not_picked":["Anger","Havoc","Headbutt"],"picked":"SKIP","floor":10},{"not_picked":["Perfected Strike","Pommel Strike","Sword Boomerang"],"picked":"SKIP","floor":11},{"not_picked":["Wild Strike","Pommel Strike"],"picked":"Ghostly Armor","floor":12},{"not_picked":["Immolate","Brutality"],"picked":"Fiend Fire","floor":16},{"not_picked":["Entrench","Wild Strike","Corruption"],"picked":"SKIP","floor":18},{"not_picked":["Clash","Disarm"],"picked":"Spot Weakness","floor":21},{"not_picked":["Combust","Pommel Strike+1"],"picked":"Thunderclap","floor":22},{"not_picked":["Dual Wield","Clothesline"],"picked":"Armaments+1","floor":23},{"not_picked":["Second Wind","Reckless Charge","Clothesline"],"picked":"SKIP","floor":25},{"not_picked":["Anger","Combust","Flame Barrier+1"],"picked":"SKIP","floor":28},{"not_picked":["Body Slam","Anger","True Grit"],"picked":"SKIP","floor":29},{"not_picked":["Wild Strike","Flex","Body Slam"],"picked":"SKIP","floor":31},{"not_picked":["Headbutt","Blood for Blood"],"picked":"Reaper","floor":32},{"not_picked":["Berserk","Barricade"],"picked":"Immolate","floor":33},{"not_picked":["Shrug It Off+1","Ghostly Armor"],"picked":"Battle Trance+1","floor":35},{"not_picked":["Combust","Warcry","Double Tap"],"picked":"SKIP","floor":40}],"player_experience":1596220,"relics_obtained":[{"floor":7,"key":"Centennial Puzzle"},{"floor":9,"key":"Pocketwatch"},{"floor":23,"key":"Calipers"},{"floor":25,"key":"Whetstone"},{"floor":26,"key":"Shuriken"},{"floor":28,"key":"Dream Catcher"},{"floor":36,"key":"FossilizedHelix"},{"floor":40,"key":"Boot"},{"floor":43,"key":"Juzu Bracelet"}],"event_choices":[{"damage_healed":0,"gold_gain":0,"player_choice":"Ignored","damage_taken":0,"max_hp_gain":0,"max_hp_loss":0,"event_name":"Shining Light","floor":3,"gold_loss":0},{"damage_healed":0,"gold_gain":0,"player_choice":"Searched \u00271\u0027 times","damage_taken":0,"relics_obtained":["Meat on the Bone"],"max_hp_gain":0,"max_hp_loss":0,"event_name":"Dead Adventurer","floor":13,"gold_loss":0},{"damage_healed":0,"gold_gain":0,"player_choice":"Ignored","damage_taken":0,"max_hp_gain":0,"max_hp_loss":0,"event_name":"Liars Game","floor":14,"gold_loss":0},{"damage_healed":0,"gold_gain":0,"player_choice":"Fight","damage_taken":0,"max_hp_gain":0,"max_hp_loss":0,"event_name":"Colosseum","floor":19,"gold_loss":0},{"damage_healed":0,"gold_gain":0,"player_choice":"Fled From Nobs","damage_taken":0,"max_hp_gain":0,"max_hp_loss":0,"event_name":"Colosseum","floor":19,"gold_loss":0},{"damage_healed":0,"gold_gain":0,"player_choice":"Obtained Relic","damage_taken":0,"relics_obtained":["Regal Pillow"],"max_hp_gain":0,"max_hp_loss":0,"event_name":"Addict","floor":24,"gold_loss":85},{"damage_healed":0,"gold_gain":0,"player_choice":"Shed Blood","damage_taken":19,"max_hp_gain":5,"max_hp_loss":0,"event_name":"Forgotten Altar","floor":30,"gold_loss":0},{"damage_healed":0,"gold_gain":0,"player_choice":"Fight","damage_taken":0,"max_hp_gain":0,"max_hp_loss":0,"event_name":"MindBloom","floor":36,"gold_loss":0},{"damage_healed":0,"gold_gain":0,"player_choice":"Ignored","damage_taken":0,"max_hp_gain":0,"max_hp_loss":0,"event_name":"Mysterious Sphere","floor":38,"gold_loss":0},{"cards_removed":["Ghostly Armor"],"damage_healed":0,"gold_gain":0,"player_choice":"Removed Skill","damage_taken":0,"max_hp_gain":0,"max_hp_loss":0,"event_name":"Falling","floor":41,"gold_loss":0},{"damage_healed":0,"gold_gain":0,"player_choice":"0 cards matched","damage_taken":0,"max_hp_gain":0,"max_hp_loss":0,"event_name":"Match and Keep!","floor":42,"gold_loss":0,"cards_obtained":[]},{"damage_healed":0,"gold_gain":0,"player_choice":"Max HP","damage_taken":0,"max_hp_gain":0,"max_hp_loss":4,"event_name":"Winding Halls","floor":45,"gold_loss":0}],"is_beta":false,"boss_relics":[{"not_picked":["Black Blood","Lizard Tail"],"picked":"Cursed Key"},{"not_picked":["Pandora\u0027s Box","Runic Cube"],"picked":"Astrolabe"}],"items_purged_floors":[37],"is_endless":false,"potions_floor_spawned":[2,4,5,7,10,12,19,21,28,35],"killed_by":"Giant Head","ascension_level":14}