{"gold_per_floor":[20,20,20,36,59,118,118,69,93,93,112,129,4,16,16,120,120,134,145,193,21,21,21,21,38,87,87,112,112,112,112,112,213,213,227,10,22,22,22,22,32,58,58,58,78,78,130,140,140,140],"floor_reached":51,"playtime":2941,"items_purged":["Strike_R"],"score":749,"play_id":"fcad3e68-87cf-438a-80d2-4c83b8cd2a98","local_time":"20190503220220","is_ascension_mode":true,"campfire_choices":[{"floor":7.0,"key":"REST"},{"data":"Inflame","floor":10.0,"key":"SMITH"},{"floor":15.0,"key":"REST"},{"data":"Apotheosis","floor":23,"key":"SMITH"},{"floor":29,"key":"REST"},{"floor":32,"key":"REST"},{"floor":40,"key":"REST"},{"floor":44,"key":"REST"},{"floor":49,"key":"REST"}],"neow_cost":"NO_GOLD","seed_source_timestamp":1635099021977013,"circlet_count":0,"master_deck":["Strike_R+1","Strike_R","Defend_R","Defend_R","Defend_R","Bash","Disarm","Havoc","Iron Wave","Inflame+1","Spot Weakness","Clothesline","Sword Boomerang+1","Limit Break","Uppercut+1","Apotheosis+1","Shame","Disarm","Battle Trance","Impervious","Limit Break","Whirlwind"],"special_seed":0,"relics":["Burning Blood","Centennial Puzzle","Regal Pillow","Tiny Chest","Happy Flower","Busted Crown","Art of War","Blood Vial","Red Skull","Enchiridion","Du-Vu Doll","Fusion Hammer","Whetstone","Paper Frog","Juzu Bracelet"],"potions_floor_usage":[28,33,45,50],"damage_taken":[{"damage":7.0,"enemies":"Small Slimes","floor":1.0,"turns":5.0},{"damage":8.0,"enemies":"Jaw Worm","floor":4.0,"turns":3.0},{"damage":40.0,"enemies":"Lagavulin","floor":6.0,"turns":6.0},{"damage":0.0,"enemies":"Cultist","floor":11.0,"turns":3.0},{"damage":13.0,"enemies":"Exordium Thugs","floor":12.0,"turns":6.0},{"damage":8.0,"enemies":"3 Louse","floor":14.0,"turns":4.0},{"damage":49,"enemies":"Slime Boss","floor":16,"turns":11},{"damage":17,"enemies":"2 Thieves","floor":18,"turns":3},{"damage":10,"enemies":"3 Byrds","floor":19,"turns":5},{"damage":6,"enemies":"Cultist and Chosen","floor":25,"turns":5},{"damage":38,"enemies":"Slavers","floor":28,"turns":4},{"damage":42,"enemies":"Collector","floor":33,"turns":5},{"damage":5,"enemies":"3 Darklings","floor":35,"turns":5},{"damage":13,"enemies":"Orb Walker","floor":37,"turns":4},{"damage":0,"enemies":"Transient","floor":41,"turns":5},{"damage":19,"enemies":"Reptomancer","floor":42,"turns":5},{"damage":18,"enemies":"Jaw Worm Horde","floor":45,"turns":3},{"damage":3,"enemies":"Sphere and 2 Shapes","floor":48,"turns":5},{"damage":61,"enemies":"Awakened One","floor":50,"turns":7}],"seed_played":"5892915262963506639","potions_obtained":[{"floor":1.0,"key":"PowerPotion"},{"floor":11.0,"key":"PowerPotion"},{"floor":14.0,"key":"Dexterity Potion"},{"floor":16,"key":"Fire Potion"},{"floor":28,"key":"SpeedPotion"},{"floor":41,"key":"PowerPotion"}],"is_trial":false,"path_per_floor":["M","?","?","M","T","E","R","$","T","R","M","M","$","M","R","B",null,"M","M","T","$","?","R","?","M","T","?","E","R","?","?","R","B",null,"M","$","M","?","$","R","M","E","T","R","M","?","T","M","R","B",null],"character_chosen":"IRONCLAD","items_purchased":["PowerPotion","Clothesline","Apotheosis","Limit Break","Whirlwind"],"campfire_rested":7,"item_purchase_floors":[8,13,21,36,36],"current_hp_per_floor":[79,84,51,49,49,15,55,55,55,55,61,54,54,52,85,42,85,74,70,70,70,70,70,70,72,72,56,26,66,50,50,90,54,90,90,90,83,83,83,90,90,77,77,90,78,78,78,83,90,35],"gold":140,"neow_bonus":"TRANSFORM_TWO_CARDS","is_prod":false,"is_daily":false,"chose_seed":false,"campfire_upgraded":2,"win_rate":0,"timestamp":1556917340,"path_taken":["M","?","?","M","?","E","R","$","T","R","?","M","?","M","R","BOSS","M","M","?","$","?","R","?","?","T","?","E","R","?","?","R","BOSS","M","$","M","?","$","R","M","E","T","R","M","?","?","M","R","BOSS"],"build_version":"2019-01-23","purchased_purges":1,"victory":true,"max_hp_per_floor":[80,85,85,85,85,85,85,85,85,85,85,85,85,85,85,85,85,85,85,85,85,85,85,85,85,85,85,85,85,90,90,90,90,90,90,90,90,90,90,90,90,90,90,90,90,90,90,90,90,90],"card_choices":[{"not_picked":["Hemokinesis","Rage"],"picked":"Iron Wave","floor":1.0},{"not_picked":["Dual Wield","Evolve","Rage"],"picked":"SKIP","floor":4.0},{"not_picked":["Bludgeon","Impervious"],"picked":"Inflame","floor":6.0},{"not_picked":["Metallicize","Shrug It Off"],"picked":"Spot Weakness","floor":11.0},{"not_picked":["Anger","Body Slam","Burning Pact"],"picked":"SKIP","floor":12.0},{"not_picked":["Clothesline","Anger"],"picked":"Sword Boomerang","floor":14.0},{"not_picked":["Exhume","Brutality"],"picked":"Limit Break","floor":16},{"not_picked":[],"picked":"Uppercut+1","floor":18},{"not_picked":["Blood for Blood+1"],"picked":"SKIP","floor":19},{"not_picked":["Evolve"],"picked":"SKIP","floor":25},{"not_picked":["Iron Wave"],"picked":"SKIP","floor":28},{"not_picked":[],"picked":"Impervious","floor":33},{"not_picked":["Clothesline+1"],"picked":"SKIP","floor":35},{"not_picked":["Corruption+1"],"picked":"SKIP","floor":37},{"not_picked":["Flex"],"picked":"SKIP","floor":41},{"not_picked":["Sentinel+1"],"picked":"SKIP","floor":42},{"not_picked":["Sword Boomerang"],"picked":"SKIP","floor":45},{"not_picked":["Rage"],"picked":"SKIP","floor":48}],"player_experience":1902338,"relics_obtained":[{"floor":5.0,"key":"Regal Pillow"},{"floor":6.0,"key":"Tiny Chest"},{"floor":9.0,"key":"Happy Flower"},{"floor":20,"key":"Art of War"},{"floor":26,"key":"Red Skull"},{"floor":27,"key":"Enchiridion"},{"floor":28,"key":"Du-Vu Doll"},{"floor":42,"key":"Whetstone"},{"floor":43,"key":"Paper Frog"},{"floor":47,"key":"Juzu Bracelet"}],"event_choices":[{"damage_healed":0.0,"max_hp_gain":5.0,"max_hp_loss":0.0,"gold_gain":0.0,"event_name":"Big Fish","player_choice":"Donut","floor":2.0,"gold_loss":0.0,"damage_taken":0.0},{"damage_healed":0.0,"max_hp_gain":0.0,"max_hp_loss":0.0,"gold_gain":0.0,"event_name":"Scrap Ooze","player_choice":"Success","floor":3.0,"gold_loss":0.0,"damage_taken":33.0,"relics_obtained":["Centennial Puzzle"]},{"damage_healed":0,"gold_gain":0,"player_choice":"Stole Relic","damage_taken":0,"relics_obtained":["Blood Vial"],"max_hp_gain":0,"max_hp_loss":0,"event_name":"Addict","floor":22,"gold_loss":0,"cards_obtained":["Shame"]},{"damage_healed":0,"gold_gain":0,"cards_transformed":["Strike_R"],"player_choice":"Transformed","damage_taken":0,"max_hp_gain":0,"max_hp_loss":0,"event_name":"Transmorgrifier","floor":24,"gold_loss":0,"cards_obtained":["Disarm"]},{"damage_healed":0,"gold_gain":0,"player_choice":"Obtained Book","damage_taken":16,"max_hp_gain":0,"max_hp_loss":0,"event_name":"Cursed Tome","floor":27,"gold_loss":0},{"damage_healed":0,"gold_gain":0,"player_choice":"Shed Blood","damage_taken":21,"max_hp_gain":5,"max_hp_loss":0,"event_name":"Forgotten Altar","floor":30,"gold_loss":0},{"damage_healed":0,"gold_gain":0,"player_choice":"Read","damage_taken":0,"max_hp_gain":0,"max_hp_loss":0,"event_name":"The Library","floor":31,"gold_loss":0,"cards_obtained":["Battle Trance"]},{"damage_healed":0,"gold_gain":0,"player_choice":"Memory 1","damage_taken":0,"max_hp_gain":0,"max_hp_loss":0,"event_name":"SensoryStone","floor":38,"gold_loss":0},{"damage_healed":0,"gold_gain":0,"player_choice":"Ignored","damage_taken":0,"max_hp_gain":0,"max_hp_loss":0,"event_name":"Tomb of Lord Red Mask","floor":46,"gold_loss":0}],"is_beta":false,"boss_relics":[{"not_picked":["Coffee Dripper","Black Blood"],"picked":"Busted Crown"},{"not_picked":["Eternal Feather","Mark of Pain"],"picked":"Fusion Hammer"}],"items_purged_floors":[13],"is_endless":false,"potions_floor_spawned":[1,11,14,16,25,28,41,42],"ascension_level":1}