{"gold_per_floor":[118,129,336,64,81,108,108,133,160,201,231,243,243,273,273,375,375,398,414,414,513,277,320,320,320,373,403,403,403,303,333,333,333,333,436,436,452,327,327,337,337,337,337,187,187,187,187],"floor_reached":47,"playtime":3509,"items_purged":["Strike_Br","Strike_Br","Defend_Br","hubris:Sloth"],"score":669,"play_id":"e82610f4-dc05-41cb-9553-1cda00cebe55","local_time":"20190214153155","is_ascension_mode":false,"campfire_choices":[{"floor":7.0,"key":"REST"},{"floor":15.0,"key":"REST"},{"floor":24,"key":"REST"},{"floor":28,"key":"REST"},{"floor":34,"key":"REST"},{"floor":42,"key":"REST"},{"floor":46,"key":"REST"}],"neow_cost":"","seed_source_timestamp":0,"circlet_count":0,"master_deck":["Strike_Br","Strike_Br","Defend_Br+1","Defend_Br","SecondHand+1","PatternShift+1","BlueShift","CrunchTime+1","LockedBlood","LockedScales+1","LockedMedicine+1","LockedAnchor","LockedScales","LockedAnchor","LockedMawBank","LockedOrichalcum+1","LockedPlans","CrunchTime","Fragmentalize","Keepsakes+1","LockedTornado","LockedMercury","CrunchTime+1","MasterKey","LockedScales+1"],"special_seed":0,"relics":["Chronometer","Question Card","hubris:ToyBattleship","War Paint","Gremlin Food","Ring of Hypnosis","Ring of Fury","Runic Pyramid","Replay:Wax Seal","Potion Belt","Baseball","hubris:MysteriousPyramids","hubris:Icosahedron","Replay:Grab Bag","Runic Dome","Busted Crown","hubris:Backtick","BargainBundle","Metronome","hubris:BottledRain"],"potions_floor_usage":[18,18,27,31,40,47,47],"damage_taken":[{"damage":0.0,"enemies":"2 Louse","floor":1.0,"turns":5.0},{"damage":0.0,"enemies":"Cultist","floor":2.0,"turns":4.0},{"damage":0.0,"enemies":"Jaw Worm","floor":5.0,"turns":6.0},{"damage":14.0,"enemies":"Lagavulin","floor":6.0,"turns":9.0},{"damage":1.0,"enemies":"2 Fungi Beasts","floor":8.0,"turns":5.0},{"damage":13.0,"enemies":"3 Sentries","floor":10.0,"turns":15.0},{"damage":12.0,"enemies":"3 Louse","floor":11.0,"turns":7.0},{"damage":6.0,"enemies":"Large Slime","floor":12.0,"turns":5.0},{"damage":23.0,"enemies":"Exordium Thugs","floor":14.0,"turns":8.0},{"damage":17.0,"enemies":"The Guardian","floor":16.0,"turns":9.0},{"damage":4,"enemies":"Chosen","floor":18,"turns":6},{"damage":14,"enemies":"2 Thieves","floor":19,"turns":2},{"damage":10,"enemies":"Replay:Snechameleon","floor":23,"turns":4},{"damage":0,"enemies":"Gremlin Leader","floor":27,"turns":3},{"damage":20,"enemies":"Snake Plant","floor":31,"turns":3},{"damage":52,"enemies":"Champ","floor":35,"turns":11},{"damage":0,"enemies":"Orb Walker","floor":37,"turns":2},{"damage":0,"enemies":"3 Darklings","floor":40,"turns":1},{"damage":70,"enemies":"Giant Head","floor":47,"turns":6}],"seed_played":"-8489972271279446562","potions_obtained":[{"floor":1.0,"key":"Elixir"},{"floor":5.0,"key":"Poison Potion"},{"floor":11.0,"key":"EssenceOfSteel"},{"floor":14.0,"key":"SpeedPotion"},{"floor":16.0,"key":"Energy Potion"},{"floor":23,"key":"Swift Potion"},{"floor":27,"key":"LiquidBronze"},{"floor":35,"key":"SkillPotion"},{"floor":40,"key":"Adrenaline Potion"}],"is_trial":false,"path_per_floor":["M","M","?","$","M","E","R","M","T","E","M","M","?","M","R","B",null,"M","M","?","?","$","E","R","?","T","E","R","?","$","M","PTL","PTL","R","B",null,"M","$","?","M","?","R","?","$","T","R","E"],"character_chosen":"CHRONO_CLASS","items_purchased":["LockedBlood","Question Card","LockedScales","Replay:Wax Seal","LockedTornado"],"campfire_rested":7,"item_purchase_floors":[0,4,4,22,22],"current_hp_per_floor":[56,62,36,36,40,32,51,54,54,47,41,35,35,18,37,26,65,65,53,53,53,53,43,62,62,62,65,65,65,65,45,45,45,64,17,65,65,65,65,65,65,65,65,65,65,65,0],"gold":187,"neow_bonus":"","is_prod":false,"is_daily":false,"chose_seed":false,"campfire_upgraded":0,"win_rate":0.0,"timestamp":1550154715,"path_taken":["M","M","?","$","?","E","R","M","T","E","M","M","?","M","R","BOSS","M","?","?","?","$","E","R","?","T","E","R","?","$","M","PTL","PTL","R","BOSS","M","$","?","M","?","R","?","$","T","R","E"],"build_version":"2019-01-23","purchased_purges":4,"victory":false,"max_hp_per_floor":[65,65,65,65,65,65,65,65,65,65,65,65,65,65,65,65,65,65,65,65,65,65,65,65,65,65,65,65,65,65,65,65,65,65,65,65,65,65,65,65,65,65,65,65,65,65,65],"card_choices":[{"not_picked":["Recurrance","Tempo"],"picked":"LockedScales","floor":1.0},{"not_picked":["ReapSow","ResonantCall"],"picked":"LockedMedicine","floor":2.0},{"not_picked":["ExoVibe","BlueShift"],"picked":"LockedAnchor","floor":3.0},{"not_picked":["Recurrance","ResonantCall","HandsUp"],"picked":"LockedAnchor","floor":5.0},{"not_picked":["Engulf","ExoVibe","MasterKey"],"picked":"LockedMawBank","floor":6.0},{"not_picked":["BlueShift","LockedAnchor","LockedTurtyl"],"picked":"LockedOrichalcum","floor":8.0},{"not_picked":["Parity","VestedLegacy","Echoward"],"picked":"LockedPlans","floor":10.0},{"not_picked":["ResonantCall","TickedOff","HandsUp"],"picked":"CrunchTime","floor":11.0},{"not_picked":["VestedLegacy","Parity","ExoVibe","FormalWear"],"picked":"SKIP","floor":12.0},{"not_picked":["LockedAnchor","Stagnate","Engulf","LockedWarPaint"],"picked":"SKIP","floor":14.0},{"not_picked":["LockedBell","Echonomics","LockedAstrolabe"],"picked":"Fragmentalize","floor":16.0},{"not_picked":["Echoward+1","PrimeTime+1","LockedBlood"],"picked":"Keepsakes+1","floor":18},{"not_picked":["BackFourSeconds+1","PrimeTime","EscortCommand","Recurrance"],"picked":"SKIP","floor":19},{"not_picked":["Facsimile","Tempo","PrimeTime+1","WindUp"],"picked":"SKIP","floor":23},{"not_picked":["Cuckoo","LockedAnchor","Keepsakes+1"],"picked":"CrunchTime+1","floor":27},{"not_picked":["ExoVibe","VestedLegacy","WindUp","PrimeTime"],"picked":"SKIP","floor":31},{"not_picked":["LockedAstrolabe","Echonomics","LockedBell"],"picked":"MasterKey","floor":35},{"not_picked":["Echoward+1","WatchCommand+1"],"picked":"SKIP","floor":37},{"not_picked":["Engulf+1"],"picked":"LockedScales+1","floor":40}],"player_experience":327359,"relics_obtained":[{"floor":6.0,"key":"hubris:ToyBattleship"},{"floor":9.0,"key":"War Paint"},{"floor":10.0,"key":"Gremlin Food"},{"floor":13.0,"key":"Ring of Hypnosis"},{"floor":13.0,"key":"Ring of Fury"},{"floor":23,"key":"Potion Belt"},{"floor":26,"key":"Baseball"},{"floor":27,"key":"hubris:MysteriousPyramids"},{"floor":45,"key":"hubris:BottledRain"}],"event_choices":[{"damage_healed":0,"gold_gain":99,"player_choice":"Stole From Cult","damage_taken":0,"max_hp_gain":0,"max_hp_loss":0,"event_name":"Nest","floor":21,"gold_loss":0},{"damage_healed":0,"gold_gain":0,"player_choice":"Read","damage_taken":0,"max_hp_gain":0,"max_hp_loss":0,"event_name":"The Library","floor":25,"gold_loss":0,"cards_obtained":["LockedMercury"]},{"damage_healed":0,"gold_gain":0,"player_choice":"Ignored","damage_taken":0,"max_hp_gain":0,"max_hp_loss":0,"event_name":"Tomb of Lord Red Mask","floor":39,"gold_loss":0},{"damage_healed":0,"gold_gain":0,"player_choice":"Ignored","damage_taken":0,"max_hp_gain":0,"max_hp_loss":0,"event_name":"Mysterious Sphere","floor":41,"gold_loss":0},{"cards_removed":["Defend_Br"],"damage_healed":0,"gold_gain":0,"player_choice":"Removed Skill","damage_taken":0,"max_hp_gain":0,"max_hp_loss":0,"event_name":"Falling","floor":43,"gold_loss":0}],"is_beta":false,"boss_relics":[{"not_picked":["Orrery","hubris:RunicObelisk"],"picked":"Runic Pyramid"},{"not_picked":["Ring of Chaos","Fusion Hammer"],"picked":"Replay:Grab Bag"},{"not_picked":["ChewingGum","ReplayTheSpireMod:DimensionalGlitch"],"picked":"Runic Dome"},{"not_picked":["Painkiller Herb","Replay:Wanted Poster"],"picked":"Busted Crown"},{"not_picked":["Calling Bell","hubris:BlackHole"],"picked":"hubris:Backtick"},{"not_picked":["hubris:ScarierMask","Lizard Tail"],"picked":"Metronome"}],"items_purged_floors":[22,30,38,44],"is_endless":false,"potions_floor_spawned":[1,5,11,14,16,23,27,35,40],"killed_by":"Giant Head","ascension_level":0}