{"gold_per_floor":[119,132,82,82,257,257,287,287,342,111,111,146,146,169,169,268,268,279,78,178,197,296,296,296,308,308,308,340,340,26,26,26,130,130,144,164,264,264,264,328,328,355,355,367,378,398,430,449,449,449,449,449,67,97,97],"floor_reached":56,"playtime":4778,"items_purged":["Doubt","Prepared"],"score":1363,"play_id":"e64296c2-d500-45ef-8a6c-41e40029fdf1","local_time":"20181129124524","is_ascension_mode":true,"campfire_choices":[{"data":"Infinite Blades","floor":6,"key":"SMITH"},{"data":"Leg Sweep","floor":11,"key":"SMITH"},{"floor":15,"key":"REST"},{"data":"A Thousand Cuts","floor":24,"key":"SMITH"},{"data":"Blade Dance","floor":27,"key":"SMITH"},{"floor":29,"key":"DIG"},{"data":"Accuracy","floor":32,"key":"SMITH"},{"data":"Accuracy","floor":41,"key":"SMITH"},{"floor":49,"key":"RECALL"},{"floor":52,"key":"DIG"}],"neow_cost":"NONE","seed_source_timestamp":789225509113759,"circlet_count":0,"master_deck":["Defend_G","Defend_G","Defend_G","Defend_G","Strike_G","Strike_G","Strike_G","Survivor","Neutralize","Infinite Blades+1","Leg Sweep+1","A Thousand Cuts+1","Backstab+1","Blade Dance+1","Blade Dance+1","Backflip","Infinite Blades+1","Acrobatics+1","Accuracy+1","Phantasmal Killer","Cloak And Dagger","Accuracy+1","Backstab","Cloak And Dagger+1","Infinite Blades"],"relics":["Ring of the Snake","NeowsBlessing","Art of War","Orichalcum","Omamori","Shovel","Odd Mushroom","Blood Vial","Ice Cream","Dodecahedron","Incense Burner","Juzu Bracelet","Anchor","Kunai","Orrery","Ginger","Tiny Chest","Thread and Needle","Dead Branch","Singing Bowl","HandDrill","Bird Faced Urn"],"potions_floor_usage":[12,12,16,16,18,20,33,33,42,44,48,50,50],"damage_taken":[{"damage":0,"enemies":"Jaw Worm","floor":1,"turns":1},{"damage":0,"enemies":"2 Louse","floor":2,"turns":1},{"damage":0,"enemies":"3 Sentries","floor":7,"turns":1},{"damage":2,"enemies":"Cultist","floor":8,"turns":4},{"damage":12,"enemies":"Gremlin Nob","floor":12,"turns":6},{"damage":16,"enemies":"The Mushroom Lair","floor":14,"turns":8},{"damage":74,"enemies":"The Guardian","floor":16,"turns":28},{"damage":10,"enemies":"Shell Parasite","floor":18,"turns":17},{"damage":25,"enemies":"Colosseum Slavers","floor":20,"turns":3},{"damage":68,"enemies":"Colosseum Nobs","floor":20,"turns":8},{"damage":21,"enemies":"Spheric Guardian","floor":21,"turns":5},{"damage":38,"enemies":"Shelled Parasite and Fungi","floor":25,"turns":6},{"damage":34,"enemies":"Book of Stabbing","floor":28,"turns":7},{"damage":27,"enemies":"Champ","floor":33,"turns":9},{"damage":0,"enemies":"3 Darklings","floor":35,"turns":4},{"damage":29,"enemies":"3 Shapes","floor":36,"turns":4},{"damage":19,"enemies":"Mind Bloom Boss Battle","floor":37,"turns":7},{"damage":6,"enemies":"Giant Head","floor":40,"turns":6},{"damage":24,"enemies":"Reptomancer","floor":42,"turns":7},{"damage":15,"enemies":"Sphere and 2 Shapes","floor":44,"turns":4},{"damage":4,"enemies":"Spire Growth","floor":45,"turns":5},{"damage":20,"enemies":"Writhing Mass","floor":46,"turns":6},{"damage":45,"enemies":"Nemesis","floor":47,"turns":7},{"damage":0,"enemies":"4 Shapes","floor":48,"turns":4},{"damage":81,"enemies":"Awakened One","floor":50,"turns":8},{"damage":52,"enemies":"Shield and Spear","floor":54,"turns":6},{"damage":126,"enemies":"The Heart","floor":55,"turns":9}],"seed_played":"5858214171092938365","potions_obtained":[{"floor":1,"key":"Regen Potion"},{"floor":7,"key":"EssenceOfSteel"},{"floor":12,"key":"GamblersBrew"},{"floor":14,"key":"EssenceOfSteel"},{"floor":16,"key":"Swift Potion"},{"floor":18,"key":"Explosive Potion"},{"floor":20,"key":"Ancient Potion"},{"floor":28,"key":"Weak Potion"},{"floor":37,"key":"Weak Potion"},{"floor":42,"key":"Fire Potion"},{"floor":46,"key":"Fire Potion"},{"floor":47,"key":"GhostInAJar"},{"floor":48,"key":"PowerPotion"}],"is_trial":false,"path_per_floor":["M","M","?","?","?","R","E","M","T","$","R","E","?","?","R","B",null,"M","$","?","M","?","?","R","M","T","R","E","R","$","?","R","B",null,"M","M","?","?","?","E","R","E","T","M","M","M","E","M","R","B",null,"R","$","E","B",null],"character_chosen":"THE_SILENT","items_purchased":["Omamori","Blade Dance","Blood Vial","Accuracy","Kunai","HandDrill","Infinite Blades"],"campfire_rested":1,"item_purchase_floors":[10,19,19,30,30,53,53],"current_hp_per_floor":[70,70,70,63,63,63,63,61,61,61,61,54,54,38,59,27,70,60,60,65,46,46,46,46,59,59,59,70,70,70,70,70,43,70,70,41,61,61,61,57,57,66,66,51,49,66,66,66,66,37,66,66,66,62,54],"gold":97,"neow_bonus":"THREE_ENEMY_KILL","is_prod":false,"is_daily":false,"chose_seed":false,"campfire_upgraded":6,"win_rate":0,"timestamp":1543491924,"path_taken":["M","M","?","?","?","R","E","?","T","?","R","E","?","?","R","BOSS","M","$","?","M","?","?","R","M","T","R","E","R","$","?","R","BOSS","M","M","?","?","?","E","R","E","T","M","M","M","E","M","R","BOSS","R","$","E","BOSS"],"build_version":"2018-11-15","purchased_purges":2,"victory":true,"max_hp_per_floor":[70,70,70,70,70,70,70,70,70,70,70,70,70,70,70,70,70,70,70,70,70,70,70,70,70,70,70,70,70,70,70,70,70,70,70,70,70,66,66,66,66,66,66,66,66,66,66,66,66,66,66,66,66,68,68],"card_choices":[{"not_picked":["Tactician","Deadly Poison"],"picked":"Infinite Blades","floor":1},{"not_picked":["Catalyst","Underhanded Strike","PiercingWail"],"picked":"SKIP","floor":2},{"not_picked":["Catalyst","Poisoned Stab"],"picked":"Leg Sweep","floor":7},{"not_picked":["Reflex","Well Laid Plans","Riddle With Holes"],"picked":"SKIP","floor":8},{"not_picked":["Slice","Finisher","Outmaneuver"],"picked":"SKIP","floor":12},{"not_picked":["Skewer","Acrobatics"],"picked":"Prepared","floor":14},{"not_picked":["Storm of Steel","Phantasmal Killer"],"picked":"A Thousand Cuts","floor":16},{"not_picked":["Dash","Choke"],"picked":"Backstab+1","floor":18},{"not_picked":["Noxious Fumes","Masterful Stab"],"picked":"Blade Dance+1","floor":20},{"not_picked":["Prepared+1","Dash"],"picked":"Backflip","floor":21},{"not_picked":["Noxious Fumes","Heel Hook","Catalyst+1"],"picked":"SKIP","floor":25},{"not_picked":["Deflect+1","Quick Slash"],"picked":"Acrobatics+1","floor":28},{"not_picked":["Corpse Explosion","Bullet Time"],"picked":"Phantasmal Killer","floor":33},{"not_picked":["Bane","Flying Knee"],"picked":"Cloak And Dagger","floor":34},{"not_picked":["Poisoned Stab","Endless Agony"],"picked":"Accuracy","floor":35},{"not_picked":["Deadly Poison+1","Acrobatics","Dodge and Roll"],"picked":"SKIP","floor":36},{"not_picked":["Outmaneuver+1","Blade Dance","Doppelganger"],"picked":"SKIP","floor":40},{"not_picked":["Bouncing Flask","Outmaneuver+1","Deadly Poison"],"picked":"SKIP","floor":42},{"not_picked":["Catalyst+1","Eviscerate","Dagger Spray+1"],"picked":"SKIP","floor":44},{"not_picked":["Reflex+1","Dagger Throw"],"picked":"Backstab","floor":45},{"not_picked":["Sucker Punch+1","Dodge and Roll","Deadly Poison+1"],"picked":"SKIP","floor":46},{"not_picked":["Masterful Stab+1","Leg Sweep"],"picked":"Cloak And Dagger+1","floor":47},{"not_picked":["Underhanded Strike+1","Quick Slash+1","Outmaneuver+1"],"picked":"SKIP","floor":48},{"not_picked":["Underhanded Strike+1","Quick Slash+1","Outmaneuver+1"],"picked":"SKIP","floor":48},{"not_picked":["Quick Slash","Deadly Poison","Terror"],"picked":"Singing Bowl","floor":54}],"player_experience":273266,"relics_obtained":[{"floor":7,"key":"Art of War"},{"floor":9,"key":"Orichalcum"},{"floor":12,"key":"Shovel"},{"floor":14,"key":"Odd Mushroom"},{"floor":20,"key":"Ice Cream"},{"floor":20,"key":"Dodecahedron"},{"floor":26,"key":"Incense Burner"},{"floor":28,"key":"Juzu Bracelet"},{"floor":29,"key":"Anchor"},{"floor":37,"key":"Ginger"},{"floor":40,"key":"Tiny Chest"},{"floor":42,"key":"Thread and Needle"},{"floor":47,"key":"Dead Branch"},{"floor":52,"key":"Singing Bowl"},{"floor":54,"key":"Bird Faced Urn"}],"event_choices":[{"cards_removed":["Strike_G"],"damage_healed":0,"gold_gain":0,"player_choice":"Card Removal","damage_taken":0,"max_hp_gain":0,"max_hp_loss":0,"event_name":"The Cleric","floor":3,"gold_loss":50},{"cards_removed":["Defend_G"],"damage_healed":0,"gold_gain":0,"player_choice":"Card Removal","damage_taken":7,"max_hp_gain":0,"max_hp_loss":0,"event_name":"Golden Wing","floor":4,"gold_loss":0},{"damage_healed":0,"gold_gain":175,"player_choice":"AGREE","damage_taken":0,"max_hp_gain":0,"max_hp_loss":0,"event_name":"Liars Game","floor":5,"gold_loss":0,"cards_obtained":["Doubt"]},{"cards_removed":["Strike_G"],"damage_healed":0,"gold_gain":0,"player_choice":"Forget","damage_taken":0,"max_hp_gain":0,"max_hp_loss":0,"event_name":"Living Wall","floor":13,"gold_loss":0},{"damage_healed":0,"gold_gain":0,"player_choice":"Fought Mushrooms","damage_taken":0,"max_hp_gain":0,"max_hp_loss":0,"event_name":"Mushrooms","floor":14,"gold_loss":0},{"damage_healed":0,"gold_gain":0,"player_choice":"Fight","damage_taken":0,"max_hp_gain":0,"max_hp_loss":0,"event_name":"Colosseum","floor":20,"gold_loss":0},{"damage_healed":0,"gold_gain":0,"player_choice":"Fought Nobs","damage_taken":0,"max_hp_gain":0,"max_hp_loss":0,"event_name":"Colosseum","floor":20,"gold_loss":0},{"damage_healed":0,"gold_gain":99,"player_choice":"Stole From Cult","damage_taken":0,"max_hp_gain":0,"max_hp_loss":0,"event_name":"Nest","floor":22,"gold_loss":0},{"damage_healed":0,"gold_gain":0,"player_choice":"Copied","damage_taken":0,"max_hp_gain":0,"max_hp_loss":0,"event_name":"Duplicator","floor":23,"gold_loss":0,"cards_obtained":["Infinite Blades"]},{"damage_healed":0,"gold_gain":0,"player_choice":"Fight","damage_taken":0,"max_hp_gain":0,"max_hp_loss":0,"event_name":"MindBloom","floor":37,"gold_loss":0},{"damage_healed":0,"gold_gain":0,"player_choice":"Max HP","damage_taken":0,"max_hp_gain":0,"max_hp_loss":4,"event_name":"Winding Halls","floor":38,"gold_loss":0},{"damage_healed":0,"gold_gain":0,"player_choice":"Ignored","damage_taken":0,"max_hp_gain":0,"max_hp_loss":0,"event_name":"Tomb of Lord Red Mask","floor":39,"gold_loss":0}],"is_beta":false,"boss_relics":[{"not_picked":["Runic Dome","Ectoplasm","Philosopher\u0027s Stone"]},{"not_picked":["Eternal Feather","Fusion Hammer"],"picked":"Orrery"}],"items_purged_floors":[10,53],"is_endless":false,"potions_floor_spawned":[1,7,12,14,16,18,20,28,37,42,46,47,48],"ascension_level":2}