{"gold_per_floor":[119,138,58,77,77,106,116,184,209,209,223,238,238,252,252,351,351,369,369,381,381],"floor_reached":21,"playtime":1150,"items_purged":[],"score":233,"play_id":"069d64ae-58ea-4bff-8a96-26a6b4bff1c5","local_time":"20181210151822","is_ascension_mode":false,"campfire_choices":[{"floor":13,"key":"REST"},{"floor":15,"key":"REST"}],"neow_cost":"NONE","seed_source_timestamp":493030178256664,"circlet_count":0,"master_deck":["Strike_B","Strike_B","Strike_B","Strike_B","Defend_B","Defend_B","Defend_B","Defend_B","Zap","Dualcast","Sunder+1","Ball Lightning","Doom and Gloom","Beam Cell","Streamline","Fusion","Gash","Double Energy+1","Gash","Creative AI","Tempest+1","Coolheaded+1"],"relics":["Cracked Core","NeowsBlessing","Potion Belt","Lantern","Toxic Egg 2","Inserter"],"potions_floor_usage":[16],"damage_taken":[{"damage":0,"enemies":"Small Slimes","floor":1,"turns":1},{"damage":0,"enemies":"Jaw Worm","floor":2,"turns":1},{"damage":0,"enemies":"2 Louse","floor":4,"turns":1},{"damage":14,"enemies":"Gremlin Nob","floor":6,"turns":3},{"damage":2,"enemies":"Blue Slaver","floor":7,"turns":2},{"damage":8,"enemies":"Gremlin Gang","floor":11,"turns":2},{"damage":0,"enemies":"Lots of Slimes","floor":12,"turns":1},{"damage":16,"enemies":"Large Slime","floor":14,"turns":4},{"damage":0,"enemies":"Slime Boss","floor":16,"turns":6},{"damage":36,"enemies":"2 Thieves","floor":18,"turns":4},{"damage":10,"enemies":"Chosen","floor":20,"turns":4},{"damage":19,"enemies":"Snecko","floor":21,"turns":4}],"seed_played":"-520844835498624198","potions_obtained":[{"floor":4,"key":"Energy Potion"},{"floor":11,"key":"EssenceOfSteel"},{"floor":12,"key":"SkillPotion"},{"floor":18,"key":"SteroidPotion"}],"is_trial":false,"path_per_floor":["M","M","$","M","?","E","M","?","T","T","M","M","R","M","R","B",null,"M","?","M","M"],"character_chosen":"DEFECT","items_purchased":["Doom and Gloom"],"campfire_rested":2,"item_purchase_floors":[3],"current_hp_per_floor":[75,75,75,75,75,61,59,59,59,59,51,51,73,57,75,75,75,39,25,15,0],"gold":381,"neow_bonus":"THREE_ENEMY_KILL","is_prod":false,"is_daily":false,"chose_seed":false,"campfire_upgraded":0,"win_rate":0,"timestamp":1544483902,"path_taken":["M","M","$","M","?","E","M","?","T","?","M","?","R","M","R","BOSS","M","?","M","M"],"build_version":"2018-12-06","purchased_purges":0,"victory":false,"max_hp_per_floor":[75,75,75,75,75,75,75,75,75,75,75,75,75,75,75,75,75,75,80,80,80],"card_choices":[{"not_picked":["Barrage","Chaos"],"picked":"Sunder","floor":1},{"not_picked":["Rebound","Skim"],"picked":"Ball Lightning","floor":2},{"not_picked":["Tempest","Gash"],"picked":"Beam Cell","floor":4},{"not_picked":["Beam Cell","Leap"],"picked":"Streamline","floor":6},{"not_picked":["Self Repair","Hologram"],"picked":"Fusion","floor":7},{"not_picked":["Compile Driver","Reinforced Body+1"],"picked":"Gash","floor":11},{"not_picked":["Meteor Strike","Streamline"],"picked":"Double Energy+1","floor":12},{"not_picked":["Cold Snap","Go for the Eyes"],"picked":"Gash","floor":14},{"not_picked":["Biased Cognition","Fission+1"],"picked":"Creative AI","floor":16},{"not_picked":["Auto Shields+1","Beam Cell+1"],"picked":"Tempest+1","floor":18},{"not_picked":["Turbo+1","Rebound"],"picked":"Coolheaded+1","floor":20}],"player_experience":197766,"relics_obtained":[{"floor":6,"key":"Potion Belt"},{"floor":9,"key":"Lantern"},{"floor":10,"key":"Toxic Egg 2"}],"event_choices":[{"damage_healed":0,"gold_gain":0,"player_choice":"Grow","damage_taken":0,"max_hp_gain":0,"max_hp_loss":0,"event_name":"Living Wall","floor":5,"gold_loss":0,"cards_upgraded":["Sunder"]},{"damage_healed":0,"gold_gain":68,"player_choice":"Gained Gold","damage_taken":0,"max_hp_gain":0,"max_hp_loss":0,"event_name":"Golden Wing","floor":8,"gold_loss":0},{"damage_healed":0,"gold_gain":0,"player_choice":"Shed Blood","damage_taken":19,"max_hp_gain":5,"max_hp_loss":0,"event_name":"Forgotten Altar","floor":19,"gold_loss":0}],"is_beta":false,"boss_relics":[{"not_picked":["Astrolabe","Sozu"],"picked":"Inserter"}],"items_purged_floors":[],"is_endless":false,"potions_floor_spawned":[4,11,12,18],"killed_by":"Snecko","ascension_level":0}