{"gold_per_floor":[18,18,33,45,60,60,74,102,102,102,67,122,149,163,163,241,241,213,138,138,138],"floor_reached":21,"playtime":1045,"items_purged":[],"score":312,"play_id":"e285def4-5e5b-47cc-b714-53c98807c828","local_time":"20190503150846","is_ascension_mode":true,"campfire_choices":[{"data":"Flame Barrier","floor":6,"key":"SMITH"},{"data":"True Grit","floor":10,"key":"SMITH"},{"floor":15,"key":"REST"}],"neow_cost":"NO_GOLD","seed_source_timestamp":313471863499400,"circlet_count":0,"master_deck":["AscendersBane","Strike_R","Strike_R","Strike_R","Strike_R","Strike_R","Defend_R","Defend_R","Defend_R","Bash","Inflame","Pommel Strike","Shrug It Off","Flame Barrier+1","True Grit+1","Heavy Blade","Power Through+1","Headbutt","Demon Form","Parasite","Shame"],"relics":["Burning Blood","Calipers","Paper Frog","Thread and Needle","Toxic Egg 2","Blue Candle","Matryoshka","Calling Bell","Dodecahedron","Juzu Bracelet","Pocketwatch"],"potions_floor_usage":[8,12,13,18],"damage_taken":[{"damage":10,"enemies":"Small Slimes","floor":1,"turns":4},{"damage":7,"enemies":"Jaw Worm","floor":3,"turns":4},{"damage":8,"enemies":"2 Louse","floor":4,"turns":2},{"damage":5,"enemies":"Red Slaver","floor":5,"turns":5},{"damage":3,"enemies":"Blue Slaver","floor":7,"turns":5},{"damage":24,"enemies":"Gremlin Nob","floor":8,"turns":4},{"damage":15,"enemies":"Lagavulin Event","floor":12,"turns":8},{"damage":30,"enemies":"3 Sentries","floor":13,"turns":12},{"damage":18,"enemies":"Exordium Thugs","floor":14,"turns":6},{"damage":36,"enemies":"The Guardian","floor":16,"turns":16},{"damage":11,"enemies":"2 Thieves","floor":18,"turns":5},{"damage":56,"enemies":"Colosseum Slavers","floor":21,"turns":5},{"damage":9,"enemies":"Colosseum Nobs","floor":21,"turns":3}],"seed_played":"-2044910481096799310","potions_obtained":[{"floor":1,"key":"Weak Potion"},{"floor":3,"key":"Dexterity Potion"},{"floor":12,"key":"Explosive Potion"},{"floor":16,"key":"Energy Potion"}],"is_trial":false,"path_per_floor":["M","?","M","M","M","R","M","E","T","R","?","?","E","M","R","B",null,"M","?","?","?"],"character_chosen":"IRONCLAD","items_purchased":[],"campfire_rested":1,"item_purchase_floors":[],"current_hp_per_floor":[68,56,55,53,54,54,57,39,39,39,59,50,26,14,38,8,62,57,57,57,0],"gold":138,"neow_bonus":"ONE_RARE_RELIC","is_prod":false,"is_daily":false,"chose_seed":false,"campfire_upgraded":2,"win_rate":0,"timestamp":1556888926,"path_taken":["M","?","M","M","M","R","M","E","T","R","?","?","E","M","R","BOSS","M","?","?","?"],"build_version":"2019-01-23","purchased_purges":0,"victory":false,"max_hp_per_floor":[80,80,80,80,80,80,80,80,80,80,80,80,80,80,80,80,80,80,80,80,80],"card_choices":[{"not_picked":["Fire Breathing","Seeing Red"],"picked":"Inflame","floor":1},{"not_picked":["Perfected Strike","Flex"],"picked":"Pommel Strike","floor":3},{"not_picked":["Headbutt","Iron Wave"],"picked":"Shrug It Off","floor":4},{"not_picked":["Juggernaut","Disarm"],"picked":"Flame Barrier","floor":5},{"not_picked":["Anger","Cleave"],"picked":"True Grit","floor":7},{"not_picked":["Clash","Burning Pact","Anger"],"picked":"SKIP","floor":8},{"not_picked":["Sentinel+1","Clothesline"],"picked":"Heavy Blade","floor":12},{"not_picked":["Fire Breathing","Evolve"],"picked":"Power Through+1","floor":13},{"not_picked":["Pommel Strike","Blood for Blood"],"picked":"Headbutt","floor":14},{"not_picked":["Double Tap+1","Bludgeon"],"picked":"Demon Form","floor":16},{"not_picked":["Iron Wave","Perfected Strike","Rampage"],"picked":"SKIP","floor":18}],"player_experience":1026555,"relics_obtained":[{"floor":8,"key":"Thread and Needle"},{"floor":9,"key":"Toxic Egg 2"},{"floor":12,"key":"Blue Candle"},{"floor":13,"key":"Matryoshka"},{"floor":17,"key":"Dodecahedron"},{"floor":17,"key":"Juzu Bracelet"},{"floor":17,"key":"Pocketwatch"}],"event_choices":[{"damage_healed":0,"gold_gain":0,"player_choice":"Success","damage_taken":12,"relics_obtained":["Paper Frog"],"max_hp_gain":0,"max_hp_loss":0,"event_name":"Scrap Ooze","floor":2,"gold_loss":0},{"damage_healed":20,"gold_gain":0,"player_choice":"Healed","damage_taken":0,"max_hp_gain":0,"max_hp_loss":0,"event_name":"The Cleric","floor":11,"gold_loss":35},{"damage_healed":0,"gold_gain":0,"player_choice":"Searched \u00272\u0027 times","damage_taken":0,"max_hp_gain":0,"max_hp_loss":0,"event_name":"Dead Adventurer","floor":12,"gold_loss":0},{"cards_removed":["Regret"],"damage_healed":0,"gold_gain":0,"player_choice":"Gave Gold","damage_taken":0,"max_hp_gain":0,"max_hp_loss":0,"event_name":"Beggar","floor":19,"gold_loss":75},{"cards_removed":["Defend_R"],"damage_healed":0,"gold_gain":0,"player_choice":"Offered Basic","damage_taken":0,"max_hp_gain":0,"max_hp_loss":0,"event_name":"Bonfire Elementals","floor":20,"gold_loss":0},{"damage_healed":0,"gold_gain":0,"player_choice":"Fight","damage_taken":0,"max_hp_gain":0,"max_hp_loss":0,"event_name":"Colosseum","floor":21,"gold_loss":0},{"damage_healed":0,"gold_gain":0,"player_choice":"Fought Nobs","damage_taken":0,"max_hp_gain":0,"max_hp_loss":0,"event_name":"Colosseum","floor":21,"gold_loss":0}],"is_beta":false,"boss_relics":[{"not_picked":["Astrolabe","Runic Pyramid"],"picked":"Calling Bell"}],"items_purged_floors":[],"is_endless":false,"potions_floor_spawned":[1,3,12,16],"killed_by":"Colosseum Nobs","ascension_level":13}