{"path_per_floor":["M","?","M","M","?","R","M","?","T","R","$","M","?","?","R","B",null,"M","$","?","?","?","R","M","E","T","R","?","M","$","M","R"],"character_chosen":"THE_SILENT","items_purchased":["Prepared","Adrenaline","Sucker Punch","Prepared"],"gold_per_floor":[118,118,130,143,143,143,161,261,261,261,5,17,17,17,17,121,121,121,68,68,68,68,68,68,68,68,68,68,68,44,44,44],"floor_reached":33,"campfire_rested":2,"playtime":3618,"current_hp_per_floor":[69,55,54,54,54,54,52,52,52,52,52,47,47,47,47,12,70,68,68,68,68,68,68,68,9,23,50,50,34,34,22,49],"items_purged":["Defend_G"],"gold":44,"play_id":"cd08727b-f7f7-41d1-9bf2-014ccdaac98f","is_prod":false,"is_daily":false,"is_ascension_mode":false,"campfire_upgraded":2,"path_taken":["M","?","?","M","?","R","M","?","T","R","$","M","?","?","R","BOSS","M","$","?","?","?","R","?","E","T","R","?","M","$","M","R","BOSS"],"build_version":"2018-01-25-PROD3","purchased_purges":1,"victory":false,"master_deck":["Defend_G+1","Defend_G+1","Defend_G+1","Defend_G+1","Strike_G+1","Strike_G+1","Strike_G+1","Survivor+1","Neutralize+1","Bane","Flying Knee","Malaise","Flying Knee","Prepared","Adrenaline","Sucker Punch+1","After Image+1","Footwork+1","Sucker Punch","Poisoned Stab","Acrobatics+1","Well Laid Plans","Prepared","Deadly Poison"],"max_hp_per_floor":[70,70,70,70,70,70,70,70,70,70,70,70,70,70,70,70,70,70,70,70,70,70,70,70,77,91,91,91,91,91,91,91],"relics":["Ring of the Snake","Peace Pipe","Ectoplasm","Strawberry","Mango"],"card_choices":[{"not_picked":["Dodge and Roll","Dagger Throw"],"picked":"Bane"},{"not_picked":["Blade Dance","Calculated Gamble"],"picked":"Flying Knee"},{"not_picked":["Quick Slash","PiercingWail"],"picked":"Malaise"},{"not_picked":["Masterful Stab","Choke"],"picked":"Flying Knee"},{"not_picked":["Blade Dance","PiercingWail"],"picked":"Sucker Punch"},{"not_picked":["Adrenaline","Unload"],"picked":"After Image"},{"not_picked":["Dagger Spray","Distraction"],"picked":"Footwork"},{"not_picked":["Prepared","Sucker Punch"],"picked":"Poisoned Stab"},{"not_picked":["Flying Knee","Distraction"],"picked":"Acrobatics"},{"not_picked":["Deflect","Burst"],"picked":"Well Laid Plans"},{"not_picked":["Deflect","Terror"],"picked":"Deadly Poison"}],"player_experience":14517,"potions_floor_usage":[25],"damage_taken":[{"damage":1,"enemies":"Cultist","floor":1,"turns":5},{"damage":1,"enemies":"Jaw Worm","floor":3,"turns":5},{"damage":0,"enemies":"2 Louse","floor":4,"turns":3},{"damage":2,"enemies":"Red Slaver","floor":7,"turns":6},{"damage":5,"enemies":"Exordium Wildlife","floor":12,"turns":3},{"damage":35,"enemies":"Hexaghost","floor":16,"turns":19},{"damage":2,"enemies":"3 Byrds","floor":18,"turns":8},{"damage":0,"enemies":"Shell Parasite","floor":24,"turns":6},{"damage":66,"enemies":"Gremlin Leader","floor":25,"turns":10},{"damage":16,"enemies":"3 Cultists","floor":29,"turns":7},{"damage":12,"enemies":"Snecko","floor":31,"turns":8},{"damage":52,"enemies":"Collector","floor":33,"turns":6}],"event_choices":[{"event_name":"Shining Light","player_choice":"Entered Light","floor":2,"damage_taken":0},{"event_name":"Golden Wing","player_choice":"Ignored","floor":5,"damage_taken":0},{"event_name":"Golden Shrine","player_choice":"Pray","floor":8,"damage_taken":0},{"event_name":"Purifier","player_choice":"One Purge","floor":13,"damage_taken":0},{"event_name":"Accursed Blacksmith","player_choice":"Forge","floor":14,"damage_taken":0},{"event_name":"Drug Dealer","player_choice":"Ignored","floor":20,"damage_taken":0},{"event_name":"Back to Basics","player_choice":"Simplicity","floor":21,"damage_taken":0},{"event_name":"Vampires","player_choice":"Ignored","floor":22,"damage_taken":0},{"event_name":"Beggar","player_choice":"Ignored","floor":28,"damage_taken":0}],"boss_relics":[{"not_picked":["Lizard Tail","Sozu"],"picked":"Ectoplasm"}],"potions_floor_spawned":[7,24,29],"seed_played":"-604163304143533","killed_by":"Collector","ascension_level":0,"is_trial":false}