{"gold_per_floor":[111,130,36,55,55,86,86,105,131,163,29,43,62,12,12,89,89,101,51,0,10,20,20,47,47,47,47,47,63,74,87,87,158,158,175,192,192,54,54,54],"floor_reached":40,"playtime":1795,"items_purged":["Strike_R","Strike_R","Strike_R","Strike_R"],"score":752,"play_id":"9816babd-f45e-4bea-a89c-8c7ebfb65b85","local_time":"20190418110802","is_ascension_mode":true,"campfire_choices":[{"data":"Shockwave","floor":7,"key":"SMITH"},{"data":"Carnage","floor":15,"key":"SMITH"},{"floor":23,"key":"REST"},{"floor":27,"key":"REST"},{"floor":32,"key":"REST"}],"neow_cost":"NONE","seed_source_timestamp":3955107713506,"circlet_count":0,"master_deck":["AscendersBane","Strike_R","Defend_R","Defend_R","Defend_R","Bash","Shockwave+1","Shrug It Off","Carnage+1","Clothesline","Headbutt","Reaper","Shrug It Off","Battle Trance","Metallicize","Combust","Offering","Barricade","Flame Barrier","Spot Weakness","Rupture","Metallicize","Flame Barrier","Flame Barrier","Exhume","Inflame","Madness","Madness"],"relics":["Burning Blood","Bronze Scales","Bag of Preparation","Smiling Mask","Fusion Hammer","Lantern","Blood Vial","Mercury Hourglass","Busted Crown"],"potions_floor_usage":[6,12,16,22,22,33,33,40,40],"damage_taken":[{"damage":13,"enemies":"2 Louse","floor":1,"turns":3},{"damage":18,"enemies":"Jaw Worm","floor":2,"turns":5},{"damage":0,"enemies":"Cultist","floor":4,"turns":3},{"damage":12,"enemies":"Gremlin Nob","floor":6,"turns":4},{"damage":12,"enemies":"Exordium Wildlife","floor":8,"turns":4},{"damage":32,"enemies":"3 Sentries","floor":10,"turns":7},{"damage":12,"enemies":"Gremlin Gang","floor":12,"turns":4},{"damage":3,"enemies":"Blue Slaver","floor":13,"turns":4},{"damage":23,"enemies":"Slime Boss","floor":16,"turns":6},{"damage":31,"enemies":"2 Thieves","floor":18,"turns":4},{"damage":6,"enemies":"3 Byrds","floor":21,"turns":3},{"damage":27,"enemies":"3 Cultists","floor":22,"turns":7},{"damage":13,"enemies":"Book of Stabbing","floor":24,"turns":5},{"damage":29,"enemies":"Chosen and Byrds","floor":29,"turns":5},{"damage":20,"enemies":"Shelled Parasite and Fungi","floor":30,"turns":5},{"damage":11,"enemies":"Centurion and Healer","floor":31,"turns":6},{"damage":98,"enemies":"Collector","floor":33,"turns":13},{"damage":17,"enemies":"Orb Walker","floor":35,"turns":3},{"damage":20,"enemies":"3 Darklings","floor":36,"turns":5},{"damage":72,"enemies":"Reptomancer","floor":40,"turns":3}],"seed_played":"-5596011024370228274","potions_obtained":[{"floor":1,"key":"EssenceOfSteel"},{"floor":10,"key":"Block Potion"},{"floor":12,"key":"EntropicBrew"},{"floor":13,"key":"FearPotion"},{"floor":18,"key":"SteroidPotion"},{"floor":35,"key":"FearPotion"},{"floor":36,"key":"SteroidPotion"}],"is_trial":false,"path_per_floor":["M","M","$","M","?","E","R","M","T","E","$","M","M","$","R","B",null,"M","$","?","M","M","R","E","$","T","R","$","M","M","M","R","B",null,"M","M","?","$","?","E"],"character_chosen":"IRONCLAD","items_purchased":["Carnage","Clothesline","Metallicize","Inflame"],"campfire_rested":3,"item_purchase_floors":[3,3,11,38],"current_hp_per_floor":[68,56,56,62,62,56,56,54,54,46,46,56,59,59,59,42,72,55,55,55,55,61,82,75,75,75,82,82,59,47,62,82,22,67,58,76,76,76,61,0],"gold":54,"neow_bonus":"TEN_PERCENT_HP_BONUS","is_prod":false,"is_daily":false,"chose_seed":false,"campfire_upgraded":2,"win_rate":0,"timestamp":1555610882,"path_taken":["M","M","$","M","?","E","R","M","T","E","$","M","M","$","R","BOSS","M","$","?","M","M","R","E","?","T","R","?","?","M","M","R","BOSS","M","M","?","$","?","E"],"build_version":"2019-01-23","purchased_purges":4,"victory":false,"max_hp_per_floor":[82,82,82,82,82,82,82,82,82,82,82,82,82,82,82,82,82,82,82,82,82,82,82,82,82,82,82,82,82,82,82,82,82,82,82,82,82,82,82,82],"card_choices":[{"not_picked":["Body Slam","Havoc"],"picked":"Shockwave","floor":1},{"not_picked":["Exhume","Iron Wave"],"picked":"Shrug It Off","floor":2},{"not_picked":["Burning Pact","True Grit"],"picked":"Headbutt","floor":4},{"not_picked":["Searing Blow","Battle Trance"],"picked":"Reaper","floor":6},{"not_picked":["Headbutt","Wild Strike"],"picked":"Shrug It Off","floor":8},{"not_picked":["Twin Strike","Carnage"],"picked":"Battle Trance","floor":10},{"not_picked":["Clash","Body Slam"],"picked":"Combust","floor":12},{"not_picked":["Power Through","Iron Wave"],"picked":"Offering","floor":13},{"not_picked":["Dark Embrace","Juggernaut"],"picked":"Barricade","floor":16},{"not_picked":["True Grit","Searing Blow+1"],"picked":"Flame Barrier","floor":18},{"not_picked":["Pommel Strike","Uppercut"],"picked":"Spot Weakness","floor":21},{"not_picked":["Sword Boomerang","Iron Wave+1"],"picked":"Rupture","floor":22},{"not_picked":["Rampage","Twin Strike","Warcry"],"picked":"SKIP","floor":24},{"not_picked":["Twin Strike","Body Slam"],"picked":"Metallicize","floor":29},{"not_picked":["Wild Strike","Twin Strike+1"],"picked":"Flame Barrier","floor":30},{"not_picked":["Headbutt","Blood for Blood"],"picked":"Flame Barrier","floor":31},{"not_picked":["Demon Form","Feed"],"picked":"Exhume","floor":33},{"not_picked":["Perfected Strike"],"picked":"SKIP","floor":35},{"not_picked":["True Grit"],"picked":"SKIP","floor":36}],"player_experience":458254,"relics_obtained":[{"floor":6,"key":"Bronze Scales"},{"floor":9,"key":"Bag of Preparation"},{"floor":10,"key":"Smiling Mask"},{"floor":24,"key":"Blood Vial"},{"floor":26,"key":"Mercury Hourglass"}],"event_choices":[{"damage_healed":0,"gold_gain":0,"player_choice":"Ignored","damage_taken":0,"max_hp_gain":0,"max_hp_loss":0,"event_name":"Liars Game","floor":5,"gold_loss":0},{"damage_healed":0,"gold_gain":0,"player_choice":"Paid Gold","damage_taken":0,"relics_obtained":["Lantern"],"max_hp_gain":0,"max_hp_loss":0,"event_name":"WeMeetAgain","floor":20,"gold_loss":51},{"cards_removed":["Defend_R"],"damage_healed":0,"gold_gain":0,"player_choice":"Removed Skill","damage_taken":0,"max_hp_gain":0,"max_hp_loss":0,"event_name":"Falling","floor":37,"gold_loss":0},{"damage_healed":0,"gold_gain":0,"player_choice":"Embrace Madness","damage_taken":15,"max_hp_gain":0,"max_hp_loss":0,"event_name":"Winding Halls","floor":39,"gold_loss":0,"cards_obtained":["Madness","Madness"]}],"is_beta":false,"boss_relics":[{"not_picked":["Coffee Dripper","Black Star"],"picked":"Fusion Hammer"},{"not_picked":["White Beast Statue","Runic Pyramid"],"picked":"Busted Crown"}],"items_purged_floors":[11,14,19,38],"is_endless":false,"potions_floor_spawned":[1,10,12,13,18,24,29,35,36],"killed_by":"Reptomancer","ascension_level":16}