{"gold_per_floor":[109,10,21,21,39,65,65,100,100,126,139,150,164,12,12,112,112,126,49,64,64,84,109,127,127,151,163,163,173,184,200,200,295,295,312,326,10,110,123,123,156,156,180,211,211,230,250,269,269,269],"floor_reached":51,"playtime":4836,"items_purged":["Normality"],"score":793,"play_id":"58c4dfaa-fcb8-40c5-84b7-ecff26d8d7b1","local_time":"20190504182721","is_ascension_mode":true,"campfire_choices":[{"data":"Fusion","floor":7,"key":"SMITH"},{"floor":15,"key":"REST"},{"floor":25,"key":"REST"},{"floor":32,"key":"REST"},{"floor":40,"key":"REST"},{"floor":42,"key":"REST"},{"floor":49,"key":"REST"}],"neow_cost":"CURSE","seed_source_timestamp":0,"circlet_count":0,"master_deck":["Zap","Dualcast+1","Gash","Reinforced Body+1","Glacier","Fusion+1","Darkness","Cold Snap","Go for the Eyes","Go for the Eyes","Coolheaded+1","Redo+1","Ball Lightning","Echo Form","Defragment","FTL","Gash","Consume+1","Redo+1","Gash","Defragment+1","Creative AI","Storm","Ball Lightning","Tempest+1","Recycle+1","Echo Form","Redo+1","Biased Cognition","Recycle+1","Turbo+1","White Noise+1","White Noise+1"],"special_seed":0,"relics":["Cracked Core","Ornamental Fan","Bag of Preparation","Mummified Hand","Toxic Egg 2","Inserter","Unceasing Top","PreservedInsect","Shovel","Pandora\u0027s Box","FossilizedHelix","War Paint","Regal Pillow","Orichalcum"],"potions_floor_usage":[6,12,27,33,41,50],"damage_taken":[{"damage":11,"enemies":"2 Louse","floor":1,"turns":3},{"damage":1,"enemies":"Jaw Worm","floor":3,"turns":3},{"damage":0,"enemies":"Cultist","floor":5,"turns":3},{"damage":8,"enemies":"3 Sentries","floor":6,"turns":12},{"damage":23,"enemies":"Lagavulin","floor":8,"turns":9},{"damage":7,"enemies":"3 Sentries","floor":10,"turns":8},{"damage":4,"enemies":"2 Fungi Beasts","floor":11,"turns":4},{"damage":11,"enemies":"Lots of Slimes","floor":12,"turns":6},{"damage":0,"enemies":"Large Slime","floor":13,"turns":5},{"damage":14,"enemies":"The Guardian","floor":16,"turns":15},{"damage":6,"enemies":"Shell Parasite","floor":18,"turns":7},{"damage":0,"enemies":"3 Byrds","floor":20,"turns":6},{"damage":12,"enemies":"Snake Plant","floor":22,"turns":6},{"damage":51,"enemies":"Gremlin Leader","floor":23,"turns":8},{"damage":15,"enemies":"Chosen and Byrds","floor":24,"turns":10},{"damage":11,"enemies":"Cultist and Chosen","floor":27,"turns":9},{"damage":10,"enemies":"Snecko","floor":29,"turns":6},{"damage":0,"enemies":"Centurion and Healer","floor":30,"turns":7},{"damage":21,"enemies":"Snake Plant","floor":31,"turns":4},{"damage":0,"enemies":"Champ","floor":33,"turns":10},{"damage":17,"enemies":"3 Darklings","floor":35,"turns":4},{"damage":31,"enemies":"Orb Walker","floor":36,"turns":4},{"damage":34,"enemies":"3 Darklings","floor":39,"turns":5},{"damage":9,"enemies":"Reptomancer","floor":41,"turns":6},{"damage":12,"enemies":"Nemesis","floor":44,"turns":3},{"damage":0,"enemies":"Sphere and 2 Shapes","floor":46,"turns":4},{"damage":9,"enemies":"4 Shapes","floor":47,"turns":3},{"damage":11,"enemies":"Writhing Mass","floor":48,"turns":5},{"damage":22,"enemies":"Time Eater","floor":50,"turns":7}],"seed_played":"8185658920745834070","potions_obtained":[{"floor":5,"key":"SkillPotion"},{"floor":6,"key":"Dexterity Potion"},{"floor":8,"key":"Dexterity Potion"},{"floor":13,"key":"FearPotion"},{"floor":16,"key":"SteroidPotion"},{"floor":24,"key":"Regen Potion"},{"floor":31,"key":"Poison Potion"},{"floor":36,"key":"Weak Potion"},{"floor":44,"key":"Fire Potion"},{"floor":47,"key":"FearPotion"},{"floor":48,"key":"Block Potion"}],"is_trial":false,"path_per_floor":["M","$","M","?","M","E","R","E","T","E","M","M","M","$","R","B",null,"M","$","M","?","M","E","M","R","T","M","?","M","M","M","R","B",null,"M","M","$","?","M","R","E","R","T","E","?","M","M","M","R","B",null],"character_chosen":"DEFECT","items_purchased":["Gash","Coolheaded+1","Redo+1","Ball Lightning","FTL","Turbo+1","FossilizedHelix"],"campfire_rested":6,"item_purchase_floors":[2,14,14,14,19,37,37],"current_hp_per_floor":[78,78,77,77,77,69,69,46,46,39,35,24,24,24,50,36,89,83,83,83,83,71,20,5,31,31,35,35,25,25,4,30,30,89,72,41,41,41,7,33,24,50,50,38,38,38,29,18,58,36],"gold":269,"neow_bonus":"TWENTY_PERCENT_HP_BONUS","is_prod":false,"is_daily":false,"chose_seed":false,"campfire_upgraded":1,"win_rate":0,"timestamp":1556990841,"path_taken":["M","$","M","?","M","E","R","E","T","E","M","M","M","$","R","BOSS","M","$","M","?","M","E","M","R","T","M","?","M","?","M","R","BOSS","M","M","$","?","?","R","E","R","T","E","?","M","M","M","R","BOSS"],"build_version":"2019-01-23","purchased_purges":1,"victory":true,"max_hp_per_floor":[89,89,89,89,89,89,89,89,89,89,89,89,89,89,89,89,89,89,89,89,89,89,89,89,89,89,89,89,89,89,89,89,89,89,89,89,89,89,89,89,89,89,89,89,85,85,85,85,85,85],"card_choices":[{"not_picked":["Turbo","Barrage","Rebound"],"picked":"SKIP","floor":1},{"not_picked":["Lockon","Turbo"],"picked":"Reinforced Body","floor":3},{"not_picked":["Consume","Turbo"],"picked":"Glacier","floor":5},{"not_picked":["Compile Driver","Auto Shields"],"picked":"Fusion","floor":6},{"not_picked":["Capacitor","Beam Cell"],"picked":"Darkness","floor":8},{"not_picked":["FTL","Reboot"],"picked":"Cold Snap","floor":10},{"not_picked":["Beam Cell","Melter"],"picked":"Go for the Eyes","floor":11},{"not_picked":["Stack+1","Heatsinks"],"picked":"Go for the Eyes","floor":12},{"not_picked":["Blizzard","Aggregate+1","Sunder"],"picked":"SKIP","floor":13},{"not_picked":["Multi-Cast+1","Fission+1"],"picked":"Echo Form","floor":16},{"not_picked":["Gash","Ball Lightning"],"picked":"Defragment","floor":18},{"not_picked":["Compile Driver","Redo+1"],"picked":"Gash","floor":20},{"not_picked":["Reinforced Body+1","Leap+1","Streamline"],"picked":"SKIP","floor":22},{"not_picked":["Storm","Steam+1"],"picked":"Consume+1","floor":23},{"not_picked":["Barrage+1","Go for the Eyes"],"picked":"Redo+1","floor":24},{"not_picked":["Multi-Cast+1","Turbo+1"],"picked":"Gash","floor":27},{"not_picked":["Coolheaded+1","Streamline","Reprogram+1"],"picked":"SKIP","floor":29},{"not_picked":["Aggregate+1","Cold Snap+1","Turbo+1"],"picked":"SKIP","floor":30},{"not_picked":["Chill+1","Conserve Battery+1"],"picked":"Defragment+1","floor":31},{"not_picked":["Electrodynamics","Thunder Strike"],"picked":"Creative AI","floor":33},{"not_picked":["Steam Power+1","Barrage","Rebound+1"],"picked":"SKIP","floor":35},{"not_picked":["Sweeping Beam+1","Barrage","Go for the Eyes"],"picked":"SKIP","floor":36},{"not_picked":["Undo+1","Storm","Compile Driver"],"picked":"SKIP","floor":39},{"not_picked":["Skim+1","Compile Driver+1"],"picked":"White Noise+1","floor":41},{"not_picked":["Storm+1","Ball Lightning+1"],"picked":"White Noise+1","floor":44},{"not_picked":["Steam Power+1","Turbo+1","Meteor Strike"],"picked":"SKIP","floor":46},{"not_picked":["Streamline+1","Heatsinks","Barrage"],"picked":"SKIP","floor":47},{"not_picked":["Go for the Eyes+1","Beam Cell+1","Turbo+1"],"picked":"SKIP","floor":48}],"player_experience":1907271,"relics_obtained":[{"floor":6,"key":"Ornamental Fan"},{"floor":8,"key":"Bag of Preparation"},{"floor":9,"key":"Mummified Hand"},{"floor":10,"key":"Toxic Egg 2"},{"floor":23,"key":"Unceasing Top"},{"floor":26,"key":"PreservedInsect"},{"floor":41,"key":"War Paint"},{"floor":43,"key":"Regal Pillow"},{"floor":44,"key":"Orichalcum"}],"event_choices":[{"damage_healed":0,"gold_gain":0,"player_choice":"Leave","damage_taken":0,"max_hp_gain":0,"max_hp_loss":0,"event_name":"The Cleric","floor":4,"gold_loss":0},{"damage_healed":0,"gold_gain":0,"player_choice":"Gave Potion","damage_taken":0,"relics_obtained":["Shovel"],"max_hp_gain":0,"max_hp_loss":0,"event_name":"WeMeetAgain","floor":28,"gold_loss":0},{"damage_healed":0,"gold_gain":100,"player_choice":"Pray","damage_taken":0,"max_hp_gain":0,"max_hp_loss":0,"event_name":"Golden Shrine","floor":38,"gold_loss":0},{"damage_healed":0,"gold_gain":0,"player_choice":"Max HP","damage_taken":0,"max_hp_gain":0,"max_hp_loss":4,"event_name":"Winding Halls","floor":45,"gold_loss":0}],"is_beta":false,"boss_relics":[{"not_picked":["Tiny House","Velvet Choker"],"picked":"Inserter"},{"not_picked":["Runic Dome","Coffee Dripper"],"picked":"Pandora\u0027s Box"}],"items_purged_floors":[2],"is_endless":false,"potions_floor_spawned":[5,6,8,13,16,18,22,24,31,36,44,47,48],"ascension_level":1}