{"gold_per_floor":[110,110,185,59,77,77,415,415,438,438,14,35,22,43,43,173,173,196,216,216],"floor_reached":20,"playtime":1238,"items_purged":["Injury","Defend_R"],"score":189,"play_id":"02556de0-0b22-42e3-be3d-9b3887743a28","local_time":"20190318143535","is_ascension_mode":true,"campfire_choices":[{"data":"Shrug It Off","floor":6,"key":"SMITH"},{"data":"Entrench","floor":10,"key":"SMITH"},{"data":"Armaments","floor":15,"key":"SMITH"}],"neow_cost":"TEN_PERCENT_HP_LOSS","seed_source_timestamp":406533264263156,"circlet_count":0,"master_deck":["Strike_R","Strike_R","Defend_R","Defend_R","Bash","Body Slam","Impervious","Entrench+1","Headbutt","Shrug It Off+1","Inflame","Metallicize","Armaments+1","Headbutt","Demon Form","Injury","Uppercut+1","Twin Strike+1","Metallicize","Clothesline"],"relics":["Burning Blood","Golden Idol","Old Coin","PreservedInsect","Lantern","Membership Card","Bottled Tornado","Astrolabe"],"potions_floor_usage":[7,7,20],"damage_taken":[{"damage":9,"enemies":"2 Louse","floor":1,"turns":5},{"damage":0,"enemies":"Small Slimes","floor":5,"turns":3},{"damage":26,"enemies":"3 Sentries","floor":7,"turns":17},{"damage":3,"enemies":"Cultist","floor":12,"turns":4},{"damage":2,"enemies":"Lots of Slimes","floor":14,"turns":5},{"damage":44,"enemies":"The Guardian","floor":16,"turns":15},{"damage":19,"enemies":"Spheric Guardian","floor":18,"turns":6},{"damage":19,"enemies":"Shell Parasite","floor":19,"turns":9},{"damage":47,"enemies":"3 Cultists","floor":20,"turns":5}],"seed_played":"146525393290665936","potions_obtained":[{"floor":1,"key":"Explosive Potion"},{"floor":5,"key":"Swift Potion"},{"floor":19,"key":"Strength Potion"}],"is_trial":false,"path_per_floor":["M","?","?","$","M","R","E","?","T","R","$","M","$","M","R","B",null,"M","M","M"],"character_chosen":"IRONCLAD","items_purchased":["Headbutt","Membership Card","Bottled Tornado","Metallicize","Armaments"],"campfire_rested":0,"item_purchase_floors":[4,11,11,11,13],"current_hp_per_floor":[69,69,58,58,64,64,44,44,44,44,44,47,47,51,51,13,72,59,46,0],"gold":216,"neow_bonus":"TRANSFORM_TWO_CARDS","is_prod":false,"is_daily":false,"chose_seed":false,"campfire_upgraded":3,"win_rate":0,"timestamp":1552941335,"path_taken":["M","?","?","$","M","R","E","?","T","R","?","M","$","?","R","BOSS","M","M","?"],"build_version":"2019-01-23","purchased_purges":2,"victory":false,"max_hp_per_floor":[72,72,72,72,72,72,72,72,72,72,72,72,72,72,72,72,72,72,72,72],"card_choices":[{"not_picked":["Disarm","Armaments"],"picked":"Entrench","floor":1},{"not_picked":["Body Slam","Warcry"],"picked":"Shrug It Off","floor":5},{"not_picked":["Anger","Double Tap"],"picked":"Inflame","floor":7},{"not_picked":["Infernal Blade","Hemokinesis","Combust"],"picked":"SKIP","floor":12},{"not_picked":["Twin Strike","Seeing Red"],"picked":"Headbutt","floor":14},{"not_picked":["Feed","Brutality"],"picked":"Demon Form","floor":16},{"not_picked":["Headbutt","Bloodletting"],"picked":"Metallicize","floor":18},{"not_picked":["Seeing Red","Iron Wave"],"picked":"Clothesline","floor":19}],"player_experience":256914,"relics_obtained":[{"floor":7,"key":"Old Coin"},{"floor":9,"key":"Lantern"}],"event_choices":[{"damage_healed":0,"gold_gain":0,"player_choice":"Take Wound","damage_taken":0,"relics_obtained":["Golden Idol"],"max_hp_gain":0,"max_hp_loss":0,"event_name":"Golden Idol","floor":2,"gold_loss":0,"cards_obtained":["Injury"]},{"damage_healed":0,"gold_gain":75,"player_choice":"Gather Gold","damage_taken":11,"max_hp_gain":0,"max_hp_loss":0,"event_name":"World of Goop","floor":3,"gold_loss":0},{"damage_healed":0,"gold_gain":0,"player_choice":"Box","damage_taken":0,"relics_obtained":["PreservedInsect"],"max_hp_gain":0,"max_hp_loss":0,"event_name":"Big Fish","floor":8,"gold_loss":0,"cards_obtained":["Regret"]}],"is_beta":false,"boss_relics":[{"not_picked":["Tiny House","Coffee Dripper"],"picked":"Astrolabe"}],"items_purged_floors":[4,11],"is_endless":false,"potions_floor_spawned":[1,5,19],"killed_by":"3 Cultists","ascension_level":2}