{"gold_per_floor":[114,114,114,138,138,138,169,169,169,213,237,272,292,326,326,446,446,462,462],"floor_reached":19,"playtime":832,"items_purged":[],"score":308,"play_id":"bf9d5627-73b3-4c1a-8194-272bef01533c","local_time":"20190404194232","is_ascension_mode":true,"campfire_choices":[{"data":"Bash","floor":6,"key":"SMITH"},{"data":"Shockwave","floor":8,"key":"SMITH"},{"data":"Inflame","floor":15,"key":"SMITH"}],"neow_cost":"NONE","seed_source_timestamp":435203619339362,"circlet_count":0,"master_deck":["Strike_R","Defend_R","Defend_R","Defend_R","Defend_R","Bash+1","Shockwave+1","Iron Wave","Iron Wave","Inflame+1","Battle Trance","Feed","Brutality+1","Disarm+1","Dark Embrace+1","Corruption"],"relics":["Burning Blood","NeowsBlessing","Golden Idol","StoneCalendar","Pantograph","Meat on the Bone","Paper Frog","Happy Flower","Astrolabe"],"potions_floor_usage":[10,16],"damage_taken":[{"damage":0,"enemies":"Cultist","floor":1,"turns":1},{"damage":0,"enemies":"2 Louse","floor":4,"turns":2},{"damage":0,"enemies":"Gremlin Nob","floor":7,"turns":1},{"damage":46,"enemies":"3 Sentries","floor":10,"turns":7},{"damage":7,"enemies":"Small Slimes","floor":11,"turns":4},{"damage":5,"enemies":"Lagavulin","floor":12,"turns":7},{"damage":13,"enemies":"3 Louse","floor":13,"turns":6},{"damage":30,"enemies":"3 Sentries","floor":14,"turns":7},{"damage":19,"enemies":"Hexaghost","floor":16,"turns":7},{"damage":34,"enemies":"2 Thieves","floor":18,"turns":5},{"damage":29,"enemies":"Colosseum Slavers","floor":19,"turns":7},{"damage":45,"enemies":"Colosseum Nobs","floor":19,"turns":5}],"seed_played":"-8617409515396469976","potions_obtained":[{"floor":1,"key":"SkillPotion"},{"floor":11,"key":"LiquidBronze"}],"is_trial":false,"path_per_floor":["M","?","?","M","?","R","E","R","T","E","M","E","M","E","R","B",null,"M","?"],"character_chosen":"IRONCLAD","items_purchased":[],"campfire_rested":0,"item_purchase_floors":[],"current_hp_per_floor":[78,83,62,68,61,61,67,67,67,27,38,51,56,44,44,56,78,53,0],"gold":462,"neow_bonus":"THREE_ENEMY_KILL","is_prod":false,"is_daily":false,"chose_seed":false,"campfire_upgraded":3,"win_rate":0,"timestamp":1554432152,"path_taken":["M","?","?","M","?","R","E","R","T","E","M","E","M","E","R","BOSS","M","?"],"build_version":"2019-01-23","purchased_purges":0,"victory":false,"max_hp_per_floor":[80,85,85,85,85,85,85,85,85,85,85,85,85,85,85,85,85,88,91],"card_choices":[{"not_picked":["Power Through","Twin Strike"],"picked":"Shockwave","floor":1},{"not_picked":["Body Slam","Ghostly Armor"],"picked":"Iron Wave","floor":4},{"not_picked":["Clothesline","Sword Boomerang"],"picked":"Iron Wave","floor":7},{"not_picked":["Clash","Headbutt"],"picked":"Inflame","floor":10},{"not_picked":["Clothesline","Whirlwind","Sword Boomerang"],"picked":"SKIP","floor":11},{"not_picked":["Clothesline","Burning Pact","Sword Boomerang"],"picked":"SKIP","floor":12},{"not_picked":["Cleave","Sentinel"],"picked":"Battle Trance","floor":13},{"not_picked":["Wild Strike","Perfected Strike","Whirlwind"],"picked":"SKIP","floor":14},{"not_picked":["Limit Break","Impervious"],"picked":"Feed","floor":16},{"not_picked":["Pummel","Sever Soul+1"],"picked":"Corruption","floor":18}],"player_experience":164621,"relics_obtained":[{"floor":7,"key":"StoneCalendar"},{"floor":9,"key":"Pantograph"},{"floor":10,"key":"Meat on the Bone"},{"floor":12,"key":"Paper Frog"},{"floor":14,"key":"Happy Flower"}],"event_choices":[{"damage_healed":0,"gold_gain":0,"player_choice":"Donut","damage_taken":0,"max_hp_gain":5,"max_hp_loss":0,"event_name":"Big Fish","floor":2,"gold_loss":0},{"damage_healed":0,"gold_gain":0,"player_choice":"Take Damage","damage_taken":21,"relics_obtained":["Golden Idol"],"max_hp_gain":0,"max_hp_loss":0,"event_name":"Golden Idol","floor":3,"gold_loss":0},{"cards_removed":["Strike_R"],"damage_healed":0,"gold_gain":0,"player_choice":"Card Removal","damage_taken":7,"max_hp_gain":0,"max_hp_loss":0,"event_name":"Golden Wing","floor":5,"gold_loss":0},{"damage_healed":0,"gold_gain":0,"player_choice":"Fight","damage_taken":0,"max_hp_gain":0,"max_hp_loss":0,"event_name":"Colosseum","floor":19,"gold_loss":0},{"damage_healed":0,"gold_gain":0,"player_choice":"Fought Nobs","damage_taken":0,"max_hp_gain":0,"max_hp_loss":0,"event_name":"Colosseum","floor":19,"gold_loss":0}],"is_beta":false,"boss_relics":[{"not_picked":["Lizard Tail","Runic Cube"],"picked":"Astrolabe"}],"items_purged_floors":[],"is_endless":false,"potions_floor_spawned":[1,11],"killed_by":"Colosseum Nobs","ascension_level":8}