{"gold_per_floor":[117,134,148,148,223,223,241,241,241,253,253,253,253,265,265,265],"floor_reached":16,"playtime":3997,"items_purged":[],"score":92,"play_id":"ba290fa4-422b-448e-a745-b85c9d6927f6","local_time":"20181206155830","is_ascension_mode":false,"campfire_choices":[{"data":"Body Slam","floor":6.0,"key":"SMITH"},{"data":"Feed","floor":11,"key":"SMITH"},{"floor":15,"key":"REST"}],"neow_cost":"NONE","seed_source_timestamp":0,"circlet_count":0,"master_deck":["Strike_R","Strike_R","Strike_R","Strike_R","Defend_R","Defend_R","Defend_R","Defend_R","Bash+1","Body Slam+1","Battle Trance","Feed+1"],"special_seed":0,"relics":["Burning Blood","Boot"],"potions_floor_usage":[],"damage_taken":[{"damage":5.0,"enemies":"Small Slimes","floor":1.0,"turns":4.0},{"damage":12.0,"enemies":"2 Louse","floor":2.0,"turns":3.0},{"damage":9.0,"enemies":"Jaw Worm","floor":3.0,"turns":4.0},{"damage":9.0,"enemies":"Blue Slaver","floor":7.0,"turns":4.0},{"damage":0.0,"enemies":"Red Slaver","floor":10.0,"turns":3.0},{"damage":0,"enemies":"Exordium Wildlife","floor":14,"turns":2},{"damage":86,"enemies":"Hexaghost","floor":16,"turns":9}],"seed_played":"-81352699013164193","potions_obtained":[{"floor":7.0,"key":"FearPotion"}],"is_trial":false,"path_per_floor":["M","M","M","$","?","R","M","?","T","M","R","?","?","M","R","B"],"character_chosen":"IRONCLAD","items_purchased":[],"campfire_rested":1,"item_purchase_floors":[],"current_hp_per_floor":[80,74,71,71,60,60,57,57,57,63,63,63,56,66,84,0],"gold":265,"neow_bonus":"UPGRADE_CARD","is_prod":false,"is_daily":false,"chose_seed":false,"campfire_upgraded":2,"win_rate":0,"timestamp":1544108310,"path_taken":["M","M","M","$","?","R","M","?","T","M","R","?","?","M","R","BOSS"],"build_version":"2018-11-15","purchased_purges":0,"victory":false,"max_hp_per_floor":[80,80,80,80,80,80,80,80,80,80,80,80,80,84,84,84],"card_choices":[{"not_picked":["Anger","Wild Strike","Headbutt"],"picked":"SKIP","floor":1.0},{"not_picked":["Warcry","Heavy Blade"],"picked":"Body Slam","floor":2.0},{"not_picked":["Iron Wave","Flex","Evolve"],"picked":"SKIP","floor":3.0},{"not_picked":["Body Slam","Rage"],"picked":"Battle Trance","floor":7.0},{"not_picked":["True Grit","Dual Wield"],"picked":"Feed","floor":10.0},{"not_picked":["Clash","Iron Wave","Headbutt"],"picked":"SKIP","floor":14}],"player_experience":354051,"relics_obtained":[],"event_choices":[{"damage_healed":0.0,"max_hp_gain":0.0,"max_hp_loss":0.0,"gold_gain":75.0,"event_name":"World of Goop","player_choice":"Gather Gold","floor":5.0,"gold_loss":0.0,"damage_taken":11.0},{"cards_removed":["Strike_R"],"damage_healed":0.0,"max_hp_gain":0.0,"max_hp_loss":0.0,"gold_gain":0.0,"event_name":"Living Wall","player_choice":"Forget","floor":8.0,"gold_loss":0.0,"damage_taken":0.0},{"damage_healed":0,"gold_gain":0,"player_choice":"Ignored","damage_taken":0,"max_hp_gain":0,"max_hp_loss":0,"event_name":"Shining Light","floor":12,"gold_loss":0},{"damage_healed":0,"gold_gain":0,"player_choice":"Success","damage_taken":7,"relics_obtained":["Boot"],"max_hp_gain":0,"max_hp_loss":0,"event_name":"Scrap Ooze","floor":13,"gold_loss":0}],"is_beta":false,"boss_relics":[],"items_purged_floors":[],"is_endless":false,"potions_floor_spawned":[7],"killed_by":"Hexaghost","ascension_level":0}