{"gold_per_floor":[114,127,127,202,27,27,47,68,141,141,153,170,205,205,205,205],"floor_reached":16,"playtime":1284,"items_purged":[],"score":140,"play_id":"6a311bae-2b47-4e0e-86c1-88c99d43d764","local_time":"20190408214158","is_ascension_mode":true,"campfire_choices":[{"floor":6,"key":"REST"},{"data":"Neutralize","floor":10,"key":"SMITH"},{"floor":15,"key":"REST"}],"neow_cost":"PERCENT_DAMAGE","seed_source_timestamp":332080027695226,"circlet_count":0,"master_deck":["Defend_G","Defend_G","Defend_G","Defend_G","Defend_G","Strike_G","Strike_G","Strike_G","Strike_G","Survivor","Neutralize+1","Infinite Blades","Bouncing Flask","Accuracy","Dodge and Roll","Acrobatics","Dagger Spray","Dagger Throw","Deflect","Blade Dance"],"relics":["Ring of the Snake","Tough Bandages","Regal Pillow","Odd Mushroom","Dodecahedron","Smiling Mask"],"potions_floor_usage":[8,13,16],"damage_taken":[{"damage":0,"enemies":"2 Louse","floor":1,"turns":3},{"damage":2,"enemies":"Jaw Worm","floor":2,"turns":5},{"damage":4,"enemies":"Small Slimes","floor":7,"turns":6},{"damage":18,"enemies":"The Mushroom Lair","floor":8,"turns":5},{"damage":4,"enemies":"2 Fungi Beasts","floor":11,"turns":4},{"damage":19,"enemies":"Exordium Wildlife","floor":12,"turns":7},{"damage":22,"enemies":"Gremlin Nob","floor":13,"turns":5},{"damage":40,"enemies":"Hexaghost","floor":16,"turns":9}],"seed_played":"4694655808484164434","potions_obtained":[{"floor":7,"key":"Explosive Potion"},{"floor":12,"key":"Fire Potion"},{"floor":13,"key":"AttackPotion"}],"is_trial":false,"path_per_floor":["?","?","?","?"],"character_chosen":"THE_SILENT","items_purchased":["Regal Pillow","Dodge and Roll"],"campfire_rested":2,"item_purchase_floors":[5,5],"current_hp_per_floor":[45,43,43,32,32,68,64,46,46,46,42,23,1,1,37,0],"gold":205,"neow_bonus":"ONE_RARE_RELIC","is_prod":false,"is_daily":false,"chose_seed":false,"campfire_upgraded":1,"win_rate":0,"timestamp":1554781318,"path_taken":["M","M","?","?","$","R","M","?","T","R","M","M","E","?","R","BOSS"],"build_version":"2019-01-23","purchased_purges":0,"victory":false,"max_hp_per_floor":[70,70,70,70,70,70,70,70,70,70,70,70,70,70,70,70],"card_choices":[{"not_picked":["Flying Knee","Quick Slash"],"picked":"Infinite Blades","floor":1},{"not_picked":["Dash","Bane"],"picked":"Bouncing Flask","floor":2},{"not_picked":["Glass Knife","Setup"],"picked":"Acrobatics","floor":7},{"not_picked":["Underhanded Strike","Slice"],"picked":"Dagger Spray","floor":8},{"not_picked":["Eviscerate","Quick Slash"],"picked":"Dagger Throw","floor":11},{"not_picked":["Reflex","Accuracy"],"picked":"Deflect","floor":12},{"not_picked":["Deflect","Escape Plan"],"picked":"Blade Dance","floor":13}],"player_experience":554498,"relics_obtained":[{"floor":8,"key":"Odd Mushroom"},{"floor":9,"key":"Dodecahedron"},{"floor":13,"key":"Smiling Mask"}],"event_choices":[{"damage_healed":0,"gold_gain":0,"cards_transformed":["Strike_G"],"player_choice":"Change","damage_taken":0,"max_hp_gain":0,"max_hp_loss":0,"event_name":"Living Wall","floor":3,"gold_loss":0,"cards_obtained":["Accuracy"]},{"damage_healed":0,"gold_gain":75,"player_choice":"Gather Gold","damage_taken":11,"max_hp_gain":0,"max_hp_loss":0,"event_name":"World of Goop","floor":4,"gold_loss":0},{"damage_healed":0,"gold_gain":0,"player_choice":"Fought Mushrooms","damage_taken":0,"max_hp_gain":0,"max_hp_loss":0,"event_name":"Mushrooms","floor":8,"gold_loss":0},{"damage_healed":0,"gold_gain":0,"player_choice":"Ignored","damage_taken":0,"max_hp_gain":0,"max_hp_loss":0,"event_name":"Golden Wing","floor":14,"gold_loss":0}],"is_beta":false,"boss_relics":[],"items_purged_floors":[],"is_endless":false,"potions_floor_spawned":[7,12,13],"killed_by":"Hexaghost","ascension_level":8}