{"gold_per_floor":[109,120,137,157,257,283,283,299,299,313,313,13,13],"floor_reached":13,"playtime":20602,"items_purged":[],"score":100,"play_id":"49113793-28e3-4783-a7d8-cee35dff273c","local_time":"20190411083320","is_ascension_mode":true,"campfire_choices":[{"data":"Juggernaut","floor":7,"key":"SMITH"},{"floor":11,"key":"REST"}],"neow_cost":"CURSE","seed_source_timestamp":70001732990499,"circlet_count":0,"master_deck":["Strike_R","Strike_R","Strike_R","Strike_R","Strike_R","Defend_R","Defend_R","Defend_R","Defend_R","Bash","Decay","Juggernaut+1","Pommel Strike","Cleave","Disarm","Thunderclap","Body Slam"],"relics":["Burning Blood","Mango","Mummified Hand","Turnip"],"potions_floor_usage":[6],"damage_taken":[{"damage":10,"enemies":"2 Louse","floor":1,"turns":3},{"damage":3,"enemies":"Cultist","floor":2,"turns":4},{"damage":13,"enemies":"Small Slimes","floor":3,"turns":4},{"damage":31,"enemies":"Exordium Thugs","floor":4,"turns":5},{"damage":42,"enemies":"3 Sentries","floor":6,"turns":8},{"damage":8,"enemies":"Large Slime","floor":8,"turns":6},{"damage":16,"enemies":"Blue Slaver","floor":10,"turns":4},{"damage":28,"enemies":"Lagavulin","floor":13,"turns":7}],"seed_played":"-2087602578395875790","potions_obtained":[{"floor":1,"key":"GamblersBrew"},{"floor":4,"key":"Ancient Potion"}],"is_trial":false,"path_per_floor":["M","M","M","M","?","E","R","M","T","M","R","$","E"],"character_chosen":"IRONCLAD","items_purchased":["Turnip"],"campfire_rested":1,"item_purchase_floors":[12],"current_hp_per_floor":[76,79,72,47,47,25,25,23,23,13,41,41,13],"gold":13,"neow_bonus":"THREE_RARE_CARDS","is_prod":false,"is_daily":false,"chose_seed":false,"campfire_upgraded":1,"win_rate":0,"timestamp":1554964400,"path_taken":["M","M","M","M","?","E","R","M","T","M","R","$","E"],"build_version":"2019-01-23","purchased_purges":0,"victory":false,"max_hp_per_floor":[80,80,80,80,80,94,94,94,94,94,94,94,94],"card_choices":[{"not_picked":["Immolate","Dark Embrace"],"picked":"Juggernaut","floor":0},{"not_picked":["Bloodletting","Cleave"],"picked":"Pommel Strike","floor":1},{"not_picked":["Shockwave","Clothesline"],"picked":"Cleave","floor":2},{"not_picked":["Pummel","Dropkick"],"picked":"Disarm","floor":3},{"not_picked":["Shockwave","Dropkick","Whirlwind"],"picked":"SKIP","floor":4},{"not_picked":["Wild Strike","Rampage"],"picked":"Thunderclap","floor":6},{"not_picked":["Inflame","Reckless Charge"],"picked":"Body Slam","floor":8},{"not_picked":["Wild Strike","Exhume","Corruption"],"picked":"SKIP","floor":10}],"player_experience":356349,"relics_obtained":[{"floor":6,"key":"Mango"},{"floor":9,"key":"Mummified Hand"}],"event_choices":[{"damage_healed":0,"gold_gain":100,"player_choice":"Pray","damage_taken":0,"max_hp_gain":0,"max_hp_loss":0,"event_name":"Golden Shrine","floor":5,"gold_loss":0}],"is_beta":false,"boss_relics":[],"items_purged_floors":[],"is_endless":false,"potions_floor_spawned":[1,4],"killed_by":"Lagavulin","ascension_level":3}