{"gold_per_floor":[112,112,62,237,252,252,267,112,184,147,147,175,8,8,8,103,103,122,122,122,140,140,140,15,42,110,124,136,136,151,165,165,165],"floor_reached":33,"playtime":1522,"items_purged":["Doubt","Defend_R","Writhe"],"score":341,"play_id":"39aff53c-f1a8-4d34-90f7-bf5e2e5bbb99","local_time":"20190405190904","is_ascension_mode":true,"campfire_choices":[{"data":"Flame Barrier","floor":6,"key":"SMITH"},{"data":"Flame Barrier","floor":11,"key":"SMITH"},{"data":"Flame Barrier","floor":15,"key":"SMITH"},{"data":"RitualDagger","floor":23,"key":"SMITH"},{"data":"Rage","floor":29,"key":"SMITH"},{"data":"Burning Pact","floor":32,"key":"SMITH"}],"neow_cost":"NONE","seed_source_timestamp":33664256635769,"circlet_count":0,"master_deck":["Strike_R","Strike_R","Defend_R+1","Defend_R","Defend_R","Bash","Bludgeon+1","Armaments","Flame Barrier+1","Spot Weakness","Flame Barrier+1","Flame Barrier+1","Reaper","Headbutt","Rampage+1","RitualDagger+1","Rage+1","Sentinel+1","Flame Barrier","Burning Pact+1"],"relics":["Burning Blood","Singing Bowl","Question Card","Sozu","Champion Belt","Paper Frog","Frozen Egg 2"],"potions_floor_usage":[],"damage_taken":[{"damage":2,"enemies":"Jaw Worm","floor":1,"turns":3},{"damage":7,"enemies":"2 Louse","floor":5,"turns":4},{"damage":12,"enemies":"Small Slimes","floor":7,"turns":3},{"damage":12,"enemies":"3 Sentries","floor":12,"turns":7},{"damage":42,"enemies":"Slime Boss","floor":16,"turns":14},{"damage":0,"enemies":"Shell Parasite","floor":18,"turns":5},{"damage":0,"enemies":"3 Byrds","floor":21,"turns":3},{"damage":38,"enemies":"Book of Stabbing","floor":25,"turns":7},{"damage":4,"enemies":"Cultist and Chosen","floor":27,"turns":6},{"damage":2,"enemies":"Snecko","floor":28,"turns":3},{"damage":16,"enemies":"Centurion and Healer","floor":30,"turns":12},{"damage":14,"enemies":"Snake Plant","floor":31,"turns":3},{"damage":75,"enemies":"Collector","floor":33,"turns":7}],"seed_played":"-2149113586425472334","potions_obtained":[],"is_trial":false,"path_per_floor":["M","?","?","?","M","R","M","$","T","?","R","E","$","$","R","B",null,"M","?","?","M","?","R","$","E","T","M","M","R","M","M","R","B"],"character_chosen":"IRONCLAD","items_purchased":["Flame Barrier","Flame Barrier"],"campfire_rested":0,"item_purchase_floors":[8,13],"current_hp_per_floor":[80,64,64,64,63,63,57,57,57,57,57,53,53,53,53,17,82,82,82,82,82,76,76,76,44,44,58,62,62,68,60,60,0],"gold":165,"neow_bonus":"TRANSFORM_CARD","is_prod":false,"is_daily":false,"chose_seed":false,"campfire_upgraded":6,"win_rate":0,"timestamp":1554484144,"path_taken":["M","?","?","?","M","R","?","$","T","?","R","E","?","$","R","BOSS","M","?","?","M","?","R","?","E","T","M","M","R","M","?","R","BOSS"],"build_version":"2019-01-23","purchased_purges":3,"victory":false,"max_hp_per_floor":[80,80,80,80,80,80,80,80,80,80,80,82,82,82,82,82,82,82,82,82,82,82,82,82,82,82,84,84,84,84,84,84,84],"card_choices":[{"not_picked":["Sword Boomerang","Rage"],"picked":"Armaments","floor":1},{"not_picked":["Intimidate","Shrug It Off"],"picked":"Flame Barrier","floor":5},{"not_picked":["Sword Boomerang","Clash"],"picked":"Spot Weakness","floor":7},{"not_picked":["Pommel Strike","Whirlwind","Headbutt"],"picked":"Singing Bowl","floor":12},{"not_picked":["Bludgeon","Exhume","Fiend Fire"],"picked":"Reaper","floor":16},{"not_picked":["Feel No Pain","Hemokinesis+1","Pummel"],"picked":"Headbutt","floor":18},{"not_picked":["Iron Wave","Flex","Pommel Strike+1"],"picked":"Rampage+1","floor":21},{"not_picked":["Headbutt","Reckless Charge","Warcry"],"picked":"Rage","floor":25},{"not_picked":["Flex","Reaper","Power Through","Thunderclap"],"picked":"Singing Bowl","floor":27},{"not_picked":["Perfected Strike","Seeing Red","Ghostly Armor"],"picked":"Sentinel+1","floor":28},{"not_picked":["Headbutt","Perfected Strike+1","Anger+1"],"picked":"Flame Barrier","floor":30},{"not_picked":["Rupture+1","Cleave+1","Clash"],"picked":"Burning Pact","floor":31}],"player_experience":248528,"relics_obtained":[{"floor":9,"key":"Singing Bowl"},{"floor":12,"key":"Question Card"},{"floor":25,"key":"Paper Frog"},{"floor":26,"key":"Frozen Egg 2"}],"event_choices":[{"damage_healed":0,"gold_gain":0,"player_choice":"Entered Light","damage_taken":16,"max_hp_gain":0,"max_hp_loss":0,"event_name":"Shining Light","floor":2,"gold_loss":0,"cards_upgraded":["Bludgeon","Defend_R"]},{"cards_removed":["Strike_R"],"damage_healed":0,"gold_gain":0,"player_choice":"Card Removal","damage_taken":0,"max_hp_gain":0,"max_hp_loss":0,"event_name":"The Cleric","floor":3,"gold_loss":50},{"damage_healed":0,"gold_gain":175,"player_choice":"AGREE","damage_taken":0,"max_hp_gain":0,"max_hp_loss":0,"event_name":"Liars Game","floor":4,"gold_loss":0,"cards_obtained":["Doubt"]},{"damage_healed":0,"gold_gain":0,"player_choice":"Left Gold","damage_taken":0,"max_hp_gain":0,"max_hp_loss":0,"event_name":"World of Goop","floor":10,"gold_loss":37},{"cards_removed":["Strike_R"],"damage_healed":0,"gold_gain":0,"player_choice":"Elegance","damage_taken":0,"max_hp_gain":0,"max_hp_loss":0,"event_name":"Back to Basics","floor":19,"gold_loss":0},{"damage_healed":0,"gold_gain":0,"player_choice":"Opened","damage_taken":0,"relics_obtained":["Champion Belt"],"max_hp_gain":0,"max_hp_loss":0,"event_name":"The Mausoleum","floor":20,"gold_loss":0,"cards_obtained":["Writhe"]},{"damage_healed":0,"gold_gain":0,"player_choice":"Joined the Cult","damage_taken":6,"max_hp_gain":0,"max_hp_loss":0,"event_name":"Nest","floor":22,"gold_loss":0,"cards_obtained":["RitualDagger"]}],"is_beta":false,"boss_relics":[{"not_picked":["Empty Cage","Calling Bell"],"picked":"Sozu"}],"items_purged_floors":[8,13,24],"is_endless":false,"potions_floor_spawned":[18,25,31],"killed_by":"Collector","ascension_level":4}