{"gold_per_floor":[114,114,132,145,125,125,156,176,223,248,260,284,358,45,45,149,149,134,134,144,54,102,102,102,131,177,177,197,150,150],"floor_reached":30,"playtime":2294,"items_purged":["Strike_R"],"score":285,"play_id":"0eddae43-795c-4343-aad7-4bbcdf1f0bb6","local_time":"20190308171119","is_ascension_mode":true,"campfire_choices":[{"data":"Bash","floor":6,"key":"SMITH"},{"data":"Whirlwind","floor":11,"key":"SMITH"},{"data":"Juggernaut","floor":15,"key":"SMITH"},{"data":"True Grit","floor":23,"key":"SMITH"},{"data":"Flame Barrier","floor":27,"key":"SMITH"}],"neow_cost":"NONE","seed_source_timestamp":550261831089695,"circlet_count":0,"master_deck":["Strike_R","Strike_R","Defend_R","Defend_R+1","Defend_R","Defend_R","Bash+1","Shrug It Off","Whirlwind+1","Juggernaut+1","Shrug It Off+1","Iron Wave","Offering","True Grit+1","Clothesline","Carnage","Limit Break","Iron Wave+1","Dramatic Entrance","Flame Barrier+1","Thunderclap","Armaments"],"relics":["Burning Blood","Paper Frog","MawBank","Ancient Tea Set","Meat on the Bone","Runic Pyramid","Juzu Bracelet","War Paint","Bag of Marbles"],"potions_floor_usage":[8,13,16,25,28,30],"damage_taken":[{"damage":4,"enemies":"Small Slimes","floor":1,"turns":4},{"damage":3,"enemies":"Cultist","floor":3,"turns":4},{"damage":4,"enemies":"Jaw Worm","floor":4,"turns":4},{"damage":39,"enemies":"Gremlin Nob","floor":7,"turns":5},{"damage":3,"enemies":"Exordium Thugs","floor":8,"turns":4},{"damage":9,"enemies":"Red Slaver","floor":10,"turns":4},{"damage":11,"enemies":"Blue Slaver","floor":12,"turns":4},{"damage":14,"enemies":"Lagavulin Event","floor":13,"turns":7},{"damage":27,"enemies":"Hexaghost","floor":16,"turns":10},{"damage":28,"enemies":"2 Thieves","floor":18,"turns":4},{"damage":13,"enemies":"Spheric Guardian","floor":20,"turns":4},{"damage":44,"enemies":"Slavers","floor":25,"turns":5},{"damage":10,"enemies":"Centurion and Healer","floor":28,"turns":2},{"damage":40,"enemies":"Gremlin Leader","floor":30,"turns":5}],"seed_played":"8270017917255296401","potions_obtained":[{"floor":1,"key":"Swift Potion"},{"floor":3,"key":"Block Potion"},{"floor":5,"key":"Dexterity Potion"},{"floor":12,"key":"Swift Potion"},{"floor":13,"key":"Strength Potion"},{"floor":16,"key":"SteroidPotion"},{"floor":18,"key":"Regen Potion"},{"floor":20,"key":"Poison Potion"},{"floor":28,"key":"Energy Potion"}],"is_trial":false,"path_per_floor":["?","M","?","M","?","?","T","?"],"character_chosen":"IRONCLAD","items_purchased":["Meat on the Bone","Dramatic Entrance","Armaments"],"campfire_rested":0,"item_purchase_floors":[14,21,29],"current_hp_per_floor":[80,80,80,80,80,80,47,50,50,47,47,42,34,34,34,25,80,58,58,51,51,51,51,51,25,25,25,38,38,0],"gold":150,"neow_bonus":"THREE_CARDS","is_prod":false,"is_daily":false,"chose_seed":false,"campfire_upgraded":5,"win_rate":0,"timestamp":1552090279,"path_taken":["M","?","?","M","?","R","E","M","T","M","R","?","?","$","R","BOSS","M","?","M","$","?","R","?","E","T","R","M","$","E"],"build_version":"2019-01-23","purchased_purges":1,"victory":false,"max_hp_per_floor":[80,80,80,80,80,80,80,80,80,80,80,80,80,80,80,80,80,80,80,80,80,80,80,80,80,80,80,80,80,80],"card_choices":[{"not_picked":["Anger","Feel No Pain"],"picked":"Shrug It Off","floor":0},{"not_picked":["Cleave","Reckless Charge"],"picked":"Whirlwind","floor":1},{"not_picked":["Cleave","Sever Soul"],"picked":"Shrug It Off","floor":3},{"not_picked":["Anger","Twin Strike"],"picked":"Iron Wave","floor":4},{"not_picked":["Spot Weakness","Rampage"],"picked":"Offering","floor":7},{"not_picked":["Sever Soul","Flex"],"picked":"True Grit","floor":8},{"not_picked":["Fire Breathing","Rupture"],"picked":"Clothesline","floor":10},{"not_picked":["Twin Strike","Perfected Strike","Berserk"],"picked":"SKIP","floor":12},{"not_picked":["Headbutt","Clothesline"],"picked":"Carnage","floor":13},{"not_picked":["Brutality","Dark Embrace"],"picked":"Limit Break","floor":16},{"not_picked":["Second Wind","Anger"],"picked":"Iron Wave+1","floor":18},{"not_picked":["Fire Breathing+1","Wild Strike","Sword Boomerang"],"picked":"SKIP","floor":20},{"not_picked":["Carnage+1","Shrug It Off"],"picked":"Flame Barrier","floor":25},{"not_picked":["Perfected Strike","Clothesline+1"],"picked":"Thunderclap","floor":28}],"player_experience":161214,"relics_obtained":[{"floor":7,"key":"Paper Frog"},{"floor":9,"key":"MawBank"},{"floor":13,"key":"Ancient Tea Set"},{"floor":22,"key":"Juzu Bracelet"},{"floor":25,"key":"War Paint"},{"floor":26,"key":"Bag of Marbles"}],"event_choices":[{"damage_healed":0,"gold_gain":0,"cards_transformed":["Strike_R"],"player_choice":"Transformed","damage_taken":0,"max_hp_gain":0,"max_hp_loss":0,"event_name":"Transmorgrifier","floor":2,"gold_loss":0,"cards_obtained":["Juggernaut"]},{"damage_healed":0,"gold_gain":0,"player_choice":"Bought 1 Potion","damage_taken":0,"max_hp_gain":0,"max_hp_loss":0,"event_name":"The Woman in Blue","floor":5,"gold_loss":0},{"damage_healed":0,"gold_gain":0,"player_choice":"Searched \u00271\u0027 times","damage_taken":0,"max_hp_gain":0,"max_hp_loss":0,"event_name":"Dead Adventurer","floor":13,"gold_loss":0},{"cards_removed":["Strike_R"],"damage_healed":0,"gold_gain":0,"player_choice":"Card Removal","damage_taken":0,"max_hp_gain":0,"max_hp_loss":0,"event_name":"Wheel of Change","floor":19,"gold_loss":0},{"damage_healed":0,"gold_gain":0,"player_choice":"Ignored","damage_taken":0,"max_hp_gain":0,"max_hp_loss":0,"event_name":"Beggar","floor":24,"gold_loss":0}],"is_beta":false,"boss_relics":[{"not_picked":["Orrery","Tiny House"],"picked":"Runic Pyramid"}],"items_purged_floors":[14],"is_endless":false,"potions_floor_spawned":[1,3,12,13,16,18,20,28],"killed_by":"Gremlin Leader","ascension_level":3}