{"gold_per_floor":[216,228,16,16,16,16,16,34,87,126,126,142,41,60,60,184,184,204,13,31,31,44,62,62,62],"floor_reached":25,"playtime":1035,"items_purged":[],"score":203,"play_id":"f226b2a5-82e6-4ce5-a8d0-7ddc6884568b","local_time":"20181210215057","is_ascension_mode":false,"campfire_choices":[{"floor":6,"key":"REST"},{"floor":11,"key":"REST"},{"floor":15,"key":"REST"},{"floor":24,"key":"REST"}],"neow_cost":"NONE","seed_source_timestamp":516704905795436,"circlet_count":0,"master_deck":["Strike_B+1","Strike_B+1","Strike_B+1","Strike_B+1","Defend_B+1","Defend_B+1","Defend_B+1","Defend_B+1","Zap","Dualcast","Conserve Battery","Go for the Eyes","Dramatic Entrance","Capacitor","Discovery","Meteor Strike","Chaos","Undo","Rebound","Sweeping Beam","Static Discharge","Amplify","Tempest","Redo","Hologram","Leap+1","Doom and Gloom"],"relics":["Cracked Core","Golden Idol","Smiling Mask","Vajra","Inserter","Happy Flower"],"potions_floor_usage":[8,8,12,12,14,22,23],"damage_taken":[{"damage":2,"enemies":"2 Louse","floor":1,"turns":2},{"damage":6,"enemies":"Cultist","floor":2,"turns":3},{"damage":0,"enemies":"Small Slimes","floor":8,"turns":2},{"damage":49,"enemies":"3 Sentries","floor":10,"turns":7},{"damage":11,"enemies":"Exordium Wildlife","floor":12,"turns":2},{"damage":0,"enemies":"Large Slime","floor":14,"turns":3},{"damage":53,"enemies":"Hexaghost","floor":16,"turns":9},{"damage":21,"enemies":"Spheric Guardian","floor":18,"turns":5},{"damage":18,"enemies":"3 Byrds","floor":20,"turns":3},{"damage":25,"enemies":"Centurion and Healer","floor":22,"turns":8},{"damage":15,"enemies":"Snecko","floor":23,"turns":4},{"damage":32,"enemies":"3 Cultists","floor":25,"turns":4}],"seed_played":"2690727486921876333","potions_obtained":[{"floor":2,"key":"LiquidBronze"},{"floor":10,"key":"AttackPotion"},{"floor":12,"key":"Fruit Juice"},{"floor":20,"key":"EssenceOfSteel"},{"floor":22,"key":"Block Potion"}],"is_trial":false,"path_per_floor":["M","M","$","?","?","R","$","M","T","E","R","M","$","M","R","B",null,"M","$","M","?","M","M","R","M"],"character_chosen":"DEFECT","items_purchased":["Dramatic Entrance","Capacitor","Block Potion","Sweeping Beam","Fire Potion","Happy Flower","Redo"],"campfire_rested":4,"item_purchase_floors":[3,3,3,13,13,19,19],"current_hp_per_floor":[73,67,67,49,49,71,71,71,71,22,44,38,38,38,62,9,80,59,59,41,41,16,1,25,0],"gold":62,"neow_bonus":"HUNDRED_GOLD","is_prod":false,"is_daily":false,"chose_seed":false,"campfire_upgraded":0,"win_rate":0,"timestamp":1544507457,"path_taken":["M","M","$","?","?","R","$","?","T","E","R","?","?","M","R","BOSS","M","$","M","?","M","M","R","M"],"build_version":"2018-12-06","purchased_purges":0,"victory":false,"max_hp_per_floor":[75,75,75,75,75,75,75,75,75,75,75,80,80,80,80,80,80,80,80,80,80,80,80,80,80],"card_choices":[{"not_picked":["Go for the Eyes","Recycle"],"picked":"Conserve Battery","floor":1},{"not_picked":["White Noise","Turbo"],"picked":"Go for the Eyes","floor":2},{"not_picked":["Coolheaded","Turbo"],"picked":"Chaos","floor":8},{"not_picked":["Conserve Battery","Steam Power"],"picked":"Undo","floor":10},{"not_picked":["Steam","Conserve Battery"],"picked":"Rebound","floor":12},{"not_picked":["Turbo","Conserve Battery"],"picked":"Static Discharge","floor":14},{"not_picked":["Fission","Creative AI"],"picked":"Amplify","floor":16},{"not_picked":["Skim","Scrape+1"],"picked":"Tempest","floor":18},{"not_picked":["Redo","Sweeping Beam"],"picked":"Hologram","floor":20},{"not_picked":["Capacitor","Skim"],"picked":"Leap+1","floor":22},{"not_picked":["Cold Snap+1","Go for the Eyes"],"picked":"Doom and Gloom","floor":23}],"player_experience":218338,"relics_obtained":[{"floor":9,"key":"Smiling Mask"},{"floor":10,"key":"Vajra"}],"event_choices":[{"damage_healed":0,"gold_gain":0,"player_choice":"Take Damage","damage_taken":18,"relics_obtained":["Golden Idol"],"max_hp_gain":0,"max_hp_loss":0,"event_name":"Golden Idol","floor":4,"gold_loss":0},{"damage_healed":0,"gold_gain":0,"player_choice":"2 cards matched","damage_taken":0,"max_hp_gain":0,"max_hp_loss":0,"event_name":"Match and Keep!","floor":5,"gold_loss":0,"cards_obtained":["Discovery","Meteor Strike"]},{"damage_healed":0,"gold_gain":0,"player_choice":"2 cards matched","damage_taken":0,"max_hp_gain":0,"max_hp_loss":0,"event_name":"Match and Keep!","floor":5,"gold_loss":0,"cards_obtained":["Discovery","Meteor Strike"]},{"damage_healed":0,"gold_gain":0,"player_choice":"Simplicity","damage_taken":0,"max_hp_gain":0,"max_hp_loss":0,"event_name":"Back to Basics","floor":21,"gold_loss":0,"cards_upgraded":["Strike_B","Strike_B","Strike_B","Strike_B","Defend_B","Defend_B","Defend_B","Defend_B"]}],"is_beta":false,"boss_relics":[{"not_picked":["Fusion Hammer","Orrery"],"picked":"Inserter"}],"items_purged_floors":[],"is_endless":false,"potions_floor_spawned":[2,10,12,20,22],"killed_by":"3 Cultists","ascension_level":0}