{"gold_per_floor":[114,134,149,168,168,194,194,208,208,208,221,235,251,251],"floor_reached":14,"playtime":552,"items_purged":[],"score":178,"play_id":"5e0f08f8-02e7-4416-b8a3-8193bb95f9e5","local_time":"20190430092635","is_ascension_mode":true,"campfire_choices":[{"data":"Cleave","floor":7,"key":"SMITH"},{"floor":10,"key":"REST"}],"neow_cost":"NONE","seed_source_timestamp":0,"circlet_count":0,"master_deck":["AscendersBane","Strike_R","Strike_R","Strike_R","Strike_R","Defend_R","Defend_R","Defend_R","Defend_R","Bash","True Grit","Blood for Blood","Shrug It Off","Spot Weakness","Cleave+1","True Grit","Intimidate","Heavy Blade"],"special_seed":0,"relics":["Burning Blood","Sundial","Vajra"],"potions_floor_usage":[6,8,14,14],"damage_taken":[{"damage":14,"enemies":"Jaw Worm","floor":1,"turns":4},{"damage":4,"enemies":"Cultist","floor":2,"turns":4},{"damage":5,"enemies":"Small Slimes","floor":3,"turns":3},{"damage":20,"enemies":"3 Louse","floor":4,"turns":5},{"damage":44,"enemies":"Lagavulin","floor":6,"turns":8},{"damage":4,"enemies":"Blue Slaver","floor":8,"turns":5},{"damage":20,"enemies":"Exordium Wildlife","floor":11,"turns":4},{"damage":12,"enemies":"2 Fungi Beasts","floor":12,"turns":5},{"damage":8,"enemies":"Looter","floor":13,"turns":5},{"damage":31,"enemies":"Gremlin Nob","floor":14,"turns":3}],"seed_played":"1130128125908119038","potions_obtained":[{"floor":4,"key":"Dexterity Potion"},{"floor":6,"key":"EssenceOfSteel"},{"floor":8,"key":"PowerPotion"},{"floor":11,"key":"EntropicBrew"}],"is_trial":false,"path_per_floor":["M","M","M","M","?","E","R","M","T","R","M","M","M","E"],"character_chosen":"IRONCLAD","items_purchased":[],"campfire_rested":1,"item_purchase_floors":[],"current_hp_per_floor":[67,69,70,56,56,18,18,20,20,44,30,24,22,0],"gold":251,"neow_bonus":"TEN_PERCENT_HP_BONUS","is_prod":false,"is_daily":false,"chose_seed":false,"campfire_upgraded":1,"win_rate":0,"timestamp":1556641595,"path_taken":["M","M","M","M","?","E","R","M","T","R","M","M","?","E"],"build_version":"2019-01-23","purchased_purges":0,"victory":false,"max_hp_per_floor":[82,82,82,82,82,82,82,82,82,82,82,82,82,82],"card_choices":[{"not_picked":["Heavy Blade","Flex"],"picked":"True Grit","floor":1},{"not_picked":["Heavy Blade","True Grit"],"picked":"Blood for Blood","floor":2},{"not_picked":["Corruption","Whirlwind"],"picked":"Shrug It Off","floor":3},{"not_picked":["Body Slam","Hemokinesis"],"picked":"Spot Weakness","floor":4},{"not_picked":["Burning Pact","Brutality"],"picked":"Cleave","floor":6},{"not_picked":["Pommel Strike","Twin Strike"],"picked":"True Grit","floor":8},{"not_picked":["Perfected Strike","Evolve","Dropkick"],"picked":"SKIP","floor":11},{"not_picked":["Body Slam","Second Wind"],"picked":"Intimidate","floor":12},{"not_picked":["Flex","Evolve"],"picked":"Heavy Blade","floor":13}],"player_experience":508906,"relics_obtained":[{"floor":6,"key":"Sundial"},{"floor":9,"key":"Vajra"}],"event_choices":[{"cards_removed":["Strike_R"],"damage_healed":0,"gold_gain":0,"player_choice":"Card Removal","damage_taken":0,"max_hp_gain":0,"max_hp_loss":0,"event_name":"Wheel of Change","floor":5,"gold_loss":0}],"is_beta":false,"boss_relics":[],"items_purged_floors":[],"is_endless":false,"potions_floor_spawned":[4,6,8,11],"killed_by":"Gremlin Nob","ascension_level":17}