{"gold_per_floor":[114,133,208,224,224,255,255,280,280,294,294,32,32,42,42,144,144,154,79,79,95,15,15,47,60,60,60],"floor_reached":27,"playtime":1094,"items_purged":["Strike_R"],"score":277,"play_id":"853c774f-ad06-43a8-ac87-c318f5abd499","local_time":"20190320220352","is_ascension_mode":true,"campfire_choices":[{"data":"Bash","floor":7,"key":"SMITH"},{"data":"Rampage","floor":15,"key":"SMITH"},{"data":"Inflame","floor":23,"key":"SMITH"}],"neow_cost":"NONE","seed_source_timestamp":119127506245109,"circlet_count":0,"master_deck":["Strike_R","Strike_R","Strike_R","Defend_R","Defend_R","Defend_R","Defend_R","Bash+1","True Grit","Rampage+1","Perfected Strike","Double Tap","Pommel Strike","Sword Boomerang","Offering","Reaper","Havoc","Headbutt+1","Inflame+1","Anger+1"],"relics":["Burning Blood","Vajra","Letter Opener","Sundial","Velvet Choker","Incense Burner","Paper Frog"],"potions_floor_usage":[16,24,27,27,27],"damage_taken":[{"damage":4,"enemies":"Jaw Worm","floor":1,"turns":6},{"damage":2,"enemies":"2 Louse","floor":2,"turns":2},{"damage":4,"enemies":"Cultist","floor":4,"turns":4},{"damage":43,"enemies":"3 Sentries","floor":6,"turns":10},{"damage":16,"enemies":"Gremlin Nob","floor":8,"turns":4},{"damage":14,"enemies":"3 Louse","floor":10,"turns":3},{"damage":9,"enemies":"2 Fungi Beasts","floor":14,"turns":3},{"damage":25,"enemies":"Hexaghost","floor":16,"turns":6},{"damage":23,"enemies":"Shell Parasite","floor":18,"turns":3},{"damage":38,"enemies":"2 Thieves","floor":21,"turns":3},{"damage":60,"enemies":"Slavers","floor":24,"turns":5},{"damage":24,"enemies":"Centurion and Healer","floor":25,"turns":5},{"damage":19,"enemies":"Sentry and Sphere","floor":27,"turns":3}],"seed_played":"-5615533327954208088","potions_obtained":[{"floor":4,"key":"SteroidPotion"},{"floor":6,"key":"LiquidBronze"},{"floor":16,"key":"SpeedPotion"},{"floor":18,"key":"EssenceOfSteel"},{"floor":25,"key":"FearPotion"}],"is_trial":false,"path_per_floor":["M","M","?","M","?","E","R","E","T","M","?","$","?","M","R","B",null,"M","?","?","M","$","R","E","M","T","M"],"character_chosen":"IRONCLAD","items_purchased":["Offering","Weak Potion","Inflame"],"campfire_rested":0,"item_purchase_floors":[12,12,22],"current_hp_per_floor":[88,88,77,79,79,42,42,32,32,24,53,53,53,50,50,31,88,71,71,71,59,59,59,20,7,7,0],"gold":60,"neow_bonus":"TEN_PERCENT_HP_BONUS","is_prod":false,"is_daily":false,"chose_seed":false,"campfire_upgraded":3,"win_rate":0,"timestamp":1553141032,"path_taken":["M","M","?","M","?","E","R","E","T","?","?","$","?","M","R","BOSS","M","?","?","M","$","R","E","M","T","M"],"build_version":"2019-01-23","purchased_purges":1,"victory":false,"max_hp_per_floor":[88,88,88,88,88,88,88,88,88,88,88,88,88,88,88,88,88,88,88,88,88,88,88,88,88,88,88],"card_choices":[{"not_picked":["Anger","Pommel Strike"],"picked":"True Grit","floor":1},{"not_picked":["Sword Boomerang","Thunderclap"],"picked":"Rampage","floor":2},{"not_picked":["Wild Strike","Intimidate"],"picked":"Perfected Strike","floor":4},{"not_picked":["Havoc","Bludgeon"],"picked":"Double Tap","floor":6},{"not_picked":["Corruption","Flex"],"picked":"Pommel Strike","floor":8},{"not_picked":["Rupture","Flex"],"picked":"Sword Boomerang","floor":10},{"not_picked":["Body Slam","Pommel Strike","Cleave"],"picked":"SKIP","floor":14},{"not_picked":["Brutality","Dark Embrace"],"picked":"Reaper","floor":16},{"not_picked":["Evolve","Heavy Blade"],"picked":"Havoc","floor":18},{"not_picked":["Bloodletting","Sword Boomerang"],"picked":"Headbutt+1","floor":21},{"not_picked":["Thunderclap+1","Evolve+1"],"picked":"Anger+1","floor":24},{"not_picked":["Cleave","Pommel Strike","True Grit"],"picked":"SKIP","floor":25}],"player_experience":303115,"relics_obtained":[{"floor":6,"key":"Letter Opener"},{"floor":8,"key":"Sundial"},{"floor":24,"key":"Incense Burner"},{"floor":26,"key":"Paper Frog"}],"event_choices":[{"damage_healed":0,"gold_gain":75,"player_choice":"Gather Gold","damage_taken":11,"max_hp_gain":0,"max_hp_loss":0,"event_name":"World of Goop","floor":3,"gold_loss":0},{"damage_healed":0,"gold_gain":0,"player_choice":"Gave Potion","damage_taken":0,"relics_obtained":["Vajra"],"max_hp_gain":0,"max_hp_loss":0,"event_name":"WeMeetAgain","floor":5,"gold_loss":0},{"damage_healed":29,"gold_gain":0,"player_choice":"Banana","damage_taken":0,"max_hp_gain":0,"max_hp_loss":0,"event_name":"Big Fish","floor":11,"gold_loss":0},{"damage_healed":0,"gold_gain":0,"player_choice":"Ignored","damage_taken":0,"max_hp_gain":0,"max_hp_loss":0,"event_name":"Liars Game","floor":13,"gold_loss":0},{"cards_removed":["Strike_R"],"damage_healed":0,"gold_gain":0,"player_choice":"Gave Gold","damage_taken":0,"max_hp_gain":0,"max_hp_loss":0,"event_name":"Beggar","floor":19,"gold_loss":75},{"damage_healed":0,"gold_gain":0,"player_choice":"Ignored","damage_taken":0,"max_hp_gain":0,"max_hp_loss":0,"event_name":"Ghosts","floor":20,"gold_loss":0}],"is_beta":false,"boss_relics":[{"not_picked":["Mark of Pain","Tiny House"],"picked":"Velvet Choker"}],"items_purged_floors":[12],"is_endless":false,"potions_floor_spawned":[4,6,16,18,25],"killed_by":"Sentry and Sphere","ascension_level":3}