{"gold_per_floor":[109,109,109,128,93,132,132,147,170,170,206,206,206,241,241,241],"floor_reached":16,"playtime":646,"items_purged":[],"score":151,"play_id":"c24205e2-ee61-4767-ba29-9e4ceab688a2","local_time":"20181207131223","is_ascension_mode":true,"campfire_choices":[{"data":"Dodge and Roll","floor":10,"key":"SMITH"},{"floor":15,"key":"REST"}],"neow_cost":"NONE","seed_source_timestamp":317091913218320,"circlet_count":0,"master_deck":["Defend_G","Defend_G","Defend_G","Defend_G","Defend_G","Strike_G+1","Strike_G+1","Strike_G","Survivor","Neutralize","Escape Plan+1","Backflip","Dodge and Roll+1","Leg Sweep"],"relics":["Ring of the Snake","NeowsBlessing","Golden Idol","Juzu Bracelet","Oddly Smooth Stone","Whetstone","Odd Mushroom"],"potions_floor_usage":[11,14],"damage_taken":[{"damage":0,"enemies":"Jaw Worm","floor":1,"turns":1},{"damage":0,"enemies":"Cultist","floor":4,"turns":1},{"damage":0,"enemies":"Gremlin Nob","floor":6,"turns":1},{"damage":0,"enemies":"2 Louse","floor":8,"turns":3},{"damage":28,"enemies":"3 Sentries","floor":11,"turns":15},{"damage":0,"enemies":"The Mushroom Lair","floor":14,"turns":5},{"damage":4,"enemies":"The Guardian","floor":16,"turns":4}],"seed_played":"3225471092425477631","potions_obtained":[{"floor":6,"key":"SkillPotion"},{"floor":11,"key":"Explosive Potion"},{"floor":14,"key":"Swift Potion"}],"is_trial":false,"path_per_floor":["M","?","?","M","?","E","$","M","T","R","E","?","?","?","R","B"],"character_chosen":"THE_SILENT","items_purchased":[],"campfire_rested":1,"item_purchase_floors":[],"current_hp_per_floor":[70,53,53,53,70,70,70,70,70,70,42,35,35,35,56,52],"gold":241,"neow_bonus":"THREE_ENEMY_KILL","is_prod":false,"is_daily":false,"chose_seed":false,"campfire_upgraded":1,"win_rate":0,"timestamp":1544184743,"path_taken":["M","?","?","?","?","E","$","M","T","R","E","?","?","?","R","BOSS"],"build_version":"2018-12-06","purchased_purges":0,"victory":false,"max_hp_per_floor":[70,70,70,70,70,70,70,70,70,70,70,70,70,70,70,70],"card_choices":[{"not_picked":["Bane","Eviscerate"],"picked":"Escape Plan","floor":1},{"not_picked":["Bane","Acrobatics"],"picked":"Backflip","floor":4},{"not_picked":["Caltrops","Deadly Poison","Endless Agony"],"picked":"SKIP","floor":6},{"not_picked":["Quick Slash","Sucker Punch"],"picked":"Dodge and Roll","floor":8},{"not_picked":["Underhanded Strike","Expertise"],"picked":"Leg Sweep","floor":11}],"player_experience":370266,"relics_obtained":[{"floor":6,"key":"Juzu Bracelet"},{"floor":9,"key":"Oddly Smooth Stone"},{"floor":11,"key":"Whetstone"},{"floor":14,"key":"Odd Mushroom"}],"event_choices":[{"damage_healed":0,"gold_gain":0,"player_choice":"Take Damage","damage_taken":17,"relics_obtained":["Golden Idol"],"max_hp_gain":0,"max_hp_loss":0,"event_name":"Golden Idol","floor":2,"gold_loss":0},{"damage_healed":0,"gold_gain":0,"player_choice":"Upgraded","damage_taken":0,"max_hp_gain":0,"max_hp_loss":0,"event_name":"Upgrade Shrine","floor":3,"gold_loss":0,"cards_upgraded":["Escape Plan"]},{"damage_healed":17,"gold_gain":0,"player_choice":"Healed","damage_taken":0,"max_hp_gain":0,"max_hp_loss":0,"event_name":"The Cleric","floor":5,"gold_loss":35},{"cards_removed":["Strike_G"],"damage_healed":0,"gold_gain":0,"player_choice":"Card Removal","damage_taken":7,"max_hp_gain":0,"max_hp_loss":0,"event_name":"Golden Wing","floor":12,"gold_loss":0},{"cards_removed":["Strike_G"],"damage_healed":0,"gold_gain":0,"player_choice":"Card Removal","damage_taken":0,"max_hp_gain":0,"max_hp_loss":0,"event_name":"Wheel of Change","floor":13,"gold_loss":0},{"damage_healed":0,"gold_gain":0,"player_choice":"Fought Mushrooms","damage_taken":0,"max_hp_gain":0,"max_hp_loss":0,"event_name":"Mushrooms","floor":14,"gold_loss":0}],"is_beta":false,"boss_relics":[],"items_purged_floors":[],"is_endless":false,"potions_floor_spawned":[6,11,14],"killed_by":"The Guardian","ascension_level":3}