{"gold_per_floor":[110,110,110,110,110,110,110,135,135,170,187,203,221,240,240,314,314,326,341,341,341,341],"floor_reached":22,"playtime":469,"items_purged":[],"score":464,"play_id":"c97e20a4-ce0a-4ca3-ba57-9d66f3656566","local_time":"20190506113843","is_ascension_mode":true,"campfire_choices":[{"data":"Defend_R","floor":6,"key":"SMITH"},{"data":"Spot Weakness","floor":15,"key":"SMITH"}],"neow_cost":"NONE","seed_source_timestamp":560644809149900,"circlet_count":0,"master_deck":["AscendersBane","Bash+1","Power Through","Spot Weakness+1","Feed","Whirlwind","Shrug It Off","Limit Break","Intimidate","Sever Soul","Rage","Perfected Strike","Fire Breathing","Rupture","Clash","Infernal Blade","Offering","Shrug It Off","Corruption","Writhe"],"relics":["Burning Blood","NeowsBlessing","Pen Nib","Pear","Pantograph","Ornamental Fan","Pandora\u0027s Box","StoneCalendar"],"potions_floor_usage":[16,19],"damage_taken":[{"damage":0,"enemies":"Jaw Worm","floor":1,"turns":1},{"damage":0,"enemies":"Lagavulin","floor":8,"turns":1},{"damage":0,"enemies":"Gremlin Nob","floor":10,"turns":1},{"damage":0,"enemies":"2 Louse","floor":11,"turns":2},{"damage":0,"enemies":"Small Slimes","floor":12,"turns":3},{"damage":8,"enemies":"Blue Slaver","floor":13,"turns":5},{"damage":3,"enemies":"Looter","floor":14,"turns":4},{"damage":88,"enemies":"Hexaghost","floor":16,"turns":10},{"damage":15,"enemies":"3 Byrds","floor":18,"turns":4},{"damage":25,"enemies":"2 Thieves","floor":19,"turns":3},{"damage":20,"enemies":"Snecko","floor":22,"turns":2}],"seed_played":"960113817171435634","potions_obtained":[{"floor":10,"key":"Swift Potion"},{"floor":11,"key":"Ancient Potion"},{"floor":13,"key":"PowerPotion"}],"is_trial":false,"path_per_floor":["M","?","?","?","$","R","$","E","T","E","M","M","M","M","R","B",null,"M","M","?","?","M"],"character_chosen":"IRONCLAD","items_purchased":[],"campfire_rested":0,"item_purchase_floors":[],"current_hp_per_floor":[74,74,56,56,56,56,56,72,72,78,84,88,89,94,94,12,74,65,46,46,18,0],"gold":341,"neow_bonus":"THREE_ENEMY_KILL","is_prod":false,"is_daily":false,"chose_seed":false,"campfire_upgraded":2,"win_rate":0,"timestamp":1557135523,"path_taken":["M","?","?","?","$","R","?","E","T","E","M","M","M","M","R","BOSS","M","M","?","?","M"],"build_version":"2019-01-23","purchased_purges":0,"victory":false,"max_hp_per_floor":[75,75,75,75,75,75,75,85,85,85,85,88,91,94,94,94,94,94,94,94,99,99],"card_choices":[{"not_picked":["Sword Boomerang","Havoc"],"picked":"Power Through","floor":1},{"not_picked":["Barricade","Flex"],"picked":"Spot Weakness","floor":8},{"not_picked":["Headbutt","Perfected Strike"],"picked":"Feed","floor":10},{"not_picked":["Armaments","Heavy Blade"],"picked":"Whirlwind","floor":11},{"not_picked":["Havoc","Twin Strike"],"picked":"Shrug It Off","floor":12},{"not_picked":["Bloodletting","Sword Boomerang","Perfected Strike"],"picked":"SKIP","floor":13},{"not_picked":["Iron Wave","Fire Breathing","Second Wind"],"picked":"SKIP","floor":14},{"not_picked":["Fiend Fire","Feed"],"picked":"Limit Break","floor":16},{"not_picked":["Twin Strike","Inflame"],"picked":"Shrug It Off","floor":18},{"not_picked":["Flex","Body Slam"],"picked":"Corruption","floor":19}],"player_experience":1137833,"relics_obtained":[{"floor":8,"key":"Pear"},{"floor":9,"key":"Pantograph"},{"floor":10,"key":"Ornamental Fan"}],"event_choices":[{"damage_healed":0,"gold_gain":0,"player_choice":"Leave","damage_taken":0,"max_hp_gain":0,"max_hp_loss":0,"event_name":"The Cleric","floor":2,"gold_loss":0},{"damage_healed":0,"gold_gain":0,"player_choice":"Success","damage_taken":18,"relics_obtained":["Pen Nib"],"max_hp_gain":0,"max_hp_loss":0,"event_name":"Scrap Ooze","floor":3,"gold_loss":0},{"damage_healed":0,"gold_gain":0,"player_choice":"Grow","damage_taken":0,"max_hp_gain":0,"max_hp_loss":0,"event_name":"Living Wall","floor":4,"gold_loss":0,"cards_upgraded":["Bash"]},{"damage_healed":0,"gold_gain":0,"player_choice":"Opened","damage_taken":0,"relics_obtained":["StoneCalendar"],"max_hp_gain":0,"max_hp_loss":0,"event_name":"The Mausoleum","floor":20,"gold_loss":0,"cards_obtained":["Writhe"]},{"damage_healed":0,"gold_gain":0,"player_choice":"Shed Blood","damage_taken":33,"max_hp_gain":5,"max_hp_loss":0,"event_name":"Forgotten Altar","floor":21,"gold_loss":0}],"is_beta":false,"boss_relics":[{"not_picked":["Lizard Tail","Eternal Feather"],"picked":"Pandora\u0027s Box"}],"items_purged_floors":[],"is_endless":false,"potions_floor_spawned":[10,11,12,13],"killed_by":"Snecko","ascension_level":16}