{"gold_per_floor":[118,133,148,165,240,240,271,271,271,291,306,306,306,271,271,368,368,379,86,86,5,15,46,46,75,75,75],"floor_reached":27,"playtime":1902,"items_purged":["Strike_B"],"score":364,"play_id":"78e67787-8248-4772-9099-d5b71e97c5fb","local_time":"20190420151145","is_ascension_mode":true,"campfire_choices":[{"floor":6,"key":"REST"},{"data":"Zap","floor":8,"key":"SMITH"},{"data":"Capacitor","floor":13,"key":"SMITH"},{"data":"Gash","floor":15,"key":"SMITH"},{"floor":24,"key":"REST"}],"neow_cost":"NONE","seed_source_timestamp":165982042951100,"circlet_count":0,"master_deck":["Strike_B","Strike_B","Strike_B","Defend_B","Defend_B","Defend_B","Defend_B","Zap+1","Dualcast","Coolheaded","Gash+1","Conserve Battery","Capacitor+1","Ball Lightning","Conserve Battery","Echo Form","Chill","Barrage","Auto Shields","Defragment","Go for the Eyes","Multi-Cast"],"relics":["Cracked Core","Art of War","Vajra","Centennial Puzzle","Shuriken","Fusion Hammer","Ice Cream","PreservedInsect","Symbiotic Virus"],"potions_floor_usage":[4,10,16,23],"damage_taken":[{"damage":0,"enemies":"Small Slimes","floor":1,"turns":2},{"damage":0,"enemies":"2 Louse","floor":2,"turns":2},{"damage":5,"enemies":"Jaw Worm","floor":3,"turns":4},{"damage":10,"enemies":"Exordium Thugs","floor":4,"turns":5},{"damage":18,"enemies":"3 Sentries","floor":7,"turns":9},{"damage":1,"enemies":"Looter","floor":10,"turns":4},{"damage":2,"enemies":"3 Louse","floor":11,"turns":3},{"damage":60,"enemies":"Slime Boss","floor":16,"turns":12},{"damage":21,"enemies":"Chosen","floor":18,"turns":5},{"damage":19,"enemies":"2 Thieves","floor":22,"turns":4},{"damage":22,"enemies":"Book of Stabbing","floor":23,"turns":6},{"damage":45,"enemies":"Slavers","floor":25,"turns":7},{"damage":15,"enemies":"Book of Stabbing","floor":27,"turns":1}],"seed_played":"2007394085336264119","potions_obtained":[{"floor":1,"key":"SpeedPotion"},{"floor":2,"key":"LiquidBronze"},{"floor":7,"key":"Regen Potion"},{"floor":16,"key":"EssenceOfSteel"},{"floor":25,"key":"SneckoOil"}],"is_trial":false,"path_per_floor":["?","?","?","?","$"],"character_chosen":"DEFECT","items_purchased":["Barrage","Auto Shields","Bandage Up","Defragment"],"campfire_rested":2,"item_purchase_floors":[19,19,19,21],"current_hp_per_floor":[68,68,63,53,42,64,46,46,46,57,55,48,48,66,66,6,58,37,37,75,75,56,34,56,11,11,0],"gold":75,"neow_bonus":"RANDOM_COMMON_RELIC","is_prod":false,"is_daily":false,"chose_seed":false,"campfire_upgraded":3,"win_rate":0,"timestamp":1555794705,"path_taken":["M","M","M","M","?","R","E","R","T","M","M","?","R","?","R","BOSS","M","$","?","?","M","E","R","E","T","E"],"build_version":"2019-01-23","purchased_purges":1,"victory":false,"max_hp_per_floor":[75,75,75,75,75,75,75,75,75,75,75,75,75,75,75,75,75,75,75,75,75,75,75,75,75,75,75],"card_choices":[{"not_picked":["Skim","Steam Power"],"picked":"Coolheaded","floor":1},{"not_picked":["Stack","BootSequence","Fusion"],"picked":"SKIP","floor":2},{"not_picked":["Turbo","Hologram"],"picked":"Gash","floor":3},{"not_picked":["Go for the Eyes","Leap"],"picked":"Conserve Battery","floor":4},{"not_picked":["Storm","Skim"],"picked":"Capacitor","floor":7},{"not_picked":["Hologram","Cold Snap"],"picked":"Ball Lightning","floor":10},{"not_picked":["Tempest","Doom and Gloom"],"picked":"Conserve Battery","floor":11},{"not_picked":["Meteor Strike","Machine Learning"],"picked":"Echo Form","floor":16},{"not_picked":["Stack","Rip and Tear"],"picked":"Chill","floor":18},{"not_picked":["Hologram","Turbo","Barrage"],"picked":"SKIP","floor":22},{"not_picked":["Leap","Genetic Algorithm"],"picked":"Go for the Eyes","floor":23},{"not_picked":["Doom and Gloom+1","Rebound+1"],"picked":"Multi-Cast","floor":25}],"player_experience":592104,"relics_obtained":[{"floor":7,"key":"Vajra"},{"floor":9,"key":"Centennial Puzzle"},{"floor":23,"key":"Ice Cream"},{"floor":25,"key":"PreservedInsect"},{"floor":26,"key":"Symbiotic Virus"}],"event_choices":[{"damage_healed":0,"gold_gain":75,"player_choice":"Gather Gold","damage_taken":11,"max_hp_gain":0,"max_hp_loss":0,"event_name":"World of Goop","floor":5,"gold_loss":0},{"damage_healed":0,"gold_gain":0,"player_choice":"Success","damage_taken":7,"relics_obtained":["Shuriken"],"max_hp_gain":0,"max_hp_loss":0,"event_name":"Scrap Ooze","floor":12,"gold_loss":0},{"damage_healed":18,"gold_gain":0,"player_choice":"Healed","damage_taken":0,"max_hp_gain":0,"max_hp_loss":0,"event_name":"The Cleric","floor":14,"gold_loss":35},{"cards_removed":["Bandage Up"],"damage_healed":38,"gold_gain":0,"player_choice":"Offered Uncommon","damage_taken":0,"max_hp_gain":0,"max_hp_loss":0,"event_name":"Bonfire Elementals","floor":20,"gold_loss":0}],"is_beta":false,"boss_relics":[{"not_picked":["Orrery","Lizard Tail"],"picked":"Fusion Hammer"}],"items_purged_floors":[19],"is_endless":false,"potions_floor_spawned":[1,2,7,16,25],"killed_by":"Book of Stabbing","ascension_level":9}