{"gold_per_floor":[116,136,136,136,136,136,163,180,180,193,203,203,203,233,233,328,328,342,254,268,268,196,196],"floor_reached":23,"playtime":1690,"items_purged":[],"score":249,"play_id":"36b5c2ab-f7b1-465f-a7c1-a2d5fe13075b","local_time":"20190401202304","is_ascension_mode":true,"campfire_choices":[{"data":"Auto Shields","floor":6,"key":"SMITH"},{"floor":15,"key":"REST"}],"neow_cost":"NONE","seed_source_timestamp":1554465342190119,"circlet_count":0,"master_deck":["Strike_B+1","Strike_B","Strike_B+1","Defend_B","Defend_B","Defend_B","Zap+1","Dualcast+1","Auto Shields+1","BootSequence+1","Reprogram","Conserve Battery","Cold Snap","Consume","Core Surge","Chill","Dramatic Entrance","Hologram+1","Turbo","Cold Snap"],"relics":["Cracked Core","Whetstone","Singing Bowl","Question Card","Bronze Scales","Empty Cage"],"potions_floor_usage":[14,14,20,20,23],"damage_taken":[{"damage":1,"enemies":"Cultist","floor":1,"turns":3},{"damage":0,"enemies":"Small Slimes","floor":2,"turns":3},{"damage":2,"enemies":"Lagavulin","floor":7,"turns":7},{"damage":0,"enemies":"2 Louse","floor":8,"turns":2},{"damage":0,"enemies":"2 Fungi Beasts","floor":10,"turns":3},{"damage":2,"enemies":"Exordium Thugs","floor":11,"turns":4},{"damage":13,"enemies":"3 Sentries","floor":14,"turns":9},{"damage":1,"enemies":"The Guardian","floor":16,"turns":11},{"damage":11,"enemies":"Chosen","floor":18,"turns":4},{"damage":5,"enemies":"2 Thieves","floor":20,"turns":4},{"damage":73,"enemies":"Gremlin Leader","floor":23,"turns":9}],"seed_played":"-1577025356588768983","potions_obtained":[{"floor":1,"key":"Weak Potion"},{"floor":8,"key":"SkillPotion"},{"floor":10,"key":"Energy Potion"},{"floor":13,"key":"SpeedPotion"},{"floor":16,"key":"PowerPotion"},{"floor":20,"key":"Fruit Juice"}],"is_trial":false,"path_per_floor":["M","M","$","?","?","R","E","M","T","M","M","?","?","E","R","B",null,"M","$","M","?","$","E"],"character_chosen":"DEFECT","items_purchased":["Dramatic Entrance","Turbo","Cold Snap"],"campfire_rested":1,"item_purchase_floors":[19,22,22],"current_hp_per_floor":[74,74,74,74,59,59,57,59,59,59,57,57,57,44,67,66,74,63,63,63,63,63,0],"gold":196,"neow_bonus":"RANDOM_COMMON_RELIC","is_prod":false,"is_daily":false,"chose_seed":false,"campfire_upgraded":1,"win_rate":0,"timestamp":1554117784,"path_taken":["M","M","$","?","?","R","E","M","T","M","M","?","?","E","R","BOSS","M","$","M","?","$","E"],"build_version":"2019-01-23","purchased_purges":0,"victory":false,"max_hp_per_floor":[75,75,75,75,75,75,75,77,77,77,77,77,77,77,77,77,77,77,77,82,82,82,82],"card_choices":[{"not_picked":["Steam","Redo"],"picked":"Auto Shields","floor":1},{"not_picked":["Aggregate","Beam Cell"],"picked":"BootSequence","floor":2},{"not_picked":["Skim","Stack"],"picked":"Reprogram","floor":7},{"not_picked":["Redo","Turbo","Steam Power"],"picked":"Singing Bowl","floor":8},{"not_picked":["Leap","Hologram","Redo"],"picked":"Conserve Battery","floor":10},{"not_picked":["Fission","Heatsinks","Lockon"],"picked":"Cold Snap","floor":11},{"not_picked":["Hologram","Auto Shields","Sweeping Beam"],"picked":"Consume","floor":14},{"not_picked":["Seek","Machine Learning","Rainbow"],"picked":"Core Surge","floor":16},{"not_picked":["Compile Driver","Scrape+1","Go for the Eyes+1"],"picked":"Chill","floor":18},{"not_picked":["Reinforced Body+1","Stack","Beam Cell"],"picked":"Hologram+1","floor":20}],"player_experience":228338,"relics_obtained":[{"floor":7,"key":"Singing Bowl"},{"floor":9,"key":"Question Card"},{"floor":14,"key":"Bronze Scales"}],"event_choices":[{"damage_healed":0,"gold_gain":0,"player_choice":"Grow","damage_taken":0,"max_hp_gain":0,"max_hp_loss":0,"event_name":"Living Wall","floor":4,"gold_loss":0,"cards_upgraded":["Zap"]},{"damage_healed":0,"gold_gain":0,"player_choice":"Entered Light","damage_taken":15,"max_hp_gain":0,"max_hp_loss":0,"event_name":"Shining Light","floor":5,"gold_loss":0,"cards_upgraded":["BootSequence","Dualcast"]},{"damage_healed":0,"gold_gain":0,"player_choice":"Ignored","damage_taken":0,"max_hp_gain":0,"max_hp_loss":0,"event_name":"Liars Game","floor":12,"gold_loss":0},{"damage_healed":0,"gold_gain":0,"player_choice":"Got Potions","damage_taken":0,"max_hp_gain":0,"max_hp_loss":0,"event_name":"Lab","floor":13,"gold_loss":0},{"damage_healed":0,"gold_gain":0,"player_choice":"Ignored","damage_taken":0,"max_hp_gain":0,"max_hp_loss":0,"event_name":"Vampires","floor":21,"gold_loss":0}],"is_beta":false,"boss_relics":[{"not_picked":["Philosopher\u0027s Stone","Tiny House"],"picked":"Empty Cage"}],"items_purged_floors":[],"is_endless":false,"potions_floor_spawned":[1,8,10,16,20],"killed_by":"Gremlin Leader","ascension_level":5}