{"gold_per_floor":[109,120,120,130,142,176,176,239,239,72,99,99,117,131,131,236,236,250,260,45,78,97,97,114,114,141,241,10,30,30,30,30,128,128,139,157,157,206,56,56,67,67,67,82,82,116,146,174,186,198],"floor_reached":51,"playtime":5042,"items_purged":["Strike_G","Strike_G","Strike_G","Pain"],"score":789,"play_id":"d88c432f-9d08-462c-a41e-2a0bf4916e0e","local_time":"20190405152957","is_ascension_mode":false,"campfire_choices":[{"floor":7,"key":"DIG"},{"floor":12,"key":"DIG"},{"floor":15,"key":"DIG"},{"floor":23,"key":"DIG"},{"floor":32,"key":"DIG"},{"floor":40,"key":"REST"},{"floor":49,"key":"DIG"}],"neow_cost":"NONE","seed_source_timestamp":1226588887996700,"circlet_count":0,"master_deck":["Defend_G","Defend_G","Defend_G","Defend_G","Defend_G","Strike_G","Strike_G","Survivor","Neutralize","Flying Knee+1","Leg Sweep","Noxious Fumes","Bouncing Flask","Blur","Flying Knee","Noxious Fumes","Flying Knee","Backflip","Catalyst","Finisher","Adrenaline","Distraction","Heel Hook+1","Noxious Fumes","Dodge and Roll","Prepared","Backflip","Backstab+1","Blur","Finesse","Dodge and Roll","Flying Knee+1","Burst","Crippling Poison","Flying Knee+1","Deflect+1","Quick Slash+1","Doubt","Blur+1","Blur+1","Catalyst+1"],"relics":["Ring of the Serpent","NeowsBlessing","Pear","Shovel","Juzu Bracelet","Bottled Tornado","Ninja Scroll","Dodecahedron","Centennial Puzzle","Kunai","Sozu","Red Mask","Incense Burner","GremlinMask","Strawberry","Matryoshka","WingedGreaves","Paper Crane","WarpedTongs","Prayer Wheel","StoneCalendar","Frozen Egg 2","MawBank","Whetstone"],"potions_floor_usage":[8,8,8,14,24],"damage_taken":[{"damage":0,"enemies":"Cultist","floor":1,"turns":1},{"damage":0,"enemies":"Jaw Worm","floor":2,"turns":1},{"damage":0,"enemies":"2 Louse","floor":4,"turns":1},{"damage":10,"enemies":"Red Slaver","floor":5,"turns":4},{"damage":27,"enemies":"Gremlin Nob","floor":6,"turns":4},{"damage":13,"enemies":"3 Sentries","floor":8,"turns":9},{"damage":0,"enemies":"3 Sentries","floor":11,"turns":6},{"damage":0,"enemies":"3 Louse","floor":13,"turns":3},{"damage":11,"enemies":"Lots of Slimes","floor":14,"turns":4},{"damage":7,"enemies":"Slime Boss","floor":16,"turns":8},{"damage":0,"enemies":"Spheric Guardian","floor":18,"turns":4},{"damage":0,"enemies":"2 Thieves","floor":19,"turns":4},{"damage":22,"enemies":"Masked Bandits","floor":21,"turns":4},{"damage":0,"enemies":"Snecko","floor":22,"turns":5},{"damage":10,"enemies":"Snake Plant","floor":24,"turns":5},{"damage":0,"enemies":"Colosseum Slavers","floor":27,"turns":5},{"damage":13,"enemies":"Colosseum Nobs","floor":27,"turns":6},{"damage":37,"enemies":"Cultist and Chosen","floor":29,"turns":6},{"damage":26,"enemies":"Automaton","floor":33,"turns":11},{"damage":2,"enemies":"3 Darklings","floor":35,"turns":6},{"damage":9,"enemies":"Orb Walker","floor":36,"turns":3},{"damage":34,"enemies":"2 Orb Walkers","floor":38,"turns":7},{"damage":11,"enemies":"3 Darklings","floor":41,"turns":4},{"damage":0,"enemies":"Sphere and 2 Shapes","floor":44,"turns":5},{"damage":0,"enemies":"Nemesis","floor":46,"turns":7},{"damage":0,"enemies":"4 Shapes","floor":47,"turns":4},{"damage":0,"enemies":"Spire Growth","floor":48,"turns":5},{"damage":24,"enemies":"Time Eater","floor":50,"turns":8}],"seed_played":"6279021816541695884","potions_obtained":[{"floor":1,"key":"Swift Potion"},{"floor":4,"key":"GamblersBrew"},{"floor":6,"key":"Fire Potion"},{"floor":13,"key":"Regen Potion"},{"floor":14,"key":"Regen Potion"}],"is_trial":false,"path_per_floor":["M","M","T","M","M","E","R","?","T","$","E","R","M","M","R","B",null,"M","M","$","?","M","R","M","?","T","?","$","M","$","?","R","B",null,"M","M","?","?","$","R","M","?","T","M","?","E","M","M","R","B",null],"character_chosen":"THE_SILENT","items_purchased":["Noxious Fumes","Flying Knee","Noxious Fumes","Dodge and Roll","Finesse","Dodge and Roll"],"campfire_rested":1,"item_purchase_floors":[10,10,20,20,28,28],"current_hp_per_floor":[70,70,80,80,70,43,43,30,30,30,30,30,30,31,31,24,80,80,80,80,58,58,58,62,62,69,56,56,19,19,48,48,22,87,85,76,76,42,42,68,57,87,87,87,83,83,83,83,83,59],"gold":210,"neow_bonus":"THREE_ENEMY_KILL","is_prod":false,"is_daily":false,"chose_seed":false,"campfire_upgraded":0,"win_rate":0.0,"timestamp":1554470997,"path_taken":["M","M","?","M","M","E","R","?","T","$","E","R","M","M","R","BOSS","M","M","$","?","M","R","M","?","T","?","$","M","$","?","R","BOSS","M","M","?","?","$","R","M","?","T","M","?","E","M","M","R","BOSS"],"build_version":"2019-01-23","purchased_purges":4,"victory":true,"max_hp_per_floor":[70,70,80,80,80,80,80,80,80,80,80,80,80,80,80,80,80,80,80,80,80,80,80,80,80,87,87,87,87,87,87,87,87,87,87,87,87,87,87,87,87,87,87,87,83,83,83,83,83,83],"card_choices":[{"not_picked":["Caltrops","Expertise"],"picked":"Flying Knee","floor":1},{"not_picked":["Prepared","Backflip"],"picked":"Leg Sweep","floor":2},{"not_picked":["Underhanded Strike","Blade Dance"],"picked":"Noxious Fumes","floor":4},{"not_picked":["Terror","Glass Knife"],"picked":"Bouncing Flask","floor":5},{"not_picked":["Prepared","Underhanded Strike"],"picked":"Blur","floor":6},{"not_picked":["Dagger Spray","Poisoned Stab"],"picked":"Flying Knee","floor":8},{"not_picked":["Bullet Time","Poisoned Stab"],"picked":"Backflip","floor":11},{"not_picked":["Poisoned Stab","Backflip"],"picked":"Catalyst","floor":13},{"not_picked":["Caltrops","Slice"],"picked":"Finisher","floor":14},{"not_picked":["Tools of the Trade","Glass Knife"],"picked":"Adrenaline","floor":16},{"not_picked":["Quick Slash","Outmaneuver"],"picked":"Distraction","floor":18},{"not_picked":["Prepared+1","Flying Knee"],"picked":"Heel Hook+1","floor":19},{"not_picked":["All Out Attack","Bane"],"picked":"Prepared","floor":21},{"not_picked":["Slice","Acrobatics"],"picked":"Backflip","floor":22},{"not_picked":["Acrobatics","Deadly Poison+1"],"picked":"Backstab+1","floor":24},{"not_picked":["Sucker Punch+1","Well Laid Plans"],"picked":"Blur","floor":27},{"not_picked":["Choke","Dagger Throw"],"picked":"Flying Knee+1","floor":29},{"not_picked":["Corpse Explosion","Bullet Time"],"picked":"Burst","floor":33},{"not_picked":["Dagger Spray","Infinite Blades","Eviscerate+1"],"picked":"SKIP","floor":35},{"not_picked":["Acrobatics+1","Bane+1"],"picked":"Crippling Poison","floor":36},{"not_picked":["Well Laid Plans","Bane+1"],"picked":"Flying Knee","floor":38},{"not_picked":["Dash","Poisoned Stab"],"picked":"Deflect+1","floor":41},{"not_picked":["Blade Dance","Terror"],"picked":"Quick Slash+1","floor":41},{"not_picked":["Prepared","Backflip+1"],"picked":"Blur+1","floor":44},{"not_picked":["Quick Slash","Backflip","Riddle With Holes+1"],"picked":"SKIP","floor":44},{"not_picked":["Venomology","Quick Slash+1"],"picked":"Blur+1","floor":46},{"not_picked":["Acrobatics","Distraction"],"picked":"Catalyst+1","floor":47},{"not_picked":["Outmaneuver","Dagger Spray+1","Dagger Throw"],"picked":"SKIP","floor":47},{"not_picked":["Deadly Poison","Slice","Poisoned Stab"],"picked":"SKIP","floor":48},{"not_picked":["Underhanded Strike+1","Die Die Die","Riddle With Holes+1"],"picked":"SKIP","floor":48}],"player_experience":87975,"relics_obtained":[{"floor":3,"key":"Pear"},{"floor":6,"key":"Shovel"},{"floor":7,"key":"Juzu Bracelet"},{"floor":8,"key":"Bottled Tornado"},{"floor":9,"key":"Ninja Scroll"},{"floor":11,"key":"Dodecahedron"},{"floor":12,"key":"Centennial Puzzle"},{"floor":15,"key":"Kunai"},{"floor":21,"key":"Red Mask"},{"floor":23,"key":"Incense Burner"},{"floor":26,"key":"Strawberry"},{"floor":27,"key":"Matryoshka"},{"floor":27,"key":"WingedGreaves"},{"floor":32,"key":"Paper Crane"},{"floor":38,"key":"Prayer Wheel"},{"floor":43,"key":"StoneCalendar"},{"floor":43,"key":"Frozen Egg 2"},{"floor":46,"key":"MawBank"},{"floor":49,"key":"Whetstone"}],"event_choices":[{"damage_healed":0,"gold_gain":0,"player_choice":"Searched \u00271\u0027 times","damage_taken":0,"max_hp_gain":0,"max_hp_loss":0,"event_name":"Dead Adventurer","floor":8,"gold_loss":0},{"damage_healed":0,"gold_gain":0,"player_choice":"Fought Bandits","damage_taken":0,"max_hp_gain":0,"max_hp_loss":0,"event_name":"Masked Bandits","floor":21,"gold_loss":0},{"damage_healed":0,"gold_gain":0,"player_choice":"Trade","damage_taken":0,"relics_obtained":["GremlinMask"],"max_hp_gain":0,"max_hp_loss":0,"event_name":"FaceTrader","floor":25,"gold_loss":0},{"damage_healed":0,"gold_gain":0,"player_choice":"Fight","damage_taken":0,"max_hp_gain":0,"max_hp_loss":0,"event_name":"Colosseum","floor":27,"gold_loss":0},{"damage_healed":0,"gold_gain":0,"player_choice":"Fought Nobs","damage_taken":0,"max_hp_gain":0,"max_hp_loss":0,"event_name":"Colosseum","floor":27,"gold_loss":0},{"damage_healed":29,"gold_gain":0,"player_choice":"Heal","damage_taken":0,"max_hp_gain":0,"max_hp_loss":0,"event_name":"The Library","floor":31,"gold_loss":0},{"damage_healed":0,"gold_gain":0,"player_choice":"Rummage","damage_taken":0,"relics_obtained":["WarpedTongs"],"max_hp_gain":0,"max_hp_loss":0,"event_name":"Accursed Blacksmith","floor":37,"gold_loss":0,"cards_obtained":["Pain"]},{"damage_healed":0,"gold_gain":0,"player_choice":"Fight","damage_taken":0,"max_hp_gain":0,"max_hp_loss":0,"event_name":"Mysterious Sphere","floor":38,"gold_loss":0},{"damage_healed":30,"gold_gain":0,"player_choice":"Heal","damage_taken":0,"max_hp_gain":0,"max_hp_loss":0,"event_name":"MindBloom","floor":42,"gold_loss":0,"cards_obtained":["Doubt"]},{"damage_healed":0,"gold_gain":0,"player_choice":"Max HP","damage_taken":0,"max_hp_gain":0,"max_hp_loss":4,"event_name":"Winding Halls","floor":45,"gold_loss":0}],"is_beta":false,"boss_relics":[{"not_picked":["Velvet Choker","Philosopher\u0027s Stone"],"picked":"Sozu"},{"not_picked":["Lizard Tail","WristBlade"],"picked":"Ring of the Serpent"}],"items_purged_floors":[10,20,28,39],"is_endless":false,"potions_floor_spawned":[1,4,6,13,14,19,27,27,29,41,44,46,47],"ascension_level":0}