{"gold_per_floor":[109,109,121,121,133,191,211,211],"floor_reached":8,"playtime":422,"items_purged":[],"score":61,"play_id":"e2d96939-61f2-4498-9299-edc5657de53a","local_time":"20190430180204","is_ascension_mode":true,"campfire_choices":[],"neow_cost":"NONE","seed_source_timestamp":1364161031541289,"circlet_count":0,"master_deck":["Strike_B","Strike_B+1","Strike_B","Defend_B","Defend_B","Defend_B","Defend_B","Zap","Dualcast","Beam Cell+1","Hologram","Genetic Algorithm","Chill","Hologram"],"relics":["Cracked Core","Tiny Chest"],"potions_floor_usage":[6],"damage_taken":[{"damage":1,"enemies":"Cultist","floor":1,"turns":3},{"damage":1,"enemies":"2 Louse","floor":3,"turns":2},{"damage":0,"enemies":"Small Slimes","floor":5,"turns":2},{"damage":30,"enemies":"3 Sentries","floor":6,"turns":9},{"damage":5,"enemies":"Looter","floor":7,"turns":2},{"damage":31,"enemies":"Gremlin Nob","floor":8,"turns":3}],"seed_played":"8200312013649628383","potions_obtained":[{"floor":3,"key":"EssenceOfSteel"},{"floor":6,"key":"SteroidPotion"}],"is_trial":false,"path_per_floor":["M","?","M","?","M","E","M","E"],"character_chosen":"DEFECT","items_purchased":[],"campfire_rested":0,"item_purchase_floors":[],"current_hp_per_floor":[81,74,73,57,57,27,22,0],"gold":211,"neow_bonus":"TEN_PERCENT_HP_BONUS","is_prod":false,"is_daily":false,"chose_seed":false,"campfire_upgraded":0,"win_rate":0,"timestamp":1556643724,"path_taken":["M","?","M","?","M","E","M","E"],"build_version":"2019-01-23","purchased_purges":0,"victory":false,"max_hp_per_floor":[82,82,82,82,82,82,82,82],"card_choices":[{"not_picked":["Steam","Leap"],"picked":"Beam Cell","floor":1},{"not_picked":["Steam","Conserve Battery"],"picked":"Hologram","floor":3},{"not_picked":["BootSequence","Static Discharge"],"picked":"Genetic Algorithm","floor":5},{"not_picked":["Biased Cognition","Gash"],"picked":"Chill","floor":6},{"not_picked":["Genetic Algorithm","Consume"],"picked":"Hologram","floor":7}],"player_experience":1877560,"relics_obtained":[{"floor":6,"key":"Tiny Chest"}],"event_choices":[{"cards_removed":["Strike_B"],"damage_healed":0,"gold_gain":0,"player_choice":"Card Removal","damage_taken":7,"max_hp_gain":0,"max_hp_loss":0,"event_name":"Golden Wing","floor":2,"gold_loss":0},{"damage_healed":0,"gold_gain":0,"player_choice":"Entered Light","damage_taken":16,"max_hp_gain":0,"max_hp_loss":0,"event_name":"Shining Light","floor":4,"gold_loss":0,"cards_upgraded":["Strike_B","Beam Cell"]}],"is_beta":false,"boss_relics":[],"items_purged_floors":[],"is_endless":false,"potions_floor_spawned":[3,6],"killed_by":"Gremlin Nob","ascension_level":1}