{"gold_per_floor":[114,124,124,124,23,23,59,59,59,72,106,119,119,134,134,263,263,287,305,305,220,239,239,280,305,305,345,345,10,41,56,56,185,185,200,224,224,240,253,288,308,347,347,18,18,18,18,51,51,51],"floor_reached":51,"playtime":2161,"items_purged":["Strike_R+1","Strike_R+1"],"score":1142,"play_id":"efabd9da-cb3f-4d41-930a-1ef9249ea0d9","local_time":"20190402173354","is_ascension_mode":true,"campfire_choices":[{"data":"Bash","floor":6,"key":"SMITH"},{"floor":8,"key":"REST"},{"data":"Spot Weakness","floor":15,"key":"SMITH"},{"data":"Flame Barrier","floor":23,"key":"SMITH"},{"data":"Heavy Blade","floor":28,"key":"SMITH"},{"data":"Pummel","floor":32,"key":"SMITH"},{"floor":45,"key":"REST"},{"data":"Fiend Fire","floor":47,"key":"SMITH"},{"floor":49,"key":"REST"}],"neow_cost":"NONE","seed_source_timestamp":44290728910939,"circlet_count":0,"master_deck":["Strike_R+1","Strike_R+1","Defend_R+1","Defend_R+1","Defend_R+1","Defend_R+1","Bash+1","Twin Strike","Armaments","Sword Boomerang","Shrug It Off+1","Pummel+1","Spot Weakness+1","Battle Trance","Reckless Charge","Fiend Fire+1","Armaments+1","Reaper","Flame Barrier+1","Cleave","Heavy Blade+1","Cleave","Disarm+1","Pummel+1","Impervious","Pommel Strike+1","Twin Strike+1","Warcry+1","Metallicize+1","Cleave","Shrug It Off"],"relics":["Burning Blood","Bag of Preparation","Golden Idol","Thread and Needle","Ornamental Fan","Art of War","Velvet Choker","Frozen Egg 2","Red Skull","Unceasing Top","Anchor","Brimstone","Omamori","Busted Crown","War Paint","Dodecahedron","Calipers","Lantern","Toxic Egg 2","Ginger"],"potions_floor_usage":[11,16,50,50,50],"damage_taken":[{"damage":7,"enemies":"2 Louse","floor":1,"turns":3},{"damage":0,"enemies":"Small Slimes","floor":2,"turns":2},{"damage":50,"enemies":"3 Sentries","floor":7,"turns":10},{"damage":2,"enemies":"Cultist","floor":10,"turns":4},{"damage":20,"enemies":"Lagavulin","floor":11,"turns":6},{"damage":0,"enemies":"2 Fungi Beasts","floor":12,"turns":3},{"damage":0,"enemies":"Blue Slaver","floor":14,"turns":3},{"damage":27,"enemies":"The Guardian","floor":16,"turns":11},{"damage":0,"enemies":"3 Byrds","floor":18,"turns":5},{"damage":10,"enemies":"Shell Parasite","floor":19,"turns":3},{"damage":0,"enemies":"Centurion and Healer","floor":22,"turns":4},{"damage":43,"enemies":"Book of Stabbing","floor":24,"turns":6},{"damage":9,"enemies":"Chosen and Byrds","floor":25,"turns":4},{"damage":0,"enemies":"Gremlin Leader","floor":27,"turns":6},{"damage":25,"enemies":"Slavers","floor":30,"turns":3},{"damage":9,"enemies":"Shelled Parasite and Fungi","floor":31,"turns":2},{"damage":21,"enemies":"Automaton","floor":33,"turns":6},{"damage":0,"enemies":"3 Darklings","floor":35,"turns":3},{"damage":0,"enemies":"3 Shapes","floor":36,"turns":2},{"damage":17,"enemies":"3 Darklings","floor":38,"turns":3},{"damage":0,"enemies":"Maw","floor":39,"turns":4},{"damage":39,"enemies":"Giant Head","floor":40,"turns":6},{"damage":0,"enemies":"Transient","floor":41,"turns":5},{"damage":28,"enemies":"Reptomancer","floor":42,"turns":3},{"damage":31,"enemies":"Nemesis","floor":48,"turns":5},{"damage":74,"enemies":"Awakened One","floor":50,"turns":9}],"seed_played":"7819173556808836346","potions_obtained":[{"floor":7,"key":"Energy Potion"},{"floor":12,"key":"Poison Potion"},{"floor":16,"key":"Ancient Potion"},{"floor":25,"key":"GamblersBrew"}],"is_trial":false,"path_per_floor":["M","M","?","?","$","R","E","R","T","M","E","M","?","M","R","B",null,"M","M","?","?","M","R","E","M","T","E","R","$","E","M","R","B",null,"M","M","?","M","M","E","M","E","T","$","R","T","R","E","R","B",null],"character_chosen":"IRONCLAD","items_purchased":["Sword Boomerang","SteroidPotion","Brimstone","Cleave","Cleave","Lantern","Shrug It Off"],"campfire_rested":3,"item_purchase_floors":[5,5,29,29,44,44,44],"current_hp_per_floor":[71,77,77,77,77,77,33,57,57,61,47,53,53,59,59,38,70,76,72,72,72,80,80,51,55,55,79,79,79,60,57,57,65,76,80,80,80,69,75,47,71,49,49,49,73,73,73,63,80,12],"gold":51,"neow_bonus":"RANDOM_COMMON_RELIC","is_prod":false,"is_daily":false,"chose_seed":false,"campfire_upgraded":6,"win_rate":0,"timestamp":1554251634,"path_taken":["M","M","?","?","$","R","E","R","T","?","E","M","?","M","R","BOSS","M","M","?","?","?","R","E","M","T","E","R","$","E","M","R","BOSS","M","M","?","?","M","E","M","E","T","?","R","?","R","E","R","BOSS"],"build_version":"2019-01-23","purchased_purges":2,"victory":true,"max_hp_per_floor":[80,80,80,80,80,80,80,80,80,80,80,80,80,80,80,80,80,80,80,80,80,80,80,80,80,80,80,80,80,80,80,80,80,80,80,80,80,80,80,80,80,80,80,80,80,80,80,80,80,80],"card_choices":[{"not_picked":["True Grit","Wild Strike"],"picked":"Twin Strike","floor":1},{"not_picked":["Power Through","Flex"],"picked":"Armaments","floor":2},{"not_picked":["Sword Boomerang","Evolve"],"picked":"Shrug It Off","floor":7},{"not_picked":["Iron Wave","Twin Strike"],"picked":"Pummel","floor":10},{"not_picked":["Searing Blow","Anger"],"picked":"Spot Weakness","floor":11},{"not_picked":["Dropkick","Sword Boomerang"],"picked":"Battle Trance","floor":12},{"not_picked":["Body Slam","Battle Trance"],"picked":"Reckless Charge","floor":14},{"not_picked":["Immolate","Impervious"],"picked":"Fiend Fire","floor":16},{"not_picked":["Clash","Heavy Blade"],"picked":"Armaments+1","floor":18},{"not_picked":["Iron Wave","Clothesline+1"],"picked":"Reaper","floor":19},{"not_picked":["Shrug It Off","Iron Wave"],"picked":"Flame Barrier","floor":22},{"not_picked":["Rupture+1","Clothesline+1"],"picked":"Cleave","floor":24},{"not_picked":["Iron Wave","Twin Strike","Sever Soul"],"picked":"SKIP","floor":25},{"not_picked":["Headbutt","Feed"],"picked":"Heavy Blade","floor":27},{"not_picked":["Inflame+1","True Grit"],"picked":"Disarm","floor":30},{"not_picked":["Blood for Blood","Clash"],"picked":"Pummel","floor":31},{"not_picked":["Dark Embrace+1","Bludgeon"],"picked":"Impervious","floor":33},{"not_picked":[],"picked":"Pommel Strike+1","floor":35},{"not_picked":[],"picked":"Twin Strike+1","floor":36},{"not_picked":["Body Slam+1"],"picked":"SKIP","floor":38},{"not_picked":[],"picked":"Warcry+1","floor":39},{"not_picked":["Clash"],"picked":"SKIP","floor":40},{"not_picked":["Sever Soul+1"],"picked":"SKIP","floor":41},{"not_picked":[],"picked":"Metallicize+1","floor":42},{"not_picked":["Dropkick"],"picked":"SKIP","floor":48}],"player_experience":360520,"relics_obtained":[{"floor":7,"key":"Thread and Needle"},{"floor":9,"key":"Ornamental Fan"},{"floor":11,"key":"Art of War"},{"floor":24,"key":"Red Skull"},{"floor":26,"key":"Unceasing Top"},{"floor":27,"key":"Anchor"},{"floor":30,"key":"Omamori"},{"floor":40,"key":"War Paint"},{"floor":42,"key":"Dodecahedron"},{"floor":43,"key":"Calipers"},{"floor":46,"key":"Toxic Egg 2"},{"floor":48,"key":"Ginger"}],"event_choices":[{"damage_healed":0,"gold_gain":0,"player_choice":"Take Wound","damage_taken":0,"relics_obtained":["Golden Idol"],"max_hp_gain":0,"max_hp_loss":0,"event_name":"Golden Idol","floor":3,"gold_loss":0,"cards_obtained":["Injury"]},{"cards_removed":["Injury"],"damage_healed":0,"gold_gain":0,"player_choice":"Purged","damage_taken":0,"max_hp_gain":0,"max_hp_loss":0,"event_name":"Purifier","floor":4,"gold_loss":0},{"cards_removed":["Strike_R"],"damage_healed":0,"gold_gain":0,"player_choice":"Forget","damage_taken":0,"max_hp_gain":0,"max_hp_loss":0,"event_name":"Living Wall","floor":13,"gold_loss":0},{"damage_healed":0,"gold_gain":0,"player_choice":"Simplicity","damage_taken":0,"max_hp_gain":0,"max_hp_loss":0,"event_name":"Back to Basics","floor":20,"gold_loss":0,"cards_upgraded":["Strike_R","Strike_R","Strike_R","Strike_R","Defend_R","Defend_R","Defend_R","Defend_R"]},{"damage_healed":0,"gold_gain":0,"player_choice":"Obtained Relic","damage_taken":0,"relics_obtained":["Frozen Egg 2"],"max_hp_gain":0,"max_hp_loss":0,"event_name":"Addict","floor":21,"gold_loss":85},{"damage_healed":0,"gold_gain":0,"player_choice":"Forge","damage_taken":0,"max_hp_gain":0,"max_hp_loss":0,"event_name":"Accursed Blacksmith","floor":37,"gold_loss":0,"cards_upgraded":["Pummel"]}],"is_beta":false,"boss_relics":[{"not_picked":["Runic Cube","Runic Dome"],"picked":"Velvet Choker"},{"not_picked":["Tiny House","Empty Cage"],"picked":"Busted Crown"}],"items_purged_floors":[29,44],"is_endless":false,"potions_floor_spawned":[7,12,16,25,30,31,36,40,41,42],"ascension_level":8}