{"gold_per_floor":[113,126,4,4,14,14,47,47,47,79,79,99,99,24,24,118,118,139,163,163],"floor_reached":20,"playtime":789,"items_purged":["Injury"],"score":315,"play_id":"7a4fb02f-4e5a-44b1-bad3-8c33dd64aaa2","local_time":"20190415114832","is_ascension_mode":true,"campfire_choices":[{"data":"Inflame","floor":6,"key":"SMITH"},{"floor":8,"key":"REST"},{"data":"Shockwave","floor":11,"key":"SMITH"},{"floor":15,"key":"REST"}],"neow_cost":"NONE","seed_source_timestamp":116499057424020,"circlet_count":0,"master_deck":["AscendersBane","Strike_R","Strike_R","Strike_R","Strike_R","Defend_R","Defend_R","Defend_R","Defend_R","Bash","Inflame+1","Shrug It Off","Feel No Pain","Iron Wave","Twin Strike","Shockwave+1","Shrug It Off","Demon Form","Havoc","Exhume","Spot Weakness","Headbutt","Battle Trance","Thunderclap+1"],"relics":["Burning Blood","Bottled Lightning","Bottled Flame","Mummified Hand","Odd Mushroom","Golden Idol","Orrery"],"potions_floor_usage":[7,7,16,18],"damage_taken":[{"damage":6,"enemies":"Cultist","floor":1,"turns":4},{"damage":18,"enemies":"Jaw Worm","floor":2,"turns":4},{"damage":1,"enemies":"Small Slimes","floor":5,"turns":4},{"damage":35,"enemies":"Lagavulin","floor":7,"turns":5},{"damage":22,"enemies":"3 Sentries","floor":10,"turns":12},{"damage":6,"enemies":"The Mushroom Lair","floor":12,"turns":5},{"damage":62,"enemies":"The Guardian","floor":16,"turns":17},{"damage":34,"enemies":"Chosen","floor":18,"turns":9},{"damage":29,"enemies":"Spheric Guardian","floor":19,"turns":5}],"seed_played":"-3772466050017419339","potions_obtained":[{"floor":1,"key":"Strength Potion"},{"floor":5,"key":"SteroidPotion"},{"floor":12,"key":"SpeedPotion"},{"floor":16,"key":"BloodPotion"},{"floor":18,"key":"SteroidPotion"}],"is_trial":false,"path_per_floor":["M","M","$","?","M","R","E","R","T","E","R","?","?","$","R","B",null,"M","M","?"],"character_chosen":"IRONCLAD","items_purchased":["Feel No Pain","Explosive Potion"],"campfire_rested":2,"item_purchase_floors":[3,3],"current_hp_per_floor":[75,63,63,56,61,61,32,56,56,40,40,40,40,40,64,8,64,44,21,0],"gold":163,"neow_bonus":"TEN_PERCENT_HP_BONUS","is_prod":false,"is_daily":false,"chose_seed":false,"campfire_upgraded":2,"win_rate":0,"timestamp":1555354112,"path_taken":["M","?","$","?","M","R","E","R","T","E","R","?","?","?","R","BOSS","M","M","?"],"build_version":"2019-01-23","purchased_purges":1,"victory":false,"max_hp_per_floor":[82,82,82,82,82,82,82,82,82,82,82,82,82,82,82,82,82,82,82,82],"card_choices":[{"not_picked":["Perfected Strike","Anger"],"picked":"Inflame","floor":1},{"not_picked":["Flex","Sword Boomerang"],"picked":"Shrug It Off","floor":2},{"not_picked":["Flex","Body Slam"],"picked":"Iron Wave","floor":5},{"not_picked":["Barricade","Pommel Strike"],"picked":"Twin Strike","floor":7},{"not_picked":["Searing Blow","Shrug It Off"],"picked":"Shockwave","floor":10},{"not_picked":["Battle Trance","Thunderclap"],"picked":"Shrug It Off","floor":12},{"not_picked":["Dark Embrace","Berserk"],"picked":"Demon Form","floor":16},{"not_picked":["Body Slam","Ghostly Armor"],"picked":"Havoc","floor":17},{"not_picked":["Thunderclap","Dual Wield"],"picked":"Exhume","floor":17},{"not_picked":["Ghostly Armor","Perfected Strike"],"picked":"Spot Weakness","floor":17},{"not_picked":["Clash","True Grit"],"picked":"Headbutt","floor":17},{"not_picked":["Second Wind","Anger+1"],"picked":"Battle Trance","floor":18},{"not_picked":["Flex","Body Slam"],"picked":"Thunderclap+1","floor":19}],"player_experience":432685,"relics_obtained":[{"floor":7,"key":"Bottled Lightning"},{"floor":9,"key":"Bottled Flame"},{"floor":10,"key":"Mummified Hand"},{"floor":12,"key":"Odd Mushroom"}],"event_choices":[{"cards_removed":["Strike_R"],"damage_healed":0,"gold_gain":0,"player_choice":"Card Removal","damage_taken":7,"max_hp_gain":0,"max_hp_loss":0,"event_name":"Golden Wing","floor":4,"gold_loss":0},{"damage_healed":0,"gold_gain":0,"player_choice":"Fought Mushrooms","damage_taken":0,"max_hp_gain":0,"max_hp_loss":0,"event_name":"Mushrooms","floor":12,"gold_loss":0},{"damage_healed":0,"gold_gain":0,"player_choice":"Take Wound","damage_taken":0,"relics_obtained":["Golden Idol"],"max_hp_gain":0,"max_hp_loss":0,"event_name":"Golden Idol","floor":13,"gold_loss":0,"cards_obtained":["Injury"]}],"is_beta":false,"boss_relics":[{"not_picked":["Philosopher\u0027s Stone","Cursed Key"],"picked":"Orrery"}],"items_purged_floors":[14],"is_endless":false,"potions_floor_spawned":[1,5,12,16,18],"ascension_level":15}