{"gold_per_floor":[115,115,136,136,159,179,179,213,238,254,254,254,299,299],"floor_reached":14,"playtime":3700,"items_purged":[],"score":158,"play_id":"06a26f65-754f-45c6-91c8-ba8824f4d687","local_time":"20190504100718","is_ascension_mode":true,"campfire_choices":[{"data":"True Grit","floor":7,"key":"SMITH"},{"floor":11,"key":"REST"}],"neow_cost":"TEN_PERCENT_HP_LOSS","seed_source_timestamp":379108136385900,"circlet_count":0,"master_deck":["AscendersBane","Strike_R","Strike_R","Strike_R","Strike_R","Strike_R","Defend_R+1","Defend_R","Defend_R","Defend_R+1","Bash","Disarm","Injury","Pommel Strike","True Grit","True Grit+1","Impervious","Clothesline"],"relics":["Burning Blood","StoneCalendar","Golden Idol","Orichalcum","Vajra","Omamori","Centennial Puzzle"],"potions_floor_usage":[8,10,14],"damage_taken":[{"damage":7,"enemies":"Jaw Worm","floor":1,"turns":3},{"damage":3,"enemies":"Small Slimes","floor":3,"turns":4},{"damage":11,"enemies":"2 Louse","floor":5,"turns":3},{"damage":14,"enemies":"Looter","floor":6,"turns":4},{"damage":30,"enemies":"Gremlin Nob","floor":8,"turns":5},{"damage":7,"enemies":"Blue Slaver","floor":10,"turns":4},{"damage":9,"enemies":"Exordium Wildlife","floor":14,"turns":3}],"seed_played":"-7703122020366508593","potions_obtained":[{"floor":1,"key":"Dexterity Potion"},{"floor":6,"key":"SkillPotion"},{"floor":8,"key":"LiquidBronze"}],"is_trial":false,"path_per_floor":["M","?","M","?","M","M","R","E","T","M","R","?","T","M"],"character_chosen":"IRONCLAD","items_purchased":[],"campfire_rested":1,"item_purchase_floors":[],"current_hp_per_floor":[67,67,68,48,43,35,35,11,11,10,30,4,4,0],"gold":299,"neow_bonus":"ONE_RARE_RELIC","is_prod":false,"is_daily":false,"chose_seed":false,"campfire_upgraded":1,"win_rate":0,"timestamp":1556957238,"path_taken":["M","?","M","?","M","M","R","E","T","M","R","?","?","?"],"build_version":"2019-01-23","purchased_purges":0,"victory":false,"max_hp_per_floor":[68,68,68,68,68,68,68,68,68,68,68,68,68,68],"card_choices":[{"not_picked":["Rupture","Clothesline"],"picked":"Disarm","floor":1},{"not_picked":["Headbutt","Perfected Strike"],"picked":"Pommel Strike","floor":3},{"not_picked":["Searing Blow","Pummel"],"picked":"True Grit","floor":5},{"not_picked":["Havoc","Rupture"],"picked":"True Grit","floor":6},{"not_picked":["Evolve","Clothesline"],"picked":"Impervious","floor":8},{"not_picked":["Anger","Perfected Strike"],"picked":"Clothesline","floor":10}],"player_experience":1056674,"relics_obtained":[{"floor":8,"key":"Orichalcum"},{"floor":9,"key":"Vajra"},{"floor":13,"key":"Centennial Puzzle"}],"event_choices":[{"damage_healed":0,"gold_gain":0,"player_choice":"Take Wound","damage_taken":0,"relics_obtained":["Golden Idol"],"max_hp_gain":0,"max_hp_loss":0,"event_name":"Golden Idol","floor":2,"gold_loss":0,"cards_obtained":["Injury"]},{"damage_healed":0,"gold_gain":0,"player_choice":"Entered Light","damage_taken":20,"max_hp_gain":0,"max_hp_loss":0,"event_name":"Shining Light","floor":4,"gold_loss":0,"cards_upgraded":["Defend_R","Defend_R"]},{"damage_healed":0,"gold_gain":0,"player_choice":"Success","damage_taken":26,"relics_obtained":["Omamori"],"max_hp_gain":0,"max_hp_loss":0,"event_name":"Scrap Ooze","floor":12,"gold_loss":0}],"is_beta":false,"boss_relics":[],"items_purged_floors":[],"is_endless":false,"potions_floor_spawned":[1,6,8],"killed_by":"Exordium Wildlife","ascension_level":15}