{"gold_per_floor":[115,115,135,152,152,177,177,208,234,234,41,41,53,69,69,166,166,185,110,57,17,35,35],"floor_reached":23,"playtime":623,"items_purged":[],"score":209,"play_id":"6dee4af3-f7ca-4347-8b3e-477515f7e369","local_time":"20181222132418","is_ascension_mode":true,"campfire_choices":[{"floor":7,"key":"REST"},{"data":"Dualcast","floor":12,"key":"SMITH"},{"floor":15,"key":"REST"}],"neow_cost":"NONE","seed_source_timestamp":230510837686183,"circlet_count":0,"master_deck":["Strike_B+1","Strike_B+1","Defend_B","Defend_B","Defend_B","Defend_B","Zap+1","Dualcast+1","Leap","Redo","Gash","Leap","Hologram","Chaos","Multi-Cast","Thunder Strike","Static Discharge","Streamline","Fusion"],"relics":["Cracked Core","Whetstone","PreservedInsect","Happy Flower","Orichalcum","Philosopher\u0027s Stone"],"potions_floor_usage":[6,8,16,22,22,22,23,23],"damage_taken":[{"damage":6,"enemies":"2 Louse","floor":1,"turns":3},{"damage":0,"enemies":"Small Slimes","floor":3,"turns":3},{"damage":6,"enemies":"Jaw Worm","floor":4,"turns":2},{"damage":22,"enemies":"Lagavulin","floor":6,"turns":5},{"damage":31,"enemies":"3 Sentries","floor":8,"turns":8},{"damage":13,"enemies":"Exordium Thugs","floor":13,"turns":5},{"damage":15,"enemies":"2 Fungi Beasts","floor":14,"turns":3},{"damage":46,"enemies":"The Guardian","floor":16,"turns":10},{"damage":41,"enemies":"3 Byrds","floor":18,"turns":4},{"damage":8,"enemies":"Chosen","floor":22,"turns":4},{"damage":27,"enemies":"Slavers","floor":23,"turns":3}],"seed_played":"-2761735313519101667","potions_obtained":[{"floor":1,"key":"Strength Potion"},{"floor":6,"key":"SteroidPotion"},{"floor":8,"key":"Poison Potion"},{"floor":21,"key":"SneckoOil"},{"floor":21,"key":"FearPotion"},{"floor":21,"key":"EntropicBrew"}],"is_trial":false,"path_per_floor":["M","?","M","M","?","E","R","E","T","?","$","R","M","M","R","B",null,"M","?","$","?","M","E"],"character_chosen":"DEFECT","items_purchased":["Orichalcum","Hologram","Streamline"],"campfire_rested":2,"item_purchase_floors":[11,11,20],"current_hp_per_floor":[69,69,69,63,56,34,56,25,25,75,75,75,62,47,69,23,75,34,34,34,34,26,0],"gold":35,"neow_bonus":"RANDOM_COMMON_RELIC","is_prod":false,"is_daily":false,"chose_seed":false,"campfire_upgraded":1,"win_rate":0,"timestamp":1545513858,"path_taken":["M","?","M","M","?","E","R","E","T","?","$","R","M","M","R","BOSS","M","?","$","?","M","E"],"build_version":"2018-12-20","purchased_purges":0,"victory":false,"max_hp_per_floor":[75,75,75,75,75,75,75,75,75,75,75,75,75,75,75,75,75,75,75,75,75,75,75],"card_choices":[{"not_picked":["Hello World","Steam"],"picked":"Leap","floor":1},{"not_picked":["Double Energy","Turbo"],"picked":"Redo","floor":3},{"not_picked":["Compile Driver","Redo"],"picked":"Gash","floor":4},{"not_picked":["Compile Driver","Undo"],"picked":"Fusion","floor":6},{"not_picked":["Turbo","Force Field"],"picked":"Leap","floor":8},{"not_picked":["Conserve Battery","Sweeping Beam"],"picked":"Chaos","floor":13},{"not_picked":["Leap","Stack"],"picked":"Multi-Cast","floor":14},{"not_picked":["Core Surge","Meteor Strike"],"picked":"Thunder Strike","floor":16},{"not_picked":["Redo","Melter"],"picked":"Static Discharge","floor":18},{"not_picked":["Turbo","Coolheaded"],"picked":"Fusion","floor":22}],"player_experience":312044,"relics_obtained":[{"floor":6,"key":"PreservedInsect"},{"floor":8,"key":"Happy Flower"}],"event_choices":[{"damage_healed":0,"gold_gain":0,"player_choice":"Grow","damage_taken":0,"max_hp_gain":0,"max_hp_loss":0,"event_name":"Living Wall","floor":2,"gold_loss":0,"cards_upgraded":["Zap"]},{"cards_removed":["Strike_B"],"damage_healed":0,"gold_gain":0,"player_choice":"Card Removal","damage_taken":7,"max_hp_gain":0,"max_hp_loss":0,"event_name":"Golden Wing","floor":5,"gold_loss":0},{"cards_removed":["Fusion"],"damage_healed":50,"gold_gain":0,"player_choice":"Offered Uncommon","damage_taken":0,"max_hp_gain":0,"max_hp_loss":0,"event_name":"Bonfire Elementals","floor":10,"gold_loss":0},{"cards_removed":["Strike_B"],"damage_healed":0,"gold_gain":0,"player_choice":"Gave Gold","damage_taken":0,"max_hp_gain":0,"max_hp_loss":0,"event_name":"Beggar","floor":19,"gold_loss":75},{"damage_healed":0,"gold_gain":0,"player_choice":"Bought 3 Potions","damage_taken":0,"max_hp_gain":0,"max_hp_loss":0,"event_name":"The Woman in Blue","floor":21,"gold_loss":0}],"is_beta":false,"boss_relics":[{"not_picked":["Runic Dome","Velvet Choker"],"picked":"Philosopher\u0027s Stone"}],"items_purged_floors":[],"is_endless":false,"potions_floor_spawned":[1,6,8],"killed_by":"Slavers","ascension_level":1}