{"gold_per_floor":[12,12,28,28,48,74,74,91,117,135,135,162,175,50,50,155,155,175,96,96,141,151,186,186,221,248,248],"floor_reached":27,"playtime":1244,"items_purged":[],"score":338,"play_id":"637a7dad-1e72-426e-bd0f-57905a0275ab","local_time":"20190324215440","is_ascension_mode":true,"campfire_choices":[{"floor":11.0,"key":"REST"},{"floor":15.0,"key":"REST"},{"data":"Spot Weakness","floor":24.0,"key":"SMITH"}],"neow_cost":"NO_GOLD","seed_source_timestamp":0,"circlet_count":0,"master_deck":["Defend_R","Defend_R","Defend_R","Defend_R","Bash","Feed+1","Clothesline","Headbutt","Shrug It Off","Exhume","Armaments","Anger","Wild Strike","Anger","Flame Barrier","Immolate","Spot Weakness+1","Twin Strike","Havoc","Bite","Bite","Bite","Bite","Bite","Spot Weakness+1","Impervious","Anger+1"],"special_seed":0,"relics":["Burning Blood","Strawberry","Boot","Art of War","Mark of Pain","Ancient Tea Set","Shuriken","Anchor","Oddly Smooth Stone"],"potions_floor_usage":[27,27],"damage_taken":[{"damage":7.0,"enemies":"Jaw Worm","floor":1.0,"turns":2.0},{"damage":0.0,"enemies":"Cultist","floor":3.0,"turns":3.0},{"damage":0.0,"enemies":"2 Louse","floor":5.0,"turns":2.0},{"damage":42.0,"enemies":"Lagavulin","floor":6.0,"turns":6.0},{"damage":14.0,"enemies":"Looter","floor":8.0,"turns":3.0},{"damage":10.0,"enemies":"2 Fungi Beasts","floor":10.0,"turns":5.0},{"damage":42.0,"enemies":"3 Sentries","floor":12.0,"turns":9.0},{"damage":15.0,"enemies":"Exordium Thugs","floor":13.0,"turns":4.0},{"damage":61.0,"enemies":"Slime Boss","floor":16.0,"turns":13.0},{"damage":23.0,"enemies":"Chosen","floor":18.0,"turns":5.0},{"damage":6.0,"enemies":"3 Byrds","floor":22.0,"turns":3.0},{"damage":37.0,"enemies":"Slavers","floor":23.0,"turns":5.0},{"damage":62.0,"enemies":"Book of Stabbing","floor":25.0,"turns":7.0},{"damage":32,"enemies":"Sentry and Sphere","floor":27,"turns":5}],"seed_played":"-5305238293819857017","potions_obtained":[{"floor":3.0,"key":"SteroidPotion"},{"floor":6.0,"key":"PowerPotion"},{"floor":8.0,"key":"GamblersBrew"},{"floor":13.0,"key":"Explosive Potion"},{"floor":22.0,"key":"Block Potion"},{"floor":23.0,"key":"FearPotion"}],"is_trial":false,"path_per_floor":["M","?","M","?","M","E","?","M","T","M","R","E","M","$","R","B",null,"M","$","?","T","M","E","R","E","T","M"],"character_chosen":"IRONCLAD","items_purchased":["Flame Barrier","AttackPotion","Twin Strike","Havoc"],"campfire_rested":2,"item_purchase_floors":[14,14,19,19],"current_hp_per_floor":[82,82,86,86,89,63,43,39,39,39,71,43,38,38,73,22,123,106,106,86,86,86,67,67,23,23,0],"gold":248,"neow_bonus":"THREE_RARE_CARDS","is_prod":false,"is_daily":false,"chose_seed":false,"campfire_upgraded":1,"win_rate":0,"timestamp":1553486080,"path_taken":["M","?","?","?","M","E","?","M","T","M","R","E","M","$","R","BOSS","M","$","?","?","M","E","R","E","T","?"],"build_version":"2019-01-23","purchased_purges":0,"victory":false,"max_hp_per_floor":[83,83,86,86,89,99,99,103,103,107,107,115,119,119,119,123,123,123,123,86,86,86,90,90,90,90,90],"card_choices":[{"not_picked":["Demon Form","Limit Break"],"picked":"Feed","floor":0.0},{"not_picked":["Sword Boomerang","Warcry"],"picked":"Clothesline","floor":1.0},{"not_picked":["Heavy Blade","Wild Strike"],"picked":"Headbutt","floor":3.0},{"not_picked":["Heavy Blade","Twin Strike"],"picked":"Shrug It Off","floor":5.0},{"not_picked":["Dual Wield","Twin Strike"],"picked":"Exhume","floor":6.0},{"not_picked":["True Grit","Seeing Red"],"picked":"Armaments","floor":8.0},{"not_picked":["Armaments","Seeing Red"],"picked":"Anger","floor":10.0},{"not_picked":["Headbutt","Havoc"],"picked":"Wild Strike","floor":12.0},{"not_picked":["Clothesline","Seeing Red"],"picked":"Anger","floor":13.0},{"not_picked":["Dark Embrace","Fiend Fire"],"picked":"Immolate","floor":16.0},{"not_picked":["Perfected Strike","Flex"],"picked":"Spot Weakness","floor":18.0},{"not_picked":["Clash+1","Bludgeon"],"picked":"Spot Weakness+1","floor":22.0},{"not_picked":["Body Slam","Perfected Strike+1"],"picked":"Impervious","floor":23.0},{"not_picked":["Clash","Cleave"],"picked":"Anger+1","floor":25.0}],"player_experience":320987,"relics_obtained":[{"floor":6.0,"key":"Strawberry"},{"floor":9.0,"key":"Boot"},{"floor":12.0,"key":"Art of War"},{"floor":21.0,"key":"Ancient Tea Set"},{"floor":23.0,"key":"Shuriken"},{"floor":25.0,"key":"Anchor"},{"floor":26.0,"key":"Oddly Smooth Stone"}],"event_choices":[{"damage_healed":0.0,"max_hp_gain":0.0,"max_hp_loss":0.0,"gold_gain":0.0,"event_name":"WeMeetAgain","player_choice":"Ignored","floor":2.0,"gold_loss":0.0,"damage_taken":0.0},{"damage_healed":0.0,"max_hp_gain":0.0,"max_hp_loss":0.0,"gold_gain":0.0,"event_name":"Liars Game","player_choice":"Ignored","floor":4.0,"gold_loss":0.0,"damage_taken":0.0},{"damage_healed":0.0,"max_hp_gain":0.0,"max_hp_loss":0.0,"gold_gain":0.0,"event_name":"Shining Light","player_choice":"Entered Light","floor":7.0,"gold_loss":0.0,"damage_taken":20.0,"cards_upgraded":["Strike_R","Feed"]},{"damage_healed":0.0,"max_hp_gain":0.0,"max_hp_loss":37.0,"gold_gain":0.0,"event_name":"Vampires","player_choice":"Became a vampire","floor":20.0,"gold_loss":0.0,"damage_taken":0.0,"cards_obtained":["Bite","Bite","Bite","Bite","Bite"]}],"is_beta":false,"boss_relics":[{"not_picked":["Lizard Tail","Runic Pyramid"],"picked":"Mark of Pain"}],"items_purged_floors":[],"is_endless":false,"potions_floor_spawned":[3,6,8,13,22,23],"killed_by":"Sentry and Sphere","ascension_level":4}