{"gold_per_floor":[113,133,148,159,32,32,107,107,107,107,137,137,148,164,164,268,268,283,154,253,270,270,270,301,301,301,301,335,345,345,4,4,108,108,126,139,158,176,189,189,203,221,221,221,221,221,239,80,80,80,80,80,29,29],"floor_reached":54,"playtime":2645,"items_purged":["Strike_B","Strike_B","Defend_B"],"score":1021,"play_id":"e82aa0ff-7071-4dae-b213-e5aaa21e4325","local_time":"20190426001551","is_ascension_mode":true,"campfire_choices":[{"data":"Go for the Eyes","floor":6.0,"key":"SMITH"},{"data":"White Noise","floor":10.0,"key":"SMITH"},{"data":"Dualcast","floor":12.0,"key":"SMITH"},{"data":"Hologram","floor":15.0,"key":"SMITH"},{"data":"Biased Cognition","floor":23.0,"key":"SMITH"},{"floor":25.0,"key":"REST"},{"data":"Conserve Battery","floor":27.0,"key":"SMITH"},{"floor":32.0,"key":"REST"},{"floor":40,"key":"RECALL"},{"floor":45,"key":"REST"},{"floor":49,"key":"REST"},{"data":"Multi-Cast","floor":52,"key":"SMITH"}],"neow_cost":"NONE","seed_source_timestamp":1088440200160698,"circlet_count":0,"master_deck":["Defend_B","Defend_B+1","Defend_B+1","Zap","Dualcast+1","Echo Form","Gash","White Noise+1","Go for the Eyes+1","Hologram+1","Rebound","Self Repair","Ball Lightning","Melter","Biased Cognition+1","Conserve Battery+1","Compile Driver","FTL+1","Force Field+1","Core Surge","Gash+1","Turbo+1","Glacier","Multi-Cast+1","Redo+1","Capacitor","BootSequence"],"special_seed":0,"relics":["FrozenCore","Symbiotic Virus","Bottled Tornado","Philosopher\u0027s Stone","War Paint","Strawberry","Cables","Meat on the Bone"],"potions_floor_usage":[39,39,42,54,54],"damage_taken":[{"damage":7.0,"enemies":"Small Slimes","floor":1.0,"turns":4.0},{"damage":0.0,"enemies":"2 Louse","floor":2.0,"turns":2.0},{"damage":7.0,"enemies":"Jaw Worm","floor":3.0,"turns":2.0},{"damage":9.0,"enemies":"Red Slaver","floor":4.0,"turns":4.0},{"damage":35.0,"enemies":"Gremlin Nob","floor":11.0,"turns":4.0},{"damage":13.0,"enemies":"Blue Slaver","floor":13.0,"turns":2.0},{"damage":2.0,"enemies":"2 Fungi Beasts","floor":14.0,"turns":3.0},{"damage":0.0,"enemies":"The Guardian","floor":16.0,"turns":10.0},{"damage":9.0,"enemies":"Chosen","floor":18.0,"turns":4.0},{"damage":12.0,"enemies":"2 Thieves","floor":21.0,"turns":4.0},{"damage":39.0,"enemies":"Gremlin Leader","floor":24.0,"turns":6.0},{"damage":30.0,"enemies":"Book of Stabbing","floor":28.0,"turns":5.0},{"damage":9.0,"enemies":"Snecko","floor":29.0,"turns":4.0},{"damage":40.0,"enemies":"Automaton","floor":33.0,"turns":8.0},{"damage":5.0,"enemies":"3 Shapes","floor":35.0,"turns":3.0},{"damage":8.0,"enemies":"Orb Walker","floor":36.0,"turns":4.0},{"damage":17.0,"enemies":"4 Shapes","floor":37.0,"turns":9.0},{"damage":17.0,"enemies":"Transient","floor":38.0,"turns":5.0},{"damage":15,"enemies":"Writhing Mass","floor":39,"turns":9},{"damage":27,"enemies":"3 Darklings","floor":41,"turns":8},{"damage":17,"enemies":"Transient","floor":42,"turns":5},{"damage":21,"enemies":"Writhing Mass","floor":47,"turns":5},{"damage":25,"enemies":"Time Eater","floor":50,"turns":10},{"damage":72,"enemies":"Shield and Spear","floor":54,"turns":5}],"seed_played":"-5659878157851672402","potions_obtained":[{"floor":3.0,"key":"SkillPotion"},{"floor":11.0,"key":"Dexterity Potion"},{"floor":21.0,"key":"Swift Potion"},{"floor":29.0,"key":"Poison Potion"},{"floor":35.0,"key":"Poison Potion"},{"floor":38.0,"key":"GamblersBrew"},{"floor":42,"key":"SneckoOil"}],"is_trial":false,"path_per_floor":["M","M","M","M","$","R","?","?","T","R","E","R","M","M","R","B",null,"M","$","?","M","?","R","E","R","T","R","E","M","?","$","R","B",null,"M","M","M","M","M","R","M","M","T","?","R","?","M","$","R","B",null,"R","$","E"],"character_chosen":"DEFECT","items_purchased":["Rebound","Self Repair","Compile Driver","Cables","BootSequence","Block Potion"],"campfire_rested":4,"item_purchase_floors":[5,5,19,31,48,53],"current_hp_per_floor":[61,61,54,45,45,45,34,59,59,59,24,24,18,30,30,37,66,71,71,71,59,59,59,27,49,49,49,33,24,24,24,48,15,65,60,66,49,46,38,38,25,15,15,15,38,38,29,29,52,39,68,68,68,0],"gold":29,"neow_bonus":"ONE_RANDOM_RARE_CARD","is_prod":false,"is_daily":false,"chose_seed":false,"campfire_upgraded":7,"win_rate":0,"timestamp":1556205351,"path_taken":["M","M","M","M","$","R","?","?","T","R","E","R","M","?","R","BOSS","M","$","?","M","?","R","E","R","T","R","E","M","?","$","R","BOSS","M","M","M","M","M","R","M","M","T","?","R","?","?","$","R","BOSS","R","$","E"],"build_version":"2019-01-23","purchased_purges":3,"victory":false,"max_hp_per_floor":[75,75,75,75,75,75,75,75,75,75,75,75,75,75,75,75,75,75,75,75,75,75,75,75,75,75,75,82,82,82,82,82,82,82,82,82,82,82,82,82,82,82,82,78,78,78,78,78,78,78,78,78,78,78],"card_choices":[{"not_picked":["Cold Snap","Compile Driver"],"picked":"Gash","floor":1.0},{"not_picked":["Storm","Leap"],"picked":"White Noise","floor":2.0},{"not_picked":["Barrage","Consume"],"picked":"Go for the Eyes","floor":3.0},{"not_picked":["Melter","Meteor Strike"],"picked":"Hologram","floor":4.0},{"not_picked":["Sweeping Beam","Conserve Battery"],"picked":"Ball Lightning","floor":11.0},{"not_picked":["Streamline","Rebound","Stack"],"picked":"SKIP","floor":13.0},{"not_picked":["Doom and Gloom","Go for the Eyes"],"picked":"Melter","floor":14.0},{"not_picked":["Reboot","Buffer"],"picked":"Biased Cognition","floor":16.0},{"not_picked":["Hello World+1","Steam+1"],"picked":"Conserve Battery","floor":18.0},{"not_picked":["Rebound+1","Hologram+1"],"picked":"FTL+1","floor":21.0},{"not_picked":["Meteor Strike","Go for the Eyes","White Noise"],"picked":"SKIP","floor":24.0},{"not_picked":["Rebound","Compile Driver"],"picked":"Force Field+1","floor":28.0},{"not_picked":["Melter","Sweeping Beam","Beam Cell"],"picked":"SKIP","floor":29.0},{"not_picked":["Echo Form","Machine Learning"],"picked":"Core Surge","floor":33.0},{"not_picked":["Barrage","Streamline"],"picked":"Gash+1","floor":35.0},{"not_picked":["FTL+1","Rip and Tear+1"],"picked":"Turbo+1","floor":36.0},{"not_picked":["Sweeping Beam","Steam Power"],"picked":"Glacier","floor":37.0},{"not_picked":["Multi-Cast","Compile Driver","Sweeping Beam"],"picked":"SKIP","floor":38.0},{"not_picked":["Compile Driver","Sweeping Beam"],"picked":"Multi-Cast","floor":38.0},{"not_picked":["Streamline+1","Loop+1","Darkness+1"],"picked":"SKIP","floor":39},{"not_picked":["White Noise+1","Defragment"],"picked":"Redo+1","floor":41},{"not_picked":["Consume+1","Streamline"],"picked":"Capacitor","floor":42},{"not_picked":["White Noise","Tempest","Barrage+1"],"picked":"SKIP","floor":47}],"player_experience":435084,"relics_obtained":[{"floor":9.0,"key":"Symbiotic Virus"},{"floor":11.0,"key":"Bottled Tornado"},{"floor":24.0,"key":"War Paint"},{"floor":28.0,"key":"Strawberry"},{"floor":43,"key":"Meat on the Bone"}],"event_choices":[{"damage_healed":0.0,"max_hp_gain":0.0,"max_hp_loss":0.0,"gold_gain":75.0,"event_name":"World of Goop","player_choice":"Gather Gold","floor":7.0,"gold_loss":0.0,"damage_taken":11.0},{"damage_healed":25.0,"max_hp_gain":0.0,"max_hp_loss":0.0,"gold_gain":0.0,"event_name":"Big Fish","player_choice":"Banana","floor":8.0,"gold_loss":0.0,"damage_taken":0.0},{"damage_healed":0.0,"max_hp_gain":0.0,"max_hp_loss":0.0,"gold_gain":99.0,"event_name":"Nest","player_choice":"Stole From Cult","floor":20.0,"gold_loss":0.0,"damage_taken":0.0},{"damage_healed":0.0,"max_hp_gain":0.0,"max_hp_loss":0.0,"gold_gain":0.0,"event_name":"Vampires","player_choice":"Ignored","floor":22.0,"gold_loss":0.0,"damage_taken":0.0},{"cards_removed":["Strike_B"],"damage_healed":0.0,"max_hp_gain":0.0,"max_hp_loss":0.0,"gold_gain":0.0,"event_name":"Back to Basics","player_choice":"Elegance","floor":30.0,"gold_loss":0.0,"damage_taken":0.0},{"damage_healed":0,"gold_gain":0,"player_choice":"Max HP","damage_taken":0,"max_hp_gain":0,"max_hp_loss":4,"event_name":"Winding Halls","floor":44,"gold_loss":0},{"cards_removed":["Strike_B"],"damage_healed":0,"gold_gain":0,"player_choice":"Purged","damage_taken":0,"max_hp_gain":0,"max_hp_loss":0,"event_name":"Purifier","floor":46,"gold_loss":0}],"is_beta":false,"boss_relics":[{"not_picked":["Pandora\u0027s Box","Calling Bell"],"picked":"Philosopher\u0027s Stone"},{"not_picked":["Snecko Eye","Black Star"],"picked":"FrozenCore"}],"items_purged_floors":[19,31,48],"is_endless":false,"potions_floor_spawned":[3,11,21,29,35,37,38,42],"killed_by":"Shield and Spear","ascension_level":9}