{"gold_per_floor":[117,127,52,71,86,86,99,119,142,142,142,142,142,167,167,167],"floor_reached":16,"playtime":2244,"items_purged":["Pain"],"score":143,"play_id":"fbc8b4d6-ac72-435f-8234-992114504184","local_time":"20190408153436","is_ascension_mode":true,"campfire_choices":[{"data":"Neutralize","floor":6,"key":"SMITH"},{"data":"Well Laid Plans","floor":10,"key":"SMITH"},{"floor":13,"key":"REST"},{"data":"Footwork","floor":15,"key":"SMITH"}],"neow_cost":"CURSE","seed_source_timestamp":309076713875424,"circlet_count":0,"master_deck":["Defend_G","Defend_G","Defend_G","Defend_G","Defend_G","Strike_G","Strike_G","Strike_G","Strike_G","Survivor","Neutralize+1","PiercingWail","Footwork+1","Blur","PiercingWail","Escape Plan","Well Laid Plans+1","After Image","Venomology"],"relics":["Ring of the Snake","Potion Belt","Anchor","Dream Catcher"],"potions_floor_usage":[7,16,16,16],"damage_taken":[{"damage":3,"enemies":"2 Louse","floor":1,"turns":6},{"damage":17,"enemies":"Jaw Worm","floor":2,"turns":6},{"damage":0,"enemies":"Cultist","floor":4,"turns":5},{"damage":0,"enemies":"2 Fungi Beasts","floor":5,"turns":5},{"damage":0,"enemies":"3 Louse","floor":7,"turns":8},{"damage":0,"enemies":"Looter","floor":8,"turns":5},{"damage":3,"enemies":"3 Sentries","floor":14,"turns":20},{"damage":67,"enemies":"Slime Boss","floor":16,"turns":35}],"seed_played":"-678111919788106459","potions_obtained":[{"floor":5,"key":"Block Potion"},{"floor":7,"key":"Ancient Potion"},{"floor":8,"key":"Block Potion"}],"is_trial":false,"path_per_floor":["?","?"],"character_chosen":"THE_SILENT","items_purchased":[],"campfire_rested":1,"item_purchase_floors":[],"current_hp_per_floor":[74,57,57,57,57,57,57,57,57,57,45,45,70,67,67,0],"gold":167,"neow_bonus":"TWENTY_PERCENT_HP_BONUS","is_prod":false,"is_daily":false,"chose_seed":false,"campfire_upgraded":3,"win_rate":0,"timestamp":1554759276,"path_taken":["M","M","$","M","M","R","M","M","T","R","?","?","R","E","R","BOSS"],"build_version":"2019-01-23","purchased_purges":1,"victory":false,"max_hp_per_floor":[84,84,84,84,84,84,84,84,84,84,84,84,84,84,84,84],"card_choices":[{"not_picked":["Sucker Punch","Predator"],"picked":"PiercingWail","floor":1},{"not_picked":["Quick Slash","Dagger Throw"],"picked":"Footwork","floor":2},{"not_picked":["Leg Sweep","Outmaneuver"],"picked":"Blur","floor":4},{"not_picked":["Eviscerate","Prepared"],"picked":"PiercingWail","floor":5},{"not_picked":["Choke","Slice"],"picked":"Escape Plan","floor":7},{"not_picked":["Escape Plan","Underhanded Strike"],"picked":"Well Laid Plans","floor":8},{"not_picked":["Flechettes","Bane"],"picked":"Venomology","floor":14}],"player_experience":548646,"relics_obtained":[{"floor":9,"key":"Potion Belt"},{"floor":14,"key":"Dream Catcher"}],"event_choices":[{"damage_healed":0,"gold_gain":0,"player_choice":"Success","damage_taken":12,"relics_obtained":["Anchor"],"max_hp_gain":0,"max_hp_loss":0,"event_name":"Scrap Ooze","floor":11,"gold_loss":0},{"damage_healed":0,"gold_gain":0,"cards_transformed":["Strike_G"],"player_choice":"Change","damage_taken":0,"max_hp_gain":0,"max_hp_loss":0,"event_name":"Living Wall","floor":12,"gold_loss":0,"cards_obtained":["After Image"]}],"is_beta":false,"boss_relics":[],"items_purged_floors":[3],"is_endless":false,"potions_floor_spawned":[5,7,8],"killed_by":"Slime Boss","ascension_level":8}