{"gold_per_floor":[117,117,129,149,164,164,179,4,4,4],"floor_reached":10,"playtime":468,"items_purged":[],"score":84,"play_id":"0f8fef96-26a1-4b70-80ce-362f6395ca1e","local_time":"20190411162931","is_ascension_mode":true,"campfire_choices":[{"data":"Neutralize","floor":6,"key":"SMITH"}],"neow_cost":"NONE","seed_source_timestamp":10011507630222,"circlet_count":0,"master_deck":["Defend_G","Defend_G","Defend_G","Defend_G","Defend_G","Strike_G","Strike_G","Strike_G","Strike_G","Strike_G","Survivor","Neutralize+1","Underhanded Strike","Poisoned Stab","All Out Attack","Underhanded Strike","PiercingWail","Night Terror","Enlightenment"],"relics":["Ring of the Snake","FaceOfCleric","Matryoshka"],"potions_floor_usage":[7],"damage_taken":[{"damage":3,"enemies":"Jaw Worm","floor":1,"turns":7},{"damage":3,"enemies":"Cultist","floor":3,"turns":4},{"damage":7,"enemies":"Small Slimes","floor":4,"turns":4},{"damage":37,"enemies":"Exordium Thugs","floor":5,"turns":7},{"damage":12,"enemies":"3 Louse","floor":7,"turns":6},{"damage":32,"enemies":"Lagavulin","floor":10,"turns":7}],"seed_played":"1119272274718500699","potions_obtained":[{"floor":3,"key":"Dexterity Potion"},{"floor":5,"key":"Regen Potion"},{"floor":7,"key":"Explosive Potion"}],"is_trial":false,"path_per_floor":["M","?","M","M","M","R","M","$","T","E"],"character_chosen":"THE_SILENT","items_purchased":["Night Terror","Enlightenment"],"campfire_rested":0,"item_purchase_floors":[8,8],"current_hp_per_floor":[67,67,65,59,23,23,27,27,27,0],"gold":4,"neow_bonus":"TEN_PERCENT_HP_BONUS","is_prod":false,"is_daily":false,"chose_seed":false,"campfire_upgraded":1,"win_rate":0,"timestamp":1555025371,"path_taken":["M","?","?","M","M","R","M","?","T","E"],"build_version":"2019-01-23","purchased_purges":0,"victory":false,"max_hp_per_floor":[77,77,78,79,80,80,81,81,81,81],"card_choices":[{"not_picked":["Dodge and Roll","Backflip"],"picked":"Underhanded Strike","floor":1},{"not_picked":["Catalyst","Skewer"],"picked":"Poisoned Stab","floor":3},{"not_picked":["Dagger Spray","Skewer"],"picked":"All Out Attack","floor":4},{"not_picked":["Dodge and Roll","Predator"],"picked":"Underhanded Strike","floor":5},{"not_picked":["Dodge and Roll","Sucker Punch"],"picked":"PiercingWail","floor":7}],"player_experience":208102,"relics_obtained":[{"floor":9,"key":"Matryoshka"}],"event_choices":[{"damage_healed":0,"gold_gain":0,"player_choice":"Trade","damage_taken":0,"relics_obtained":["FaceOfCleric"],"max_hp_gain":0,"max_hp_loss":0,"event_name":"FaceTrader","floor":2,"gold_loss":0}],"is_beta":false,"boss_relics":[],"items_purged_floors":[],"is_endless":false,"potions_floor_spawned":[3,5,7],"killed_by":"Lagavulin","ascension_level":8}