{"gold_per_floor":[119,133,133,133,133,162,181,256,256,256,278,289,289,300,300,402,402,414,414,339,357,377,410,430,448,526,441,461,461,107,140,140,241,241,251,49,49,63,75,75,43,43,43,71,85,85,85,95,95,95],"floor_reached":51,"playtime":2895,"items_purged":["Strike_R+1","Strike_R+1"],"score":742,"play_id":"507392b3-35e8-42d4-bcaf-88224d35527c","local_time":"20180914233210","is_ascension_mode":false,"campfire_choices":[{"data":"Armaments","floor":10.0,"key":"SMITH"},{"data":"Iron Wave","floor":13.0,"key":"SMITH"},{"data":"Barricade","floor":15.0,"key":"SMITH"},{"data":"Searing Blow","floor":29.0,"key":"SMITH"},{"floor":32.0,"key":"REST"},{"data":"Searing Blow+1","floor":40,"key":"SMITH"},{"data":"Searing Blow+2","floor":47,"key":"SMITH"},{"data":"Entrench","floor":49,"key":"SMITH"}],"neow_cost":"NONE","seed_source_timestamp":0,"circlet_count":0,"master_deck":["Strike_R+1","Strike_R+1","Defend_R+1","Defend_R+1","Defend_R+1","Defend_R+1","Bash","Iron Wave+1","Iron Wave","Armaments+1","Barricade+1","Searing Blow+3","Metallicize","Headbutt","Metallicize","Shrug It Off","Shrug It Off+1","Madness","Entrench+1","True Grit+1"],"special_seed":0,"relics":["Burning Blood","NeowsBlessing","Darkstone Periapt","Strawberry","Odd Mushroom","Velvet Choker","Juzu Bracelet","Matryoshka","Prayer Wheel","Ornamental Fan","The Courier","Busted Crown","Kunai","Bag of Preparation","Toxic Egg 2","Ice Cream","Du-Vu Doll"],"potions_floor_usage":[50,50],"damage_taken":[{"damage":0.0,"enemies":"Small Slimes","floor":1.0,"turns":1.0},{"damage":0.0,"enemies":"Jaw Worm","floor":2.0,"turns":1.0},{"damage":0.0,"enemies":"Lagavulin","floor":6.0,"turns":1.0},{"damage":1.0,"enemies":"Cultist","floor":7.0,"turns":4.0},{"damage":10.0,"enemies":"The Mushroom Lair","floor":11.0,"turns":4.0},{"damage":11.0,"enemies":"Large Slime","floor":12.0,"turns":7.0},{"damage":24.0,"enemies":"Gremlin Gang","floor":14.0,"turns":5.0},{"damage":27.0,"enemies":"The Guardian","floor":16.0,"turns":15.0},{"damage":0.0,"enemies":"Shell Parasite","floor":18.0,"turns":9.0},{"damage":0.0,"enemies":"3 Byrds","floor":21.0,"turns":7.0},{"damage":6.0,"enemies":"Centurion and Healer","floor":22.0,"turns":9.0},{"damage":32.0,"enemies":"Gremlin Leader","floor":23.0,"turns":9.0},{"damage":2.0,"enemies":"Shelled Parasite and Fungi","floor":24.0,"turns":9.0},{"damage":8.0,"enemies":"Snake Plant","floor":25.0,"turns":10.0},{"damage":55.0,"enemies":"3 Cultists","floor":28.0,"turns":8.0},{"damage":25.0,"enemies":"Slavers","floor":31.0,"turns":8.0},{"damage":3.0,"enemies":"Champ","floor":33.0,"turns":24.0},{"damage":0,"enemies":"3 Shapes","floor":35,"turns":6},{"damage":3,"enemies":"Orb Walker","floor":38,"turns":7},{"damage":10,"enemies":"Maw","floor":39,"turns":13},{"damage":0,"enemies":"Giant Head","floor":44,"turns":16},{"damage":0,"enemies":"Spire Growth","floor":45,"turns":8},{"damage":0,"enemies":"Mind Bloom Boss Battle","floor":46,"turns":11},{"damage":19,"enemies":"Transient","floor":48,"turns":5},{"damage":9,"enemies":"Donu and Deca","floor":50,"turns":29}],"seed_played":"-2424795218975068459","potions_obtained":[{"floor":11.0,"key":"Ancient Potion"},{"floor":12.0,"key":"SneckoOil"},{"floor":21.0,"key":"Regen Potion"},{"floor":22.0,"key":"Swift Potion"},{"floor":28.0,"key":"AttackPotion"},{"floor":35,"key":"Weak Potion"},{"floor":39,"key":"Swift Potion"},{"floor":44,"key":"AttackPotion"}],"is_trial":false,"path_per_floor":["M","M","?","?","?","E","M","?","T","R","?","M","R","M","R","B",null,"M","?","$","M","M","E","M","M","T","?","M","R","$","E","R","B",null,"M","$","?","M","M","R","$","?","T","E","M","?","R","M","R","B"],"character_chosen":"IRONCLAD","items_purchased":["Ornamental Fan","Kunai","Entrench"],"campfire_rested":1,"item_purchase_floors":[30,36,41],"current_hp_per_floor":[80,80,85,78,70,76,81,70,77,77,73,68,68,50,50,29,92,92,92,92,92,92,66,70,68,68,68,33,33,33,14,41,44,92,92,92,80,83,79,79,79,92,92,92,92,92,92,79,79,76],"gold":95,"neow_bonus":"THREE_ENEMY_KILL","is_prod":false,"is_daily":false,"chose_seed":false,"campfire_upgraded":7,"win_rate":0,"timestamp":1536993130,"path_taken":["M","M","?","?","?","E","M","?","T","R","?","?","R","M","R","BOSS","M","?","$","M","?","E","M","M","T","?","M","R","$","E","R","BOSS","M","$","?","M","M","R","?","?","T","E","M","?","R","M","R","BOSS"],"build_version":"2018-09-06","purchased_purges":2,"victory":true,"max_hp_per_floor":[80,80,85,85,85,85,85,85,92,92,92,92,92,92,92,92,92,92,92,92,92,92,92,92,92,92,92,92,92,92,92,92,92,92,92,92,92,92,92,92,92,92,92,92,92,92,92,92,92,92],"card_choices":[{"not_picked":["Flex","Twin Strike","Power Through"],"picked":"SKIP","floor":1.0},{"not_picked":["Twin Strike","Hemokinesis"],"picked":"Iron Wave","floor":2.0},{"not_picked":["Warcry","Wild Strike"],"picked":"Iron Wave","floor":6.0},{"not_picked":["Clash","Infernal Blade"],"picked":"Armaments","floor":7.0},{"not_picked":["Evolve","Warcry","Carnage"],"picked":"SKIP","floor":12.0},{"not_picked":["Clash","Sword Boomerang"],"picked":"Barricade","floor":14.0},{"not_picked":["Evolve","Clothesline"],"picked":"Searing Blow","floor":18.0},{"not_picked":["Body Slam","Reckless Charge"],"picked":"Metallicize","floor":21.0},{"not_picked":["Heavy Blade","Clash+1","Inflame"],"picked":"SKIP","floor":22.0},{"not_picked":["Thunderclap+1","True Grit","Wild Strike"],"picked":"SKIP","floor":23.0},{"not_picked":["Perfected Strike+1","Bludgeon","Feel No Pain"],"picked":"SKIP","floor":24.0},{"not_picked":["Wild Strike","Uppercut"],"picked":"Headbutt","floor":25.0},{"not_picked":["Pummel","Clothesline"],"picked":"Metallicize","floor":28.0},{"not_picked":["Carnage","Clothesline"],"picked":"Shrug It Off","floor":28.0},{"not_picked":["Barricade","Reckless Charge","Cleave+1"],"picked":"SKIP","floor":31.0},{"not_picked":[],"picked":"Shrug It Off+1","floor":35},{"not_picked":["Flex"],"picked":"SKIP","floor":35},{"not_picked":["Sword Boomerang+1"],"picked":"SKIP","floor":38},{"not_picked":["Second Wind"],"picked":"SKIP","floor":38},{"not_picked":["Thunderclap+1"],"picked":"SKIP","floor":39},{"not_picked":["Clash+1"],"picked":"SKIP","floor":39},{"not_picked":["Heavy Blade+1"],"picked":"SKIP","floor":44},{"not_picked":[],"picked":"True Grit+1","floor":45},{"not_picked":["Clothesline"],"picked":"SKIP","floor":45},{"not_picked":["Reckless Charge+1"],"picked":"SKIP","floor":48},{"not_picked":["Barricade"],"picked":"SKIP","floor":48}],"player_experience":223118,"relics_obtained":[{"floor":6.0,"key":"Darkstone Periapt"},{"floor":9.0,"key":"Strawberry"},{"floor":11.0,"key":"Odd Mushroom"},{"floor":23.0,"key":"Juzu Bracelet"},{"floor":26.0,"key":"Matryoshka"},{"floor":31.0,"key":"The Courier"},{"floor":43,"key":"Bag of Preparation"},{"floor":43,"key":"Toxic Egg 2"},{"floor":44,"key":"Ice Cream"},{"floor":46,"key":"Du-Vu Doll"}],"event_choices":[{"event_name":"Big Fish","player_choice":"Donut","floor":3.0,"damage_taken":0.0},{"event_name":"Golden Wing","player_choice":"Card Removal","floor":4.0,"damage_taken":0.0},{"event_name":"Wheel of Change","player_choice":"Damage","floor":5.0,"damage_taken":0.0},{"event_name":"World of Goop","player_choice":"Gather Gold","floor":8.0,"damage_taken":0.0},{"event_name":"Mushrooms","player_choice":"Fought Mushrooms","floor":11.0,"damage_taken":0.0},{"event_name":"Back to Basics","player_choice":"Simplicity","floor":19.0,"damage_taken":0.0},{"event_name":"Addict","player_choice":"Obtained Relic","floor":27.0,"damage_taken":0.0},{"event_name":"Winding Halls","player_choice":"Embrace Madness","floor":37,"damage_taken":0},{"event_name":"Bonfire Elementals","player_choice":"UNCOMMON","floor":42,"damage_taken":0},{"event_name":"MindBloom","player_choice":"Fight","floor":46,"damage_taken":0}],"is_beta":false,"boss_relics":[{"not_picked":["Black Blood","Orrery"],"picked":"Velvet Choker"},{"not_picked":["Coffee Dripper","Empty Cage"],"picked":"Busted Crown"}],"items_purged_floors":[20,30],"is_endless":false,"potions_floor_spawned":[11,12,21,22,24,28,35,39,44],"ascension_level":0}