{"gold_per_floor":[112,37,37,0,14,44,67,67,90,102,126,138,164,176,188,278,290,319,331,362,374,386,398,426,452,489,532,557,651,698,725,737,825,837,863,875,887,909,921],"floor_reached":39,"playtime":2023,"items_purged":[],"score":833,"play_id":"a0034818-5cbd-449e-8aa8-08ba42675819","local_time":"20190415170813","is_ascension_mode":true,"campfire_choices":[{"floor":8,"key":"REST"},{"data":"Flame Barrier","floor":10,"key":"SMITH"},{"data":"Shrug It Off","floor":12,"key":"SMITH"},{"data":"Clothesline","floor":15,"key":"SMITH"},{"data":"Shockwave","floor":23,"key":"SMITH"},{"floor":32,"key":"REST"}],"neow_cost":"TEN_PERCENT_HP_LOSS","seed_source_timestamp":131521084309269,"circlet_count":0,"master_deck":["AscendersBane","Strike_R","Strike_R","Defend_R","Defend_R","Defend_R","Defend_R","Bash","Reaper","Flame Barrier+1","Headbutt","Clothesline+1","Shrug It Off+1","Shrug It Off","Cleave","Offering","Shockwave+1","Heavy Blade","Writhe","Rupture","Brutality","Reaper","Heavy Blade+1","Double Tap","Rupture","Heavy Blade+1","Feed","Doubt","Clumsy","Shame","Corruption+1"],"relics":["Burning Blood","The Courier","Odd Mushroom","MawBank","Velvet Choker","Bag of Marbles","Dream Catcher","PreservedInsect","Bottled Tornado","Juzu Bracelet","Calling Bell","Centennial Puzzle","Mercury Hourglass","Calipers","Orichalcum"],"potions_floor_usage":[7,7,13,16,27,27,30,38],"damage_taken":[{"damage":6,"enemies":"2 Louse","floor":1,"turns":3},{"damage":7,"enemies":"Jaw Worm","floor":5,"turns":6},{"damage":44,"enemies":"3 Sentries","floor":6,"turns":13},{"damage":21,"enemies":"The Mushroom Lair","floor":7,"turns":7},{"damage":4,"enemies":"Small Slimes","floor":11,"turns":5},{"damage":0,"enemies":"3 Louse","floor":13,"turns":2},{"damage":62,"enemies":"Hexaghost","floor":16,"turns":15},{"damage":0,"enemies":"3 Byrds","floor":18,"turns":2},{"damage":22,"enemies":"Spheric Guardian","floor":20,"turns":4},{"damage":14,"enemies":"Snecko","floor":24,"turns":6},{"damage":13,"enemies":"Snake Plant","floor":25,"turns":4},{"damage":28,"enemies":"Slavers","floor":27,"turns":4},{"damage":24,"enemies":"Centurion and Healer","floor":28,"turns":8},{"damage":66,"enemies":"Gremlin Leader","floor":30,"turns":6},{"damage":37,"enemies":"Shelled Parasite and Fungi","floor":31,"turns":8},{"damage":71,"enemies":"Champ","floor":33,"turns":8},{"damage":36,"enemies":"3 Shapes","floor":35,"turns":9},{"damage":39,"enemies":"3 Darklings","floor":38,"turns":7},{"damage":80,"enemies":"2 Orb Walkers","floor":39,"turns":3}],"seed_played":"-2007594608281383334","potions_obtained":[{"floor":1,"key":"Weak Potion"},{"floor":5,"key":"SkillPotion"},{"floor":11,"key":"Explosive Potion"},{"floor":13,"key":"Strength Potion"},{"floor":20,"key":"SteroidPotion"},{"floor":24,"key":"Fire Potion"},{"floor":28,"key":"SteroidPotion"},{"floor":33,"key":"GamblersBrew"}],"is_trial":false,"path_per_floor":["M","?","?","?","M","E","?","R","T","R","M","R","M","?","R","B",null,"M","$","M","$","?","R","M","M","T","E","M","T","E","M","R","B",null,"M","$","T","M","?"],"character_chosen":"IRONCLAD","items_purchased":[],"campfire_rested":2,"item_purchase_floors":[],"current_hp_per_floor":[68,68,61,61,60,30,27,47,47,47,55,55,61,61,61,9,53,65,65,49,49,49,49,47,44,44,61,59,59,54,39,59,26,58,50,50,50,71,0],"gold":921,"neow_bonus":"THREE_RARE_CARDS","is_prod":false,"is_daily":false,"chose_seed":false,"campfire_upgraded":4,"win_rate":0,"timestamp":1555373293,"path_taken":["M","?","?","?","M","E","?","R","T","R","M","R","M","?","R","BOSS","M","$","?","$","?","R","M","M","T","E","M","?","E","M","R","BOSS","M","$","?","M","?"],"build_version":"2019-01-23","purchased_purges":0,"victory":false,"max_hp_per_floor":[68,68,68,68,68,68,68,68,68,68,68,68,68,68,68,68,68,68,68,68,68,68,68,68,68,68,68,68,68,68,68,68,68,68,71,71,71,71,71],"card_choices":[{"not_picked":["Immolate","Exhume"],"picked":"Reaper","floor":0},{"not_picked":["Corruption","Searing Blow"],"picked":"Flame Barrier","floor":1},{"not_picked":["Whirlwind","Second Wind"],"picked":"Headbutt","floor":5},{"not_picked":["Body Slam","True Grit"],"picked":"Clothesline","floor":6},{"not_picked":["Battle Trance","Clothesline"],"picked":"Shrug It Off","floor":7},{"not_picked":["Pummel","Bloodletting"],"picked":"Shrug It Off","floor":11},{"not_picked":["Reckless Charge","Sentinel"],"picked":"Cleave","floor":13},{"not_picked":["Impervious","Dark Embrace"],"picked":"Offering","floor":16},{"not_picked":["Uppercut","Pommel Strike"],"picked":"Shockwave","floor":18},{"not_picked":["Seeing Red","Anger"],"picked":"Heavy Blade","floor":20},{"not_picked":["Body Slam+1","Heavy Blade"],"picked":"Rupture","floor":24},{"not_picked":["Blood for Blood","Clash"],"picked":"Brutality","floor":25},{"not_picked":["Heavy Blade","Shrug It Off"],"picked":"Reaper","floor":27},{"not_picked":["Shrug It Off+1","Iron Wave+1"],"picked":"Heavy Blade+1","floor":28},{"not_picked":["Evolve+1","Rage"],"picked":"Double Tap","floor":30},{"not_picked":["Anger","Headbutt"],"picked":"Rupture","floor":31},{"not_picked":["Anger","Perfected Strike"],"picked":"Heavy Blade+1","floor":32},{"not_picked":["Dark Embrace","Bludgeon"],"picked":"Feed","floor":33},{"not_picked":["Clash","Armaments","Iron Wave+1"],"picked":"SKIP","floor":35},{"not_picked":["Cleave","Warcry+1"],"picked":"Corruption+1","floor":38}],"player_experience":435859,"relics_obtained":[{"floor":6,"key":"The Courier"},{"floor":7,"key":"Odd Mushroom"},{"floor":9,"key":"MawBank"},{"floor":26,"key":"Dream Catcher"},{"floor":27,"key":"PreservedInsect"},{"floor":29,"key":"Bottled Tornado"},{"floor":30,"key":"Juzu Bracelet"},{"floor":34,"key":"Centennial Puzzle"},{"floor":34,"key":"Mercury Hourglass"},{"floor":34,"key":"Calipers"},{"floor":37,"key":"Orichalcum"}],"event_choices":[{"cards_removed":["Strike_R"],"damage_healed":0,"gold_gain":0,"player_choice":"Card Removal","damage_taken":0,"max_hp_gain":0,"max_hp_loss":0,"event_name":"The Cleric","floor":2,"gold_loss":75},{"cards_removed":["Strike_R"],"damage_healed":0,"gold_gain":0,"player_choice":"Card Removal","damage_taken":7,"max_hp_gain":0,"max_hp_loss":0,"event_name":"Golden Wing","floor":3,"gold_loss":0},{"damage_healed":0,"gold_gain":0,"player_choice":"Left Gold","damage_taken":0,"max_hp_gain":0,"max_hp_loss":0,"event_name":"World of Goop","floor":4,"gold_loss":37},{"damage_healed":0,"gold_gain":0,"player_choice":"Fought Mushrooms","damage_taken":0,"max_hp_gain":0,"max_hp_loss":0,"event_name":"Mushrooms","floor":7,"gold_loss":0},{"cards_removed":["Strike_R"],"damage_healed":0,"gold_gain":0,"player_choice":"Offered Basic","damage_taken":0,"max_hp_gain":0,"max_hp_loss":0,"event_name":"Bonfire Elementals","floor":14,"gold_loss":0},{"damage_healed":0,"gold_gain":0,"player_choice":"Opened","damage_taken":0,"relics_obtained":["Bag of Marbles"],"max_hp_gain":0,"max_hp_loss":0,"event_name":"The Mausoleum","floor":22,"gold_loss":0,"cards_obtained":["Writhe"]},{"damage_healed":0,"gold_gain":0,"player_choice":"Fight","damage_taken":0,"max_hp_gain":0,"max_hp_loss":0,"event_name":"Mysterious Sphere","floor":39,"gold_loss":0}],"is_beta":false,"boss_relics":[{"not_picked":["Busted Crown","Pandora\u0027s Box"],"picked":"Velvet Choker"},{"not_picked":["Astrolabe","Coffee Dripper"],"picked":"Calling Bell"}],"items_purged_floors":[],"is_endless":false,"potions_floor_spawned":[1,5,11,13,20,24,28,33],"killed_by":"2 Orb Walkers","ascension_level":15}