{"gold_per_floor":[111,124,142,32,32,44,44,9,82,82,97,111,126,140,140,245,245,263,96,96,110,110,136,136],"floor_reached":24,"playtime":1123,"items_purged":["Strike_B","Defend_B"],"score":325,"play_id":"8b0c5ff9-b500-4bf8-8373-6c5d9f805c26","local_time":"20190401222044","is_ascension_mode":true,"campfire_choices":[{"data":"Darkness","floor":7,"key":"SMITH"},{"data":"Defragment","floor":10,"key":"SMITH"},{"data":"Loop","floor":15,"key":"SMITH"}],"neow_cost":"NONE","seed_source_timestamp":1562090098429264,"circlet_count":0,"master_deck":["Strike_B","Strike_B","Defend_B","Defend_B","Defend_B","Zap","Dualcast","Dramatic Entrance","Capacitor","Redo","Genetic Algorithm","Darkness+1","Loop+1","Compile Driver","Defragment+1","Cold Snap","Stack","Cold Snap","Electrodynamics","Double Energy+1","Sunder","Ball Lightning","Static Discharge"],"relics":["Cracked Core","Shuriken","White Beast Statue","MutagenicStrength","Ancient Tea Set"],"potions_floor_usage":[16,18,23,24,24,24],"damage_taken":[{"damage":1,"enemies":"Cultist","floor":1,"turns":3},{"damage":0,"enemies":"Small Slimes","floor":2,"turns":2},{"damage":12,"enemies":"Jaw Worm","floor":3,"turns":2},{"damage":0,"enemies":"Large Slime","floor":6,"turns":3},{"damage":0,"enemies":"Exordium Wildlife","floor":11,"turns":2},{"damage":6,"enemies":"Looter","floor":12,"turns":3},{"damage":6,"enemies":"Red Slaver","floor":13,"turns":4},{"damage":4,"enemies":"Blue Slaver","floor":14,"turns":4},{"damage":0,"enemies":"Slime Boss","floor":16,"turns":7},{"damage":15,"enemies":"3 Byrds","floor":18,"turns":4},{"damage":9,"enemies":"Shell Parasite","floor":21,"turns":4},{"damage":36,"enemies":"Gremlin Leader","floor":23,"turns":6},{"damage":11,"enemies":"Snake Plant","floor":24,"turns":2}],"seed_played":"5646966993523021175","potions_obtained":[{"floor":1,"key":"Dexterity Potion"},{"floor":2,"key":"FocusPotion"},{"floor":12,"key":"Weak Potion"},{"floor":18,"key":"SpeedPotion"},{"floor":21,"key":"FearPotion"},{"floor":23,"key":"FearPotion"}],"is_trial":false,"path_per_floor":["M","M","M","$","?","M","R","$","T","R","M","M","M","M","R","B",null,"M","$","?","M","?","E","M"],"character_chosen":"DEFECT","items_purchased":["Darkness","Defragment","Sunder"],"campfire_rested":0,"item_purchase_floors":[4,8,19],"current_hp_per_floor":[74,74,62,62,62,62,62,62,62,62,62,56,50,46,46,46,68,53,53,53,44,44,8,0],"gold":136,"neow_bonus":"RANDOM_COLORLESS","is_prod":false,"is_daily":false,"chose_seed":false,"campfire_upgraded":3,"win_rate":0,"timestamp":1554124844,"path_taken":["M","?","M","$","?","M","R","?","T","R","M","?","M","M","R","BOSS","M","$","?","M","?","E","M"],"build_version":"2019-01-23","purchased_purges":2,"victory":false,"max_hp_per_floor":[75,75,75,75,75,75,75,75,75,75,75,75,75,75,75,75,75,75,75,75,75,75,75,75],"card_choices":[{"not_picked":["Double Energy","Redo"],"picked":"Capacitor","floor":1},{"not_picked":["Beam Cell","Sweeping Beam"],"picked":"Redo","floor":2},{"not_picked":["Steam","Streamline"],"picked":"Genetic Algorithm","floor":3},{"not_picked":["Genetic Algorithm","Reprogram"],"picked":"Compile Driver","floor":6},{"not_picked":["Compile Driver","Streamline"],"picked":"Cold Snap","floor":11},{"not_picked":["Loop","Recycle"],"picked":"Stack","floor":12},{"not_picked":["Beam Cell","Barrage","Creative AI"],"picked":"SKIP","floor":13},{"not_picked":["Coolheaded","Redo"],"picked":"Cold Snap","floor":14},{"not_picked":["Buffer","Meteor Strike"],"picked":"Electrodynamics","floor":16},{"not_picked":["Coolheaded","Heatsinks"],"picked":"Double Energy+1","floor":18},{"not_picked":["Go for the Eyes","Barrage"],"picked":"Ball Lightning","floor":21},{"not_picked":["Scrape","Beam Cell"],"picked":"Static Discharge","floor":23}],"player_experience":231181,"relics_obtained":[{"floor":9,"key":"Shuriken"},{"floor":23,"key":"Ancient Tea Set"}],"event_choices":[{"damage_healed":0,"gold_gain":0,"cards_transformed":["Strike_B"],"player_choice":"Transformed","damage_taken":0,"max_hp_gain":0,"max_hp_loss":0,"event_name":"Transmorgrifier","floor":5,"gold_loss":0,"cards_obtained":["Loop"]},{"damage_healed":0,"gold_gain":0,"player_choice":"Ignored","damage_taken":0,"max_hp_gain":0,"max_hp_loss":0,"event_name":"Vampires","floor":20,"gold_loss":0},{"damage_healed":0,"gold_gain":0,"player_choice":"Inject Mutagens","damage_taken":0,"relics_obtained":["MutagenicStrength"],"max_hp_gain":0,"max_hp_loss":0,"event_name":"Drug Dealer","floor":22,"gold_loss":0}],"is_beta":false,"boss_relics":[{"not_picked":["Astrolabe","Runic Pyramid"],"picked":"White Beast Statue"}],"items_purged_floors":[4,19],"is_endless":false,"potions_floor_spawned":[1,2,12,13,18,21,23],"killed_by":"Snake Plant","ascension_level":5}