{"gold_per_floor":[110,110,126,51,51,78,93,122,169,169,195,215,231,58,58,156,156,168,83,118,28,48,48,67,78,131,131],"floor_reached":27,"playtime":1124,"items_purged":["Strike_B","Strike_B"],"score":297,"play_id":"acd31085-7240-4970-b7d6-72f4b46f6ca3","local_time":"20190404184839","is_ascension_mode":true,"campfire_choices":[{"data":"Defragment","floor":10,"key":"SMITH"},{"data":"White Noise","floor":15,"key":"SMITH"},{"floor":23,"key":"REST"}],"neow_cost":"NONE","seed_source_timestamp":32862487261506,"circlet_count":0,"master_deck":["Strike_B","Defend_B","Defend_B","Defend_B","Defend_B","Zap+1","Dualcast","Ball Lightning","Conserve Battery","Conserve Battery","Ball Lightning","Defragment+1","Doom and Gloom","FTL+1","White Noise+1","White Noise","Machine Learning","Cold Snap+1","FTL","Ball Lightning","White Noise","Steam+1","Loop"],"relics":["FrozenCore","NeowsBlessing","Question Card","Bag of Preparation","Oddly Smooth Stone","Dream Catcher","Boot","Red Mask","Tiny Chest"],"potions_floor_usage":[11],"damage_taken":[{"damage":0,"enemies":"2 Louse","floor":1,"turns":1},{"damage":0,"enemies":"Cultist","floor":3,"turns":1},{"damage":0,"enemies":"Gremlin Nob","floor":6,"turns":1},{"damage":0,"enemies":"Jaw Worm","floor":7,"turns":3},{"damage":8,"enemies":"3 Sentries","floor":8,"turns":6},{"damage":4,"enemies":"Lagavulin","floor":11,"turns":5},{"damage":0,"enemies":"Red Slaver","floor":12,"turns":3},{"damage":0,"enemies":"Exordium Thugs","floor":13,"turns":2},{"damage":22,"enemies":"Slime Boss","floor":16,"turns":6},{"damage":16,"enemies":"3 Byrds","floor":18,"turns":5},{"damage":37,"enemies":"Masked Bandits","floor":20,"turns":4},{"damage":0,"enemies":"Shell Parasite","floor":22,"turns":4},{"damage":7,"enemies":"Shelled Parasite and Fungi","floor":24,"turns":5},{"damage":8,"enemies":"Chosen and Byrds","floor":25,"turns":4},{"damage":29,"enemies":"Book of Stabbing","floor":27,"turns":5}],"seed_played":"-7126577040730432743","potions_obtained":[{"floor":1,"key":"Poison Potion"},{"floor":7,"key":"Dexterity Potion"},{"floor":11,"key":"Fire Potion"},{"floor":12,"key":"SpeedPotion"},{"floor":24,"key":"SteroidPotion"},{"floor":25,"key":"Swift Potion"}],"is_trial":false,"path_per_floor":["M","?","M","$","?","E","M","E","T","R","E","M","M","$","R","B",null,"M","?","?","?","M","R","M","M","T","E"],"character_chosen":"DEFECT","items_purchased":["White Noise"],"campfire_rested":1,"item_purchase_floors":[14],"current_hp_per_floor":[75,75,75,75,75,75,75,67,67,67,63,63,63,63,63,41,75,59,59,22,22,22,44,37,29,29,0],"gold":131,"neow_bonus":"THREE_ENEMY_KILL","is_prod":false,"is_daily":false,"chose_seed":false,"campfire_upgraded":2,"win_rate":0,"timestamp":1554396519,"path_taken":["M","?","?","$","?","E","?","E","T","R","E","M","M","$","R","BOSS","M","?","?","?","M","R","M","?","T","E"],"build_version":"2019-01-23","purchased_purges":2,"victory":false,"max_hp_per_floor":[75,75,75,75,75,75,75,75,75,75,75,75,75,75,75,75,75,75,75,75,75,75,75,75,75,75,75],"card_choices":[{"not_picked":["Rip and Tear","Darkness"],"picked":"Ball Lightning","floor":1},{"not_picked":["Lockon","Steam","Steam Power"],"picked":"Conserve Battery","floor":3},{"not_picked":["Compile Driver","Storm","Turbo"],"picked":"Conserve Battery","floor":6},{"not_picked":["Steam","Rebound","Beam Cell"],"picked":"Ball Lightning","floor":7},{"not_picked":["Consume","BootSequence","Skim"],"picked":"Defragment","floor":8},{"not_picked":["Multi-Cast","Heatsinks","Streamline"],"picked":"Doom and Gloom","floor":11},{"not_picked":["Skim","Conserve Battery","Heatsinks"],"picked":"FTL","floor":12},{"not_picked":["Loop","Steam","Melter"],"picked":"White Noise","floor":13},{"not_picked":["Thunder Strike","Fission","Amplify"],"picked":"Machine Learning","floor":16},{"not_picked":["Consume","Streamline","Compile Driver"],"picked":"Cold Snap+1","floor":18},{"not_picked":["Steam","Steam Power","Buffer"],"picked":"FTL","floor":20},{"not_picked":["Gash","Barrage","Steam"],"picked":"Ball Lightning","floor":22},{"not_picked":["Fusion","Darkness","Go for the Eyes"],"picked":"White Noise","floor":23},{"not_picked":["Sunder","Cold Snap","Ball Lightning"],"picked":"Steam+1","floor":24},{"not_picked":["Steam Power","Cold Snap","Barrage"],"picked":"Loop","floor":25}],"player_experience":233342,"relics_obtained":[{"floor":6,"key":"Bag of Preparation"},{"floor":8,"key":"Oddly Smooth Stone"},{"floor":11,"key":"Dream Catcher"},{"floor":20,"key":"Red Mask"},{"floor":26,"key":"Tiny Chest"}],"event_choices":[{"damage_healed":0,"gold_gain":0,"player_choice":"Gave Potion","damage_taken":0,"relics_obtained":["Question Card"],"max_hp_gain":0,"max_hp_loss":0,"event_name":"WeMeetAgain","floor":2,"gold_loss":0},{"damage_healed":0,"gold_gain":0,"player_choice":"Upgraded","damage_taken":0,"max_hp_gain":0,"max_hp_loss":0,"event_name":"Upgrade Shrine","floor":5,"gold_loss":0,"cards_upgraded":["Zap"]},{"damage_healed":0,"gold_gain":0,"player_choice":"Obtained Relic","damage_taken":0,"relics_obtained":["Boot"],"max_hp_gain":0,"max_hp_loss":0,"event_name":"Addict","floor":19,"gold_loss":85},{"damage_healed":0,"gold_gain":0,"player_choice":"Fought Bandits","damage_taken":0,"max_hp_gain":0,"max_hp_loss":0,"event_name":"Masked Bandits","floor":20,"gold_loss":0},{"cards_removed":["Strike_B"],"damage_healed":0,"gold_gain":0,"player_choice":"Upgrade and Remove","damage_taken":0,"max_hp_gain":0,"max_hp_loss":0,"event_name":"Designer","floor":21,"gold_loss":90,"cards_upgraded":["FTL"]}],"is_beta":false,"boss_relics":[{"not_picked":["Nuclear Battery","White Beast Statue"],"picked":"FrozenCore"}],"items_purged_floors":[4,14],"is_endless":false,"potions_floor_spawned":[1,7,11,12,24,25],"killed_by":"Book of Stabbing","ascension_level":3}