{"gold_per_floor":[118,118,32,32,50,77,77,227,279,279,312,35,66,77,77,77],"floor_reached":16,"playtime":432,"items_purged":["Doubt"],"score":209,"play_id":"2d27774a-e22f-460e-a99c-c17ea5a4e695","local_time":"20190417151008","is_ascension_mode":true,"campfire_choices":[{"floor":7,"key":"REST"},{"floor":10,"key":"REST"},{"data":"Barricade","floor":15,"key":"SMITH"}],"neow_cost":"PERCENT_DAMAGE","seed_source_timestamp":14031083663201,"circlet_count":0,"master_deck":["AscendersBane","Strike_R","Strike_R","Strike_R","Strike_R","Strike_R","Defend_R","Defend_R","Defend_R","Defend_R","Bash+1","Bludgeon","Combust","Rupture","True Grit","Cleave","Armaments","Barricade+1","Body Slam","Infernal Blade","Entrench"],"relics":["Burning Blood","Red Skull","Bag of Marbles","Blood Vial","Turnip"],"potions_floor_usage":[13],"damage_taken":[{"damage":11,"enemies":"2 Louse","floor":1,"turns":3},{"damage":3,"enemies":"Small Slimes","floor":5,"turns":2},{"damage":34,"enemies":"Gremlin Nob","floor":6,"turns":4},{"damage":31,"enemies":"Lagavulin","floor":11,"turns":6},{"damage":6,"enemies":"Gremlin Nob","floor":13,"turns":3},{"damage":9,"enemies":"Cultist","floor":14,"turns":5},{"damage":49,"enemies":"Slime Boss","floor":16,"turns":5}],"seed_played":"-49442689796297100","potions_obtained":[{"floor":1,"key":"Block Potion"},{"floor":6,"key":"Poison Potion"},{"floor":11,"key":"Fire Potion"}],"is_trial":false,"path_per_floor":["M","?","$","?","M","E","R","?","T","R","E","$","E","M","R","B"],"character_chosen":"IRONCLAD","items_purchased":["Rupture","Barricade","Body Slam"],"campfire_rested":2,"item_purchase_floors":[3,12,12],"current_hp_per_floor":[45,45,45,45,48,20,42,42,42,64,39,39,41,40,40,0],"gold":77,"neow_bonus":"THREE_RARE_CARDS","is_prod":false,"is_daily":false,"chose_seed":false,"campfire_upgraded":1,"win_rate":0,"timestamp":1555539008,"path_taken":["M","?","$","?","M","E","R","?","T","R","E","$","E","M","R","BOSS"],"build_version":"2019-01-23","purchased_purges":1,"victory":false,"max_hp_per_floor":[75,75,75,75,75,75,75,75,75,75,75,75,75,75,75,75],"card_choices":[{"not_picked":["Barricade","Juggernaut"],"picked":"Bludgeon","floor":0},{"not_picked":["Pommel Strike","Seeing Red"],"picked":"Combust","floor":1},{"not_picked":["Pommel Strike","Blood for Blood"],"picked":"True Grit","floor":5},{"not_picked":["Clothesline","Disarm"],"picked":"Cleave","floor":6},{"not_picked":["Clash","Pommel Strike"],"picked":"Armaments","floor":11},{"not_picked":["Searing Blow","Pommel Strike"],"picked":"Infernal Blade","floor":13},{"not_picked":["Dual Wield","Heavy Blade"],"picked":"Entrench","floor":14}],"player_experience":454170,"relics_obtained":[{"floor":6,"key":"Red Skull"},{"floor":9,"key":"Bag of Marbles"},{"floor":11,"key":"Blood Vial"},{"floor":13,"key":"Turnip"}],"event_choices":[{"damage_healed":0,"gold_gain":0,"player_choice":"Grow","damage_taken":0,"max_hp_gain":0,"max_hp_loss":0,"event_name":"Living Wall","floor":2,"gold_loss":0,"cards_upgraded":["Bash"]},{"damage_healed":0,"gold_gain":0,"player_choice":"Fled","damage_taken":0,"max_hp_gain":0,"max_hp_loss":0,"event_name":"Scrap Ooze","floor":4,"gold_loss":0},{"damage_healed":0,"gold_gain":150,"player_choice":"AGREE","damage_taken":0,"max_hp_gain":0,"max_hp_loss":0,"event_name":"Liars Game","floor":8,"gold_loss":0,"cards_obtained":["Doubt"]}],"is_beta":false,"boss_relics":[],"items_purged_floors":[12],"is_endless":false,"potions_floor_spawned":[1,6,11],"killed_by":"Slime Boss","ascension_level":16}