{"gold_per_floor":[109,109,120,24,24,24,24,24,51,66,101,101,101],"floor_reached":13,"playtime":275,"items_purged":[],"score":91,"play_id":"219195e3-d185-44fc-acd1-8413b6d0f7f5","local_time":"20190212083027","is_ascension_mode":true,"campfire_choices":[{"data":"Consume","floor":6,"key":"SMITH"},{"data":"Hologram","floor":8,"key":"SMITH"}],"neow_cost":"NONE","seed_source_timestamp":1877574567185705,"circlet_count":0,"master_deck":["Strike_B","Strike_B","Strike_B","Strike_B","Defend_B","Defend_B","Defend_B","Defend_B","Zap","Dualcast","Consume+1","Darkness+1","Redo","Hologram+1","Hello World","Stack"],"relics":["Cracked Core","Omamori","Centennial Puzzle","Strawberry"],"potions_floor_usage":[10,12],"damage_taken":[{"damage":0,"enemies":"Cultist","floor":1,"turns":3},{"damage":10,"enemies":"2 Louse","floor":3,"turns":3},{"damage":14,"enemies":"Jaw Worm","floor":10,"turns":3},{"damage":53,"enemies":"3 Sentries","floor":11,"turns":6},{"damage":0,"enemies":"2 Fungi Beasts","floor":12,"turns":2},{"damage":16,"enemies":"Blue Slaver","floor":13,"turns":2}],"seed_played":"8929071400351283454","potions_obtained":[{"floor":1,"key":"FearPotion"},{"floor":11,"key":"SmokeBomb"}],"is_trial":false,"path_per_floor":["M","?","M","$","?","R","$","R","T","M","E","M","M"],"character_chosen":"DEFECT","items_purchased":["Redo","Hologram"],"campfire_rested":0,"item_purchase_floors":[4,4],"current_hp_per_floor":[75,80,70,70,70,70,70,70,70,56,10,10,0],"gold":101,"neow_bonus":"RANDOM_COMMON_RELIC","is_prod":false,"is_daily":false,"chose_seed":false,"campfire_upgraded":2,"win_rate":0,"timestamp":1549989027,"path_taken":["M","?","M","$","?","R","$","R","T","M","E","M","M"],"build_version":"2019-01-23","purchased_purges":0,"victory":false,"max_hp_per_floor":[75,80,80,80,80,80,80,80,80,80,87,87,87],"card_choices":[{"not_picked":["Melter","Ball Lightning"],"picked":"Consume","floor":1},{"not_picked":["Compile Driver","Go for the Eyes"],"picked":"Darkness","floor":3},{"not_picked":["Compile Driver","Go for the Eyes"],"picked":"Hello World","floor":10},{"not_picked":["Hello World","Go for the Eyes"],"picked":"Stack","floor":11}],"player_experience":355984,"relics_obtained":[{"floor":9,"key":"Centennial Puzzle"},{"floor":11,"key":"Strawberry"}],"event_choices":[{"damage_healed":0,"gold_gain":0,"player_choice":"Donut","damage_taken":0,"max_hp_gain":5,"max_hp_loss":0,"event_name":"Big Fish","floor":2,"gold_loss":0},{"damage_healed":0,"gold_gain":0,"player_choice":"Forge","damage_taken":0,"max_hp_gain":0,"max_hp_loss":0,"event_name":"Accursed Blacksmith","floor":5,"gold_loss":0,"cards_upgraded":["Darkness"]}],"is_beta":false,"boss_relics":[],"items_purged_floors":[],"is_endless":false,"potions_floor_spawned":[1,11],"killed_by":"Blue Slaver","ascension_level":2}