{"gold_per_floor":[111,71,71,71,71,99,99,274,301,332,35,62,79,92,92,195,195,210,221,241,253,270,303,303,313,313,348,375,408,408,408,408,509,509,523,623,640,365,587,587],"floor_reached":40,"playtime":3317,"items_purged":["Strike_R"],"score":831,"play_id":"1e92e846-1aee-402b-a2bd-4f2c27d22efa","local_time":"20190429095412","is_ascension_mode":true,"campfire_choices":[{"data":"Metallicize","floor":7,"key":"SMITH"},{"data":"Whirlwind","floor":15,"key":"SMITH"},{"data":"Limit Break","floor":24,"key":"SMITH"},{"data":"Heavy Blade","floor":30,"key":"SMITH"},{"floor":32,"key":"REST"}],"neow_cost":"NONE","seed_source_timestamp":1680214608397000,"circlet_count":0,"master_deck":["AscendersBane","Strike_R+1","Defend_R","Defend_R","Defend_R","Defend_R+1","Bash","Dual Wield","Metallicize+1","Shrug It Off","Doubt","Power Through","Spot Weakness","Havoc","Whirlwind+1","Limit Break+1","True Grit","Heavy Blade+1","True Grit+1","Disarm","Burning Pact+1","Power Through","Spot Weakness","Offering","Shrug It Off","Limit Break","Disarm","Battle Trance+1","Limit Break+1"],"relics":["Burning Blood","NeowsBlessing","Pen Nib","Bronze Scales","Magic Flower","Prayer Wheel","Du-Vu Doll","Mark of Pain","Bag of Marbles","Happy Flower","Gambling Chip","Red Mask","Dream Catcher","Empty Cage","Ice Cream","DollysMirror"],"potions_floor_usage":[23,27,27,33,33,40],"damage_taken":[{"damage":0,"enemies":"Small Slimes","floor":1,"turns":1},{"damage":0,"enemies":"Lagavulin","floor":6,"turns":1},{"damage":0,"enemies":"3 Sentries","floor":10,"turns":2},{"damage":57,"enemies":"Gremlin Nob","floor":12,"turns":7},{"damage":0,"enemies":"2 Louse","floor":13,"turns":3},{"damage":0,"enemies":"Jaw Worm","floor":14,"turns":3},{"damage":14,"enemies":"Hexaghost","floor":16,"turns":11},{"damage":4,"enemies":"Chosen","floor":18,"turns":5},{"damage":1,"enemies":"Shell Parasite","floor":19,"turns":4},{"damage":10,"enemies":"3 Cultists","floor":20,"turns":4},{"damage":0,"enemies":"Snecko","floor":21,"turns":6},{"damage":0,"enemies":"Snake Plant","floor":22,"turns":1},{"damage":28,"enemies":"Book of Stabbing","floor":23,"turns":5},{"damage":4,"enemies":"Centurion and Healer","floor":25,"turns":6},{"damage":24,"enemies":"Gremlin Leader","floor":27,"turns":6},{"damage":13,"enemies":"Masked Bandits","floor":28,"turns":3},{"damage":21,"enemies":"Book of Stabbing","floor":29,"turns":7},{"damage":59,"enemies":"Collector","floor":33,"turns":7},{"damage":6,"enemies":"Orb Walker","floor":35,"turns":1},{"damage":30,"enemies":"Mind Bloom Boss Battle","floor":36,"turns":6},{"damage":9,"enemies":"3 Darklings","floor":37,"turns":3},{"damage":50,"enemies":"Reptomancer","floor":40,"turns":2}],"seed_played":"-5277600475529586836","potions_obtained":[{"floor":13,"key":"Ancient Potion"},{"floor":19,"key":"FearPotion"},{"floor":23,"key":"Dexterity Potion"},{"floor":25,"key":"Poison Potion"},{"floor":27,"key":"EssenceOfSteel"},{"floor":28,"key":"Regen Potion"},{"floor":29,"key":"PowerPotion"},{"floor":37,"key":"PowerPotion"}],"is_trial":false,"path_per_floor":["M","$","?","$","?","E","R","?","T","E","$","E","M","M","R","B",null,"M","M","M","M","M","E","R","M","T","E","?","E","R","?","R","B",null,"M","?","M","$","?","E"],"character_chosen":"IRONCLAD","items_purchased":["Metallicize","Prayer Wheel","DollysMirror"],"campfire_rested":1,"item_purchase_floors":[2,11,38],"current_hp_per_floor":[78,78,62,62,55,61,61,61,61,67,67,19,28,37,37,32,68,73,80,79,80,80,61,61,66,66,51,47,35,35,35,59,23,66,69,48,48,48,48,0],"gold":587,"neow_bonus":"THREE_ENEMY_KILL","is_prod":false,"is_daily":false,"chose_seed":false,"campfire_upgraded":4,"win_rate":0,"timestamp":1556524452,"path_taken":["M","$","?","$","?","E","R","?","T","E","?","E","M","M","R","BOSS","M","M","M","M","M","E","R","M","T","E","?","E","R","?","R","BOSS","M","?","M","$","?","E"],"build_version":"2019-01-23","purchased_purges":1,"victory":false,"max_hp_per_floor":[80,80,80,80,80,80,80,80,80,80,80,80,80,80,80,80,80,80,80,80,80,80,80,80,80,80,80,80,80,80,80,80,80,80,80,80,80,80,80,80],"card_choices":[{"not_picked":["Armaments","Sever Soul"],"picked":"Dual Wield","floor":1},{"not_picked":["Rampage","Sword Boomerang"],"picked":"Shrug It Off","floor":6},{"not_picked":["Blood for Blood","Rampage"],"picked":"Power Through","floor":10},{"not_picked":["Wild Strike","Rampage"],"picked":"Spot Weakness","floor":12},{"not_picked":["Thunderclap","Clothesline"],"picked":"Havoc","floor":13},{"not_picked":["Entrench","Clothesline","Ghostly Armor"],"picked":"SKIP","floor":13},{"not_picked":["Rupture","Armaments"],"picked":"Whirlwind","floor":14},{"not_picked":["Rampage","Carnage","Cleave"],"picked":"SKIP","floor":14},{"not_picked":["Brutality","Offering"],"picked":"Limit Break","floor":16},{"not_picked":["Perfected Strike","Shockwave"],"picked":"True Grit","floor":18},{"not_picked":["Clash","Power Through","Flex"],"picked":"SKIP","floor":18},{"not_picked":["Uppercut+1","Pummel+1"],"picked":"Heavy Blade","floor":19},{"not_picked":["Armaments","Clash+1","Flex"],"picked":"SKIP","floor":19},{"not_picked":["Armaments","Entrench"],"picked":"True Grit+1","floor":20},{"not_picked":["Warcry","Inflame","Body Slam"],"picked":"SKIP","floor":20},{"not_picked":["Infernal Blade","Clothesline"],"picked":"Disarm","floor":21},{"not_picked":["Body Slam","Whirlwind","Bloodletting"],"picked":"SKIP","floor":21},{"not_picked":["Clash","Perfected Strike+1"],"picked":"Burning Pact+1","floor":22},{"not_picked":["Twin Strike","Headbutt"],"picked":"Power Through","floor":22},{"not_picked":["Clothesline+1","Armaments"],"picked":"Spot Weakness","floor":23},{"not_picked":["Havoc+1","Clothesline"],"picked":"Offering","floor":25},{"not_picked":["True Grit","Anger","Pommel Strike+1"],"picked":"SKIP","floor":25},{"not_picked":["Spot Weakness","Bloodletting","Havoc"],"picked":"SKIP","floor":27},{"not_picked":["Clash","Perfected Strike"],"picked":"Shrug It Off","floor":28},{"not_picked":["Intimidate","Infernal Blade","Brutality"],"picked":"SKIP","floor":29},{"not_picked":["Juggernaut","Dark Embrace"],"picked":"Limit Break","floor":33},{"not_picked":["Sentinel","Sword Boomerang","Clash+1"],"picked":"SKIP","floor":35},{"not_picked":["Armaments","Uppercut","Flex+1"],"picked":"SKIP","floor":35},{"not_picked":["Pommel Strike+1","Warcry+1"],"picked":"Disarm","floor":37},{"not_picked":["Pommel Strike+1","Second Wind"],"picked":"Battle Trance+1","floor":37}],"player_experience":853428,"relics_obtained":[{"floor":6,"key":"Pen Nib"},{"floor":9,"key":"Bronze Scales"},{"floor":10,"key":"Magic Flower"},{"floor":12,"key":"Du-Vu Doll"},{"floor":23,"key":"Bag of Marbles"},{"floor":26,"key":"Happy Flower"},{"floor":27,"key":"Gambling Chip"},{"floor":28,"key":"Red Mask"},{"floor":29,"key":"Dream Catcher"},{"floor":36,"key":"Ice Cream"}],"event_choices":[{"damage_healed":0,"gold_gain":0,"player_choice":"Entered Light","damage_taken":16,"max_hp_gain":0,"max_hp_loss":0,"event_name":"Shining Light","floor":3,"gold_loss":0,"cards_upgraded":["Defend_R","Strike_R"]},{"cards_removed":["Strike_R"],"damage_healed":0,"gold_gain":0,"player_choice":"Card Removal","damage_taken":7,"max_hp_gain":0,"max_hp_loss":0,"event_name":"Golden Wing","floor":5,"gold_loss":0},{"damage_healed":0,"gold_gain":175,"player_choice":"AGREE","damage_taken":0,"max_hp_gain":0,"max_hp_loss":0,"event_name":"Liars Game","floor":8,"gold_loss":0,"cards_obtained":["Doubt"]},{"damage_healed":0,"gold_gain":0,"player_choice":"Fought Bandits","damage_taken":0,"max_hp_gain":0,"max_hp_loss":0,"event_name":"Masked Bandits","floor":28,"gold_loss":0},{"damage_healed":0,"gold_gain":0,"player_choice":"Ignored","damage_taken":0,"max_hp_gain":0,"max_hp_loss":0,"event_name":"Ghosts","floor":31,"gold_loss":0},{"damage_healed":0,"gold_gain":0,"player_choice":"Fight","damage_taken":0,"max_hp_gain":0,"max_hp_loss":0,"event_name":"MindBloom","floor":36,"gold_loss":0},{"damage_healed":0,"gold_gain":222,"player_choice":"Wore Mask","damage_taken":0,"max_hp_gain":0,"max_hp_loss":0,"event_name":"Tomb of Lord Red Mask","floor":39,"gold_loss":0}],"is_beta":false,"boss_relics":[{"not_picked":["Fusion Hammer","Pandora\u0027s Box"],"picked":"Mark of Pain"},{"not_picked":["Lizard Tail","Orrery"],"picked":"Empty Cage"}],"items_purged_floors":[38],"is_endless":false,"potions_floor_spawned":[13,19,23,25,27,28,29,37],"killed_by":"Reptomancer","ascension_level":10}