{"gold_per_floor":[111,126,126,140,156,156,188,188,188,188,222,232,182,216,216,314,314,331,342,374,374,390,390,166,182,182,182,217,217,217,35,35,131,131,143,143,163,183,196,196,210,210,236,247,276,276,307,529,529,529],"floor_reached":51,"playtime":2379,"items_purged":["Strike_R"],"score":845,"play_id":"57b0f82c-df81-4336-a4e1-251be436d348","local_time":"20190130185446","is_ascension_mode":false,"campfire_choices":[{"data":"Bash","floor":6,"key":"SMITH"},{"data":"Flex","floor":10,"key":"SMITH"},{"data":"Uppercut","floor":15,"key":"SMITH"},{"data":"Double Tap","floor":23,"key":"SMITH"},{"data":"Shrug It Off","floor":27,"key":"SMITH"},{"data":"Impervious","floor":30,"key":"SMITH"},{"data":"Defend_R","floor":32,"key":"SMITH"},{"floor":40,"key":"REST"},{"floor":42,"key":"REST"},{"floor":46,"key":"REST"},{"floor":49,"key":"REST"}],"neow_cost":"NONE","seed_source_timestamp":1807291940374984,"circlet_count":0,"master_deck":["Strike_R","Strike_R","Strike_R","Defend_R","Defend_R","Defend_R","Defend_R+1","Bash+1","Cleave","Flex+1","Thunderclap","Bludgeon+1","Shrug It Off+1","Dropkick","Uppercut+1","Double Tap+1","Impervious+1","Metallicize+1","Uppercut+1","Bludgeon+1","Burning Pact+1","Disarm","Shrug It Off","Uppercut+1","Metallicize+1","Seeing Red+1"],"relics":["Burning Blood","Strawberry","Happy Flower","Pear","StoneCalendar","Dream Catcher","Philosopher\u0027s Stone","Red Mask","Nilry\u0027s Codex","PreservedInsect","Frozen Egg 2","Matryoshka","Bag of Marbles","Thread and Needle","Bronze Scales","Fusion Hammer","Bag of Preparation","Boot","Gremlin Horn","Torii"],"potions_floor_usage":[7,7,16,25,28,33,33,33,35,50,50],"damage_taken":[{"damage":0,"enemies":"Small Slimes","floor":1,"turns":3},{"damage":6,"enemies":"Cultist","floor":2,"turns":3},{"damage":0,"enemies":"2 Louse","floor":4,"turns":2},{"damage":11,"enemies":"Blue Slaver","floor":5,"turns":4},{"damage":26,"enemies":"Lagavulin","floor":7,"turns":5},{"damage":8,"enemies":"Gremlin Nob","floor":11,"turns":3},{"damage":13,"enemies":"Exordium Thugs","floor":12,"turns":3},{"damage":19,"enemies":"3 Sentries","floor":14,"turns":4},{"damage":34,"enemies":"Hexaghost","floor":16,"turns":7},{"damage":2,"enemies":"Chosen","floor":18,"turns":3},{"damage":3,"enemies":"Spheric Guardian","floor":19,"turns":3},{"damage":13,"enemies":"Masked Bandits","floor":20,"turns":3},{"damage":14,"enemies":"3 Cultists","floor":22,"turns":4},{"damage":11,"enemies":"Shelled Parasite and Fungi","floor":25,"turns":3},{"damage":10,"enemies":"Book of Stabbing","floor":28,"turns":3},{"damage":0,"enemies":"Champ","floor":33,"turns":9},{"damage":0,"enemies":"3 Darklings","floor":35,"turns":4},{"damage":0,"enemies":"Orb Walker","floor":37,"turns":2},{"damage":3,"enemies":"Spire Growth","floor":38,"turns":3},{"damage":7,"enemies":"Writhing Mass","floor":39,"turns":4},{"damage":0,"enemies":"4 Shapes","floor":41,"turns":7},{"damage":0,"enemies":"Sphere and 2 Shapes","floor":44,"turns":4},{"damage":2,"enemies":"Giant Head","floor":45,"turns":7},{"damage":0,"enemies":"Reptomancer","floor":47,"turns":3},{"damage":29,"enemies":"Time Eater","floor":50,"turns":14}],"seed_played":"5835754756674452038","potions_obtained":[{"floor":3,"key":"Weak Potion"},{"floor":3,"key":"EntropicBrew"},{"floor":3,"key":"Weak Potion"},{"floor":4,"key":"Regen Potion"},{"floor":11,"key":"Ancient Potion"},{"floor":14,"key":"Ancient Potion"},{"floor":20,"key":"LiquidBronze"},{"floor":22,"key":"Fire Potion"},{"floor":33,"key":"Fire Potion"},{"floor":37,"key":"EssenceOfSteel"},{"floor":41,"key":"SmokeBomb"},{"floor":45,"key":"Dexterity Potion"}],"is_trial":false,"path_per_floor":["M","M","?","M","M","R","E","?","T","R","E","M","?","E","R","B",null,"M","M","?","?","M","R","$","M","T","R","E","T","R","$","R","B",null,"M","?","M","M","M","R","M","R","T","M","E","R","E","?","R","B",null],"character_chosen":"IRONCLAD","items_purchased":["PreservedInsect","Metallicize+1","Bronze Scales"],"campfire_rested":4,"item_purchase_floors":[24,31,31],"current_hp_per_floor":[87,87,87,87,82,82,72,72,82,82,80,73,73,60,60,32,97,97,97,90,74,66,66,66,61,61,61,57,57,57,57,57,63,97,97,97,97,97,96,97,97,97,97,97,97,97,97,97,97,74],"gold":529,"neow_bonus":"RANDOM_COMMON_RELIC","is_prod":false,"is_daily":false,"chose_seed":false,"campfire_upgraded":7,"win_rate":0,"timestamp":1548903286,"path_taken":["M","M","?","?","M","R","E","?","T","R","E","M","?","E","R","BOSS","M","M","?","?","M","R","$","M","T","R","E","?","R","$","R","BOSS","M","?","?","M","M","R","M","R","T","M","E","R","E","?","R","BOSS"],"build_version":"2019-01-23","purchased_purges":1,"victory":true,"max_hp_per_floor":[87,87,87,87,87,87,87,87,97,97,97,97,97,97,97,97,97,97,97,97,97,97,97,97,97,97,97,97,97,97,97,97,97,97,97,97,97,97,97,97,97,97,97,97,97,97,97,97,97,97],"card_choices":[{"not_picked":["Armaments","Twin Strike"],"picked":"Cleave","floor":1},{"not_picked":["Ghostly Armor","True Grit"],"picked":"Flex","floor":2},{"not_picked":["Heavy Blade","Fire Breathing"],"picked":"Thunderclap","floor":4},{"not_picked":["Carnage","Armaments"],"picked":"Bludgeon","floor":5},{"not_picked":["Body Slam","Cleave"],"picked":"Shrug It Off","floor":7},{"not_picked":["Ghostly Armor","Dual Wield"],"picked":"Dropkick","floor":11},{"not_picked":["Shrug It Off","Heavy Blade"],"picked":"Uppercut","floor":12},{"not_picked":["Entrench","Evolve","Cleave"],"picked":"SKIP","floor":14},{"not_picked":["Bludgeon","Juggernaut"],"picked":"Double Tap","floor":16},{"not_picked":["Pummel+1","Corruption","Clothesline"],"picked":"SKIP","floor":18},{"not_picked":["Heavy Blade","Sword Boomerang","Body Slam"],"picked":"SKIP","floor":19},{"not_picked":["Blood for Blood+1","Heavy Blade","Ghostly Armor"],"picked":"SKIP","floor":22},{"not_picked":["Twin Strike","Whirlwind"],"picked":"Impervious","floor":25},{"not_picked":["Wild Strike","Carnage","Flex"],"picked":"SKIP","floor":28},{"not_picked":["Sentinel","Clothesline+1"],"picked":"Uppercut+1","floor":35},{"not_picked":["Seeing Red+1","Carnage+1"],"picked":"Burning Pact+1","floor":37},{"not_picked":["Twin Strike","Anger+1","Rampage"],"picked":"SKIP","floor":38},{"not_picked":["Havoc","Clothesline+1","Wild Strike+1"],"picked":"SKIP","floor":39},{"not_picked":["Havoc+1","Armaments"],"picked":"Disarm","floor":40},{"not_picked":["Wild Strike+1","Sword Boomerang+1","Armaments"],"picked":"SKIP","floor":41},{"not_picked":["Clash","Warcry+1"],"picked":"Shrug It Off","floor":42},{"not_picked":["Searing Blow+1","Twin Strike"],"picked":"Uppercut+1","floor":44},{"not_picked":["Feed","Seeing Red+1"],"picked":"Metallicize+1","floor":45},{"not_picked":["Heavy Blade+1","True Grit"],"picked":"Seeing Red+1","floor":46},{"not_picked":["Sword Boomerang","Wild Strike+1","Iron Wave+1"],"picked":"SKIP","floor":47}],"player_experience":373272,"relics_obtained":[{"floor":7,"key":"Happy Flower"},{"floor":9,"key":"Pear"},{"floor":11,"key":"StoneCalendar"},{"floor":14,"key":"Dream Catcher"},{"floor":20,"key":"Red Mask"},{"floor":21,"key":"Nilry\u0027s Codex"},{"floor":26,"key":"Frozen Egg 2"},{"floor":28,"key":"Matryoshka"},{"floor":29,"key":"Bag of Marbles"},{"floor":29,"key":"Thread and Needle"},{"floor":43,"key":"Bag of Preparation"},{"floor":43,"key":"Boot"},{"floor":45,"key":"Gremlin Horn"},{"floor":47,"key":"Torii"}],"event_choices":[{"damage_healed":0,"gold_gain":0,"player_choice":"Got Potions","damage_taken":0,"max_hp_gain":0,"max_hp_loss":0,"event_name":"Lab","floor":3,"gold_loss":0},{"damage_healed":0,"gold_gain":0,"player_choice":"Grow","damage_taken":0,"max_hp_gain":0,"max_hp_loss":0,"event_name":"Living Wall","floor":8,"gold_loss":0,"cards_upgraded":["Bludgeon"]},{"cards_removed":["Strike_R"],"damage_healed":0,"gold_gain":0,"player_choice":"Card Removal","damage_taken":0,"max_hp_gain":0,"max_hp_loss":0,"event_name":"The Cleric","floor":13,"gold_loss":50},{"damage_healed":0,"gold_gain":0,"player_choice":"Fought Bandits","damage_taken":0,"max_hp_gain":0,"max_hp_loss":0,"event_name":"Masked Bandits","floor":20,"gold_loss":0},{"damage_healed":0,"gold_gain":0,"player_choice":"Obtained Book","damage_taken":16,"max_hp_gain":0,"max_hp_loss":0,"event_name":"Cursed Tome","floor":21,"gold_loss":0},{"damage_healed":0,"gold_gain":0,"player_choice":"Copied","damage_taken":0,"max_hp_gain":0,"max_hp_loss":0,"event_name":"Duplicator","floor":36,"gold_loss":0,"cards_obtained":["Bludgeon"]},{"damage_healed":0,"gold_gain":222,"player_choice":"Wore Mask","damage_taken":0,"max_hp_gain":0,"max_hp_loss":0,"event_name":"Tomb of Lord Red Mask","floor":48,"gold_loss":0}],"is_beta":false,"boss_relics":[{"not_picked":["Coffee Dripper","Pandora\u0027s Box"],"picked":"Philosopher\u0027s Stone"},{"not_picked":["Empty Cage","Lizard Tail"],"picked":"Fusion Hammer"}],"items_purged_floors":[24],"is_endless":false,"potions_floor_spawned":[4,11,14,20,22,33,37,41,45],"ascension_level":0}