{"gold_per_floor":[117,117,135,41,41,74,74,103,103,103,118,41,51,1,1,1],"floor_reached":16,"playtime":414,"items_purged":[],"score":119,"play_id":"dac9675c-723d-4776-aa85-2072b2a481e8","local_time":"20190127204755","is_ascension_mode":true,"campfire_choices":[{"floor":7,"key":"REST"},{"floor":15,"key":"REST"}],"neow_cost":"NONE","seed_source_timestamp":539303395546905,"circlet_count":0,"master_deck":["Strike_B","Strike_B","Strike_B","Defend_B","Defend_B","Defend_B","Defend_B","Zap","Dualcast","Lockon","Chill","Cold Snap","Enlightenment","Tempest","Leap","All For One","Sunder","Hologram","Streamline"],"relics":["Cracked Core","Sundial","Mummified Hand"],"potions_floor_usage":[6,16],"damage_taken":[{"damage":6,"enemies":"2 Louse","floor":1,"turns":3},{"damage":4,"enemies":"Cultist","floor":3,"turns":3},{"damage":61,"enemies":"Gremlin Nob","floor":6,"turns":6},{"damage":17,"enemies":"Lagavulin","floor":8,"turns":5},{"damage":4,"enemies":"Small Slimes","floor":11,"turns":3},{"damage":11,"enemies":"Looter","floor":13,"turns":2},{"damage":55,"enemies":"Hexaghost","floor":16,"turns":12}],"seed_played":"3246089746524693469","potions_obtained":[{"floor":3,"key":"Strength Potion"},{"floor":11,"key":"Block Potion"}],"is_trial":false,"path_per_floor":["M","?","M","$","?","E","R","E","T","?","M","$","M","$","R","B"],"character_chosen":"DEFECT","items_purchased":["Enlightenment","Sunder","Streamline"],"campfire_rested":2,"item_purchase_floors":[4,12,14],"current_hp_per_floor":[76,76,72,72,72,11,35,18,18,45,41,41,30,30,54,0],"gold":1,"neow_bonus":"TEN_PERCENT_HP_BONUS","is_prod":false,"is_daily":false,"chose_seed":false,"campfire_upgraded":0,"win_rate":0,"timestamp":1548650875,"path_taken":["M","?","M","?","?","E","R","E","T","?","M","?","M","$","R","BOSS"],"build_version":"2019-01-23","purchased_purges":0,"victory":false,"max_hp_per_floor":[82,82,82,82,82,82,82,82,82,82,82,82,82,82,82,82],"card_choices":[{"not_picked":["Coolheaded","Barrage"],"picked":"Lockon","floor":1},{"not_picked":["Steam","Go for the Eyes"],"picked":"Cold Snap","floor":3},{"not_picked":["Turbo","Beam Cell"],"picked":"Tempest","floor":6},{"not_picked":["Barrage","Cold Snap"],"picked":"Leap","floor":8},{"not_picked":["Streamline","Cold Snap"],"picked":"All For One","floor":11},{"not_picked":["Compile Driver","Cold Snap"],"picked":"Hologram","floor":13}],"player_experience":343801,"relics_obtained":[{"floor":6,"key":"Sundial"},{"floor":8,"key":"Mummified Hand"}],"event_choices":[{"damage_healed":0,"gold_gain":0,"cards_transformed":["Strike_B"],"player_choice":"Transformed","damage_taken":0,"max_hp_gain":0,"max_hp_loss":0,"event_name":"Transmorgrifier","floor":2,"gold_loss":0,"cards_obtained":["Chill"]},{"damage_healed":0,"gold_gain":0,"player_choice":"Ignored","damage_taken":0,"max_hp_gain":0,"max_hp_loss":0,"event_name":"Golden Idol","floor":5,"gold_loss":0},{"damage_healed":27,"gold_gain":0,"player_choice":"Banana","damage_taken":0,"max_hp_gain":0,"max_hp_loss":0,"event_name":"Big Fish","floor":10,"gold_loss":0}],"is_beta":false,"boss_relics":[],"items_purged_floors":[],"is_endless":false,"potions_floor_spawned":[3,11],"killed_by":"Hexaghost","ascension_level":2}