{"gold_per_floor":[115,125,143,157,157,157,186,186,211,245,258,258,110,128,128,228,228,247,257,277,294,307,307,324,324,380,380,99,111,141,63,63,63],"floor_reached":33,"playtime":1250,"items_purged":[],"score":376,"play_id":"6de515ee-bbd9-40b7-9ad4-03e5f5c3f216","local_time":"20180816221352","is_ascension_mode":true,"campfire_choices":[{"data":"Perfected Strike","floor":6,"key":"SMITH"},{"data":"Perfected Strike","floor":8,"key":"SMITH"},{"data":"Armaments","floor":12,"key":"SMITH"},{"data":"Perfected Strike","floor":15,"key":"SMITH"},{"floor":23,"key":"REST"},{"floor":25,"key":"REST"},{"floor":32,"key":"REST"}],"neow_cost":"","seed_source_timestamp":127458173222442,"circlet_count":0,"master_deck":["Strike_R","Strike_R","Strike_R","Strike_R","Strike_R","Defend_R+1","Defend_R","Defend_R+1","Defend_R","Bash","Perfected Strike+1","Pommel Strike","Perfected Strike+1","Inflame","Armaments+1","Perfected Strike+1","Inflame","Offering","Sentinel+1","True Grit+1","Combust+1","Shrug It Off+1","Dropkick","Headbutt","Corruption","Whirlwind+1","Perfected Strike","Shrug It Off"],"relics":["Black Blood","War Paint","Art of War","Juzu Bracelet","Blood Vial","Tiny Chest","Peace Pipe","Meat on the Bone","Unceasing Top"],"potions_floor_usage":[7,16,16,20,21,22,30,33],"damage_taken":[{"damage":7,"enemies":"2 Louse","floor":1,"turns":3},{"damage":1,"enemies":"Cultist","floor":2,"turns":3},{"damage":12,"enemies":"Jaw Worm","floor":3,"turns":2},{"damage":10,"enemies":"2 Fungi Beasts","floor":4,"turns":3},{"damage":30,"enemies":"Lagavulin","floor":7,"turns":5},{"damage":28,"enemies":"3 Sentries","floor":10,"turns":9},{"damage":0,"enemies":"Large Slime","floor":11,"turns":5},{"damage":8,"enemies":"Blue Slaver","floor":14,"turns":2},{"damage":15,"enemies":"Hexaghost","floor":16,"turns":7},{"damage":6,"enemies":"Chosen","floor":18,"turns":4},{"damage":20,"enemies":"2 Thieves","floor":19,"turns":3},{"damage":13,"enemies":"Cultist and Chosen","floor":20,"turns":4},{"damage":30,"enemies":"Snake Plant","floor":21,"turns":4},{"damage":49,"enemies":"Chosen and Byrds","floor":22,"turns":5},{"damage":25,"enemies":"Sentry and Sphere","floor":24,"turns":4},{"damage":25,"enemies":"Snake Plant","floor":29,"turns":3},{"damage":44,"enemies":"Slavers","floor":30,"turns":4},{"damage":77,"enemies":"Champ","floor":33,"turns":10}],"seed_played":"8468392855104324309","potions_obtained":[{"floor":5,"key":"FairyPotion"},{"floor":5,"key":"Ancient Potion"},{"floor":5,"key":"Strength Potion"},{"floor":10,"key":"LiquidBronze"},{"floor":11,"key":"Fire Potion"},{"floor":16,"key":"Fire Potion"},{"floor":18,"key":"Regen Potion"},{"floor":20,"key":"Strength Potion"},{"floor":21,"key":"Swift Potion"},{"floor":22,"key":"Block Potion"}],"is_trial":false,"path_per_floor":["M","M","M","M","?","R","E","R","T","E","M","R","$","M","R","B",null,"M","M","M","M","M","R","M","R","T","T","$","M","E","$","R"],"character_chosen":"IRONCLAD","items_purchased":["Blood Vial","Meat on the Bone","Corruption","Perfected Strike","Shrug It Off"],"campfire_rested":3,"item_purchase_floors":[13,28,28,31,31],"current_hp_per_floor":[79,80,74,70,70,70,46,46,46,24,30,30,30,30,30,23,66,72,64,63,57,20,44,31,55,55,55,55,54,34,34,58,0],"gold":63,"neow_bonus":"","is_prod":false,"is_daily":false,"chose_seed":false,"campfire_upgraded":4,"win_rate":0,"timestamp":1534482832,"path_taken":["M","M","M","M","?","R","E","R","T","E","M","R","$","M","R","BOSS","M","M","M","M","M","R","M","R","T","?","$","M","E","$","R","BOSS"],"build_version":"2018-08-16","purchased_purges":0,"victory":false,"max_hp_per_floor":[80,80,80,80,80,80,80,80,80,80,80,80,80,80,80,80,80,80,80,80,80,80,80,80,80,80,80,80,80,80,80,80,80],"card_choices":[{"not_picked":["Clothesline","Body Slam"],"picked":"Perfected Strike","floor":1},{"not_picked":["Inflame","Rupture"],"picked":"Pommel Strike","floor":2},{"not_picked":["Body Slam","Iron Wave"],"picked":"Perfected Strike","floor":3},{"not_picked":["Wild Strike","Twin Strike"],"picked":"Inflame","floor":4},{"not_picked":["Immolate","Thunderclap"],"picked":"Armaments","floor":7},{"not_picked":["Cleave","Intimidate"],"picked":"Perfected Strike","floor":10},{"not_picked":["Blood for Blood","Entrench","Anger"],"picked":"SKIP","floor":11},{"not_picked":["Body Slam","Warcry"],"picked":"Inflame","floor":14},{"not_picked":["Berserk","Demon Form"],"picked":"Offering","floor":16},{"not_picked":["Havoc","Sever Soul+1"],"picked":"Sentinel+1","floor":18},{"not_picked":["Disarm","Shrug It Off+1"],"picked":"True Grit+1","floor":19},{"not_picked":["Sever Soul","Headbutt"],"picked":"Combust+1","floor":20},{"not_picked":["Sword Boomerang","Combust"],"picked":"Shrug It Off+1","floor":21},{"not_picked":["Twin Strike","Sword Boomerang"],"picked":"Dropkick","floor":22},{"not_picked":["Spot Weakness","Second Wind"],"picked":"Headbutt","floor":24},{"not_picked":["Uppercut","Fiend Fire","Dropkick"],"picked":"SKIP","floor":29},{"not_picked":["Entrench","Thunderclap"],"picked":"Whirlwind+1","floor":30}],"player_experience":88385,"relics_obtained":[{"floor":7,"key":"War Paint"},{"floor":9,"key":"Art of War"},{"floor":10,"key":"Juzu Bracelet"},{"floor":26,"key":"Tiny Chest"},{"floor":27,"key":"Peace Pipe"},{"floor":30,"key":"Unceasing Top"}],"event_choices":[{"event_name":"The Lab","player_choice":"Got Potions","floor":5,"damage_taken":0}],"is_beta":false,"boss_relics":[{"not_picked":["Eternal Feather","Orrery"],"picked":"Black Blood"}],"items_purged_floors":[],"is_endless":false,"potions_floor_spawned":[10,11,14,16,18,20,21,22],"killed_by":"Champ","ascension_level":5}