{"gold_per_floor":[113,123,143,143,155,155,181,195,195,205,205,217,217,227,227,330,330,348,362,362,381,381],"floor_reached":22,"playtime":831,"items_purged":[],"score":192,"play_id":"0f6c4eae-4f95-4368-8534-d642025893b6","local_time":"20190210175618","is_ascension_mode":false,"campfire_choices":[{"data":"Bash","floor":6,"key":"SMITH"},{"data":"Flame Barrier","floor":11,"key":"SMITH"},{"data":"Uppercut","floor":13,"key":"SMITH"},{"data":"Clash","floor":15,"key":"SMITH"}],"neow_cost":"NONE","seed_source_timestamp":174544365619069,"circlet_count":0,"master_deck":["Strike_R","Strike_R","Strike_R","Strike_R","Strike_R","Defend_R","Defend_R","Defend_R","Defend_R","Bash+1","Spot Weakness","Metallicize","Clash+1","Flame Barrier+1","Clash","Uppercut+1","Shrug It Off","Demon Form+1","Shrug It Off+1","Ghostly Armor+1"],"relics":["Burning Blood","CultistMask","Art of War","Anchor","Black Star"],"potions_floor_usage":[10,16,19,22],"damage_taken":[{"damage":0,"enemies":"Small Slimes","floor":1,"turns":3},{"damage":6,"enemies":"Cultist","floor":2,"turns":3},{"damage":0,"enemies":"2 Louse","floor":3,"turns":2},{"damage":8,"enemies":"Red Slaver","floor":5,"turns":3},{"damage":26,"enemies":"Lagavulin","floor":7,"turns":8},{"damage":0,"enemies":"2 Fungi Beasts","floor":8,"turns":3},{"damage":12,"enemies":"Large Slime","floor":10,"turns":5},{"damage":8,"enemies":"Exordium Thugs","floor":12,"turns":5},{"damage":0,"enemies":"Exordium Wildlife","floor":14,"turns":3},{"damage":49,"enemies":"Slime Boss","floor":16,"turns":8},{"damage":8,"enemies":"Shell Parasite","floor":18,"turns":6},{"damage":19,"enemies":"Spheric Guardian","floor":19,"turns":5},{"damage":27,"enemies":"Chosen and Byrds","floor":21,"turns":7},{"damage":52,"enemies":"Cultist and Chosen","floor":22,"turns":8}],"seed_played":"9034374038353991476","potions_obtained":[{"floor":3,"key":"BloodPotion"},{"floor":5,"key":"Explosive Potion"},{"floor":10,"key":"PowerPotion"},{"floor":12,"key":"Fire Potion"},{"floor":14,"key":"PowerPotion"},{"floor":18,"key":"SteroidPotion"}],"is_trial":false,"path_per_floor":["M","M","M","?","M","R","E","M","T","M","R","M","R","M","R","B",null,"M","M","?","M","M"],"character_chosen":"IRONCLAD","items_purchased":[],"campfire_rested":0,"item_purchase_floors":[],"current_hp_per_floor":[80,80,80,80,78,78,58,64,64,58,58,56,56,62,62,19,80,78,65,65,44,0],"gold":381,"neow_bonus":"THREE_CARDS","is_prod":false,"is_daily":false,"chose_seed":false,"campfire_upgraded":4,"win_rate":0,"timestamp":1549850178,"path_taken":["M","M","M","?","M","R","E","M","T","M","R","?","R","M","R","BOSS","M","M","?","?","M"],"build_version":"2019-01-23","purchased_purges":0,"victory":false,"max_hp_per_floor":[80,80,80,80,80,80,80,80,80,80,80,80,80,80,80,80,80,80,80,80,80,80],"card_choices":[{"not_picked":["Anger","Fire Breathing"],"picked":"Spot Weakness","floor":0},{"not_picked":["Pommel Strike","Feel No Pain"],"picked":"Metallicize","floor":1},{"not_picked":["Iron Wave","Armaments"],"picked":"Clash","floor":2},{"not_picked":["Havoc","Body Slam","Flex"],"picked":"SKIP","floor":3},{"not_picked":["Intimidate","Sword Boomerang","Cleave"],"picked":"SKIP","floor":5},{"not_picked":["Havoc","Rupture"],"picked":"Flame Barrier","floor":7},{"not_picked":["Juggernaut","Dual Wield"],"picked":"Clash","floor":8},{"not_picked":["Perfected Strike","Bloodletting","Body Slam"],"picked":"SKIP","floor":10},{"not_picked":["Havoc","Rampage"],"picked":"Uppercut","floor":12},{"not_picked":["Flex","Headbutt"],"picked":"Shrug It Off","floor":14},{"not_picked":["Berserk","Brutality"],"picked":"Demon Form","floor":16},{"not_picked":["Sever Soul","Clothesline"],"picked":"Shrug It Off+1","floor":18},{"not_picked":["Intimidate","Anger","Evolve+1"],"picked":"SKIP","floor":19},{"not_picked":["Armaments","Warcry+1"],"picked":"Ghostly Armor+1","floor":21}],"player_experience":419685,"relics_obtained":[{"floor":7,"key":"Art of War"},{"floor":9,"key":"Anchor"}],"event_choices":[{"damage_healed":0,"gold_gain":0,"player_choice":"Trade","damage_taken":0,"relics_obtained":["CultistMask"],"max_hp_gain":0,"max_hp_loss":0,"event_name":"FaceTrader","floor":4,"gold_loss":0},{"damage_healed":0,"gold_gain":0,"player_choice":"Upgraded","damage_taken":0,"max_hp_gain":0,"max_hp_loss":0,"event_name":"Upgrade Shrine","floor":20,"gold_loss":0,"cards_upgraded":["Demon Form"]}],"is_beta":false,"boss_relics":[{"not_picked":["Cursed Key","Black Blood"],"picked":"Black Star"}],"items_purged_floors":[],"is_endless":false,"potions_floor_spawned":[3,5,10,12,14,18],"killed_by":"Cultist and Chosen","ascension_level":0}