{"gold_per_floor":[116,116,130,80,97,97,125,140,219,235,157,157,176,193,193,293,293,304,304,314,314,333,333,359,374,430,444,444,460,385,8,8,113,113,126,146,46,46,65,65,81,181,262,262,282,8,8,40,40,40,40,40,40,69,69],"floor_reached":56,"playtime":3582,"items_purged":["Strike_R","Strike_R","Twin Strike"],"score":1226,"play_id":"772bcbfd-f6dd-4d4f-b4be-ccf6014b56ff","local_time":"20190320162615","is_ascension_mode":false,"campfire_choices":[{"data":"Armaments","floor":6,"key":"SMITH"},{"data":"Feel No Pain","floor":12,"key":"SMITH"},{"data":"Demon Form","floor":15,"key":"SMITH"},{"floor":23,"key":"RECALL"},{"data":"True Grit","floor":28,"key":"SMITH"},{"data":"Offering","floor":32,"key":"SMITH"},{"data":"Havoc","floor":40,"key":"SMITH"},{"data":"Double Tap","floor":44,"key":"SMITH"},{"data":"Feel No Pain","floor":49,"key":"SMITH"},{"data":"Exhume","floor":52,"key":"SMITH"}],"neow_cost":"NONE","seed_source_timestamp":105572747332562,"circlet_count":0,"master_deck":["Defend_R","Defend_R","Defend_R","Defend_R","Bash","Feel No Pain+1","Flame Barrier","Armaments+1","Offering+1","Anger","Cleave","Demon Form+1","Flame Barrier","Reaper","Necronomicurse","Clothesline","Feel No Pain+1","Havoc+1","Metamorphosis","Purity","Feed","Shockwave","Metallicize+1","Double Tap+1","Feel No Pain+1","Exhume+1","Warcry+1"],"relics":["Burning Blood","Thread and Needle","Dream Catcher","Mark of Pain","Necronomicon","Pear","Tiny Chest","Runic Pyramid","Calipers","Pantograph","Ornamental Fan","Bird Faced Urn"],"potions_floor_usage":[20,24,24,55],"damage_taken":[{"damage":19,"enemies":"Small Slimes","floor":1,"turns":4},{"damage":1,"enemies":"Cultist","floor":3,"turns":4},{"damage":0,"enemies":"Jaw Worm","floor":5,"turns":6},{"damage":26,"enemies":"Gremlin Nob","floor":7,"turns":5},{"damage":13,"enemies":"Blue Slaver","floor":8,"turns":4},{"damage":6,"enemies":"Lots of Slimes","floor":10,"turns":5},{"damage":0,"enemies":"3 Louse","floor":13,"turns":2},{"damage":9,"enemies":"Blue Slaver","floor":14,"turns":4},{"damage":21,"enemies":"Slime Boss","floor":16,"turns":8},{"damage":8,"enemies":"Chosen","floor":18,"turns":6},{"damage":14,"enemies":"3 Byrds","floor":20,"turns":3},{"damage":8,"enemies":"Sentry and Sphere","floor":22,"turns":5},{"damage":29,"enemies":"Slavers","floor":24,"turns":5},{"damage":6,"enemies":"Cultist and Chosen","floor":25,"turns":6},{"damage":24,"enemies":"Snake Plant","floor":27,"turns":4},{"damage":23,"enemies":"3 Cultists","floor":29,"turns":5},{"damage":21,"enemies":"Champ","floor":33,"turns":9},{"damage":34,"enemies":"3 Shapes","floor":35,"turns":5},{"damage":4,"enemies":"3 Darklings","floor":36,"turns":5},{"damage":6,"enemies":"Jaw Worm Horde","floor":39,"turns":5},{"damage":37,"enemies":"4 Shapes","floor":41,"turns":9},{"damage":6,"enemies":"Mind Bloom Boss Battle","floor":42,"turns":8},{"damage":13,"enemies":"Sphere and 2 Shapes","floor":45,"turns":11},{"damage":6,"enemies":"Nemesis","floor":48,"turns":7},{"damage":26,"enemies":"Time Eater","floor":50,"turns":9},{"damage":63,"enemies":"Shield and Spear","floor":54,"turns":10},{"damage":63,"enemies":"The Heart","floor":55,"turns":12}],"seed_played":"-3637981881846232278","potions_obtained":[{"floor":5,"key":"AttackPotion"},{"floor":10,"key":"PowerPotion"},{"floor":13,"key":"EssenceOfSteel"},{"floor":18,"key":"BloodPotion"},{"floor":24,"key":"Block Potion"},{"floor":27,"key":"Regen Potion"},{"floor":35,"key":"SkillPotion"}],"is_trial":false,"path_per_floor":["M","?","M","?","M","R","E","M","T","M","?","R","M","M","R","B",null,"M","?","M","?","M","R","E","M","T","M","R","M","?","$","R","B",null,"M","M","$","?","M","R","M","?","T","R","M","$","$","E","R","B",null,"R","$","E","B",null],"character_chosen":"IRONCLAD","items_purchased":["SteroidPotion","Metamorphosis","Purity","Feel No Pain","Exhume"],"campfire_rested":0,"item_purchase_floors":[31,31,31,46,46],"current_hp_per_floor":[75,80,85,85,91,91,71,64,64,64,64,64,70,67,67,52,93,93,77,76,76,89,89,103,103,103,85,85,103,103,103,103,103,103,104,106,106,106,109,109,100,113,113,113,116,116,116,120,120,120,120,120,120,115,124],"gold":69,"neow_bonus":"TEN_PERCENT_HP_BONUS","is_prod":false,"is_daily":false,"chose_seed":false,"campfire_upgraded":9,"win_rate":0,"timestamp":1553120775,"path_taken":["M","?","M","?","M","R","E","M","T","M","?","R","?","M","R","BOSS","M","?","M","?","M","R","E","?","T","M","R","M","?","$","R","BOSS","M","M","$","?","M","R","M","?","T","R","M","?","$","E","R","BOSS","R","$","E","BOSS"],"build_version":"2019-01-23","purchased_purges":3,"victory":true,"max_hp_per_floor":[88,93,93,93,93,93,93,93,93,93,93,93,93,93,93,93,93,93,93,93,93,93,93,103,103,103,103,103,103,103,103,103,103,103,106,106,106,106,109,109,113,113,113,113,116,116,116,120,120,120,120,120,120,124,124],"card_choices":[{"not_picked":["Warcry","Clothesline"],"picked":"Feel No Pain","floor":1},{"not_picked":["True Grit","Pommel Strike"],"picked":"Flame Barrier","floor":3},{"not_picked":["Anger","Sword Boomerang"],"picked":"Armaments","floor":5},{"not_picked":["Thunderclap","Dropkick"],"picked":"Offering","floor":7},{"not_picked":["Thunderclap","Iron Wave"],"picked":"Anger","floor":8},{"not_picked":["Iron Wave","Thunderclap"],"picked":"Cleave","floor":10},{"not_picked":["Armaments","Metallicize"],"picked":"Demon Form","floor":13},{"not_picked":["Infernal Blade","Thunderclap"],"picked":"Flame Barrier","floor":14},{"not_picked":["Demon Form","Brutality"],"picked":"Reaper","floor":16},{"not_picked":["Wild Strike","Armaments"],"picked":"Twin Strike","floor":18},{"not_picked":["Rage","Warcry+1"],"picked":"True Grit","floor":20},{"not_picked":["Flex","Sever Soul"],"picked":"Clothesline","floor":22},{"not_picked":["Fire Breathing+1","Burning Pact","Power Through"],"picked":"SKIP","floor":24},{"not_picked":["Carnage","Intimidate"],"picked":"Feel No Pain+1","floor":25},{"not_picked":["Juggernaut","Perfected Strike","Searing Blow"],"picked":"SKIP","floor":27},{"not_picked":["Body Slam","Flex+1"],"picked":"Havoc","floor":29},{"not_picked":["Offering","Limit Break"],"picked":"Feed","floor":33},{"not_picked":["Flex","Havoc","Twin Strike"],"picked":"SKIP","floor":35},{"not_picked":["Rampage","Warcry"],"picked":"Shockwave","floor":36},{"not_picked":["Armaments","Perfected Strike+1","Twin Strike"],"picked":"SKIP","floor":39},{"not_picked":["Shrug It Off","Cleave"],"picked":"Metallicize+1","floor":41},{"not_picked":["Sword Boomerang","Wild Strike+1"],"picked":"Double Tap","floor":42},{"not_picked":["Wild Strike","Warcry","Headbutt"],"picked":"SKIP","floor":45},{"not_picked":["Iron Wave","Warcry","Bloodletting"],"picked":"SKIP","floor":48},{"not_picked":["Thunderclap","Cleave"],"picked":"Warcry+1","floor":54}],"player_experience":297135,"relics_obtained":[{"floor":7,"key":"Thread and Needle"},{"floor":19,"key":"Necronomicon"},{"floor":24,"key":"Pear"},{"floor":26,"key":"Tiny Chest"},{"floor":42,"key":"Calipers"},{"floor":43,"key":"Pantograph"},{"floor":48,"key":"Ornamental Fan"},{"floor":54,"key":"Bird Faced Urn"}],"event_choices":[{"damage_healed":0,"gold_gain":0,"player_choice":"Donut","damage_taken":0,"max_hp_gain":5,"max_hp_loss":0,"event_name":"Big Fish","floor":2,"gold_loss":0},{"cards_removed":["Strike_R"],"damage_healed":0,"gold_gain":0,"player_choice":"Card Removal","damage_taken":0,"max_hp_gain":0,"max_hp_loss":0,"event_name":"The Cleric","floor":4,"gold_loss":50},{"damage_healed":0,"gold_gain":0,"player_choice":"Paid Gold","damage_taken":0,"relics_obtained":["Dream Catcher"],"max_hp_gain":0,"max_hp_loss":0,"event_name":"WeMeetAgain","floor":11,"gold_loss":78},{"damage_healed":0,"gold_gain":0,"player_choice":"Obtained Book","damage_taken":16,"max_hp_gain":0,"max_hp_loss":0,"event_name":"Cursed Tome","floor":19,"gold_loss":0},{"cards_removed":["Strike_R"],"damage_healed":0,"gold_gain":0,"player_choice":"Purged","damage_taken":0,"max_hp_gain":0,"max_hp_loss":0,"event_name":"Purifier","floor":21,"gold_loss":0},{"cards_removed":["Strike_R"],"damage_healed":0,"gold_gain":0,"player_choice":"Gave Gold","damage_taken":0,"max_hp_gain":0,"max_hp_loss":0,"event_name":"Beggar","floor":30,"gold_loss":75},{"cards_removed":["True Grit"],"damage_healed":0,"gold_gain":0,"player_choice":"Removed Skill","damage_taken":0,"max_hp_gain":0,"max_hp_loss":0,"event_name":"Falling","floor":38,"gold_loss":0},{"damage_healed":0,"gold_gain":0,"player_choice":"Fight","damage_taken":0,"max_hp_gain":0,"max_hp_loss":0,"event_name":"MindBloom","floor":42,"gold_loss":0}],"is_beta":false,"boss_relics":[{"not_picked":["Philosopher\u0027s Stone","Eternal Feather"],"picked":"Mark of Pain"},{"not_picked":["Runic Cube","White Beast Statue"],"picked":"Runic Pyramid"}],"items_purged_floors":[31,37,46],"is_endless":false,"potions_floor_spawned":[5,10,13,18,24,27,35,36,39,54],"ascension_level":0}