{"gold_per_floor":[111,123,2,17,31,31,45,45,71,83,33,33,46,46,46,141,141,155,174,89,103,14,14],"floor_reached":23,"playtime":653,"items_purged":["Strike_B","Defend_B","Defend_B"],"score":185,"play_id":"d1439116-73c7-4655-8df9-1837bb3f5915","local_time":"20181129095640","is_ascension_mode":false,"campfire_choices":[{"floor":6,"key":"REST"},{"floor":8,"key":"REST"},{"floor":12,"key":"REST"},{"floor":15,"key":"REST"}],"neow_cost":"NONE","seed_source_timestamp":255121766268,"circlet_count":0,"master_deck":["Strike_B","Strike_B","Strike_B","Defend_B","Defend_B","Zap","Dualcast","Loop","Defragment","Defragment","BootSequence","Rebound","Tempest","Barrage","Zap","Rainbow","Chill+1","Melter"],"relics":["Cracked Core","Smiling Mask","Strawberry","Lizard Tail","Juzu Bracelet"],"potions_floor_usage":[5,5,7,13,16,23],"damage_taken":[{"damage":1,"enemies":"Cultist","floor":1,"turns":3},{"damage":11,"enemies":"Jaw Worm","floor":2,"turns":2},{"damage":10,"enemies":"Small Slimes","floor":4,"turns":2},{"damage":28,"enemies":"Exordium Thugs","floor":5,"turns":5},{"damage":25,"enemies":"Gremlin Gang","floor":7,"turns":4},{"damage":0,"enemies":"Looter","floor":10,"turns":2},{"damage":24,"enemies":"Lots of Slimes","floor":13,"turns":4},{"damage":64,"enemies":"Hexaghost","floor":16,"turns":8},{"damage":37,"enemies":"Shell Parasite","floor":18,"turns":6},{"damage":21,"enemies":"Spheric Guardian","floor":19,"turns":4},{"damage":26,"enemies":"Cultist and Chosen","floor":21,"turns":6},{"damage":41,"enemies":"Gremlin Leader","floor":23,"turns":4}],"seed_played":"-5564706453635219817","potions_obtained":[{"floor":1,"key":"SpeedPotion"},{"floor":2,"key":"EssenceOfSteel"},{"floor":4,"key":"Swift Potion"},{"floor":10,"key":"Dexterity Potion"},{"floor":13,"key":"Energy Potion"},{"floor":21,"key":"Weak Potion"}],"is_trial":false,"path_per_floor":["M","M","$","M","M","R","M","R","T","M","$","R","M","?","R","B",null,"M","M","?","M","$","E"],"character_chosen":"DEFECT","items_purchased":["Defragment","Melter"],"campfire_rested":4,"item_purchase_floors":[3,22],"current_hp_per_floor":[74,63,63,53,25,47,22,44,51,51,51,75,51,51,75,11,82,45,24,24,41,41,0],"gold":14,"neow_bonus":"RANDOM_COMMON_RELIC","is_prod":false,"is_daily":false,"chose_seed":false,"campfire_upgraded":0,"win_rate":0,"timestamp":1543514200,"path_taken":["M","?","$","M","M","R","M","R","T","M","$","R","M","?","R","BOSS","M","M","?","M","$","E"],"build_version":"2018-11-15","purchased_purges":3,"victory":false,"max_hp_per_floor":[75,75,75,75,75,75,75,75,82,82,82,82,82,82,82,82,82,82,82,82,82,82,82],"card_choices":[{"not_picked":["Rip and Tear","Storm"],"picked":"Loop","floor":1},{"not_picked":["Double Energy","Reprogram"],"picked":"Defragment","floor":2},{"not_picked":["Steam","Go for the Eyes","Hologram"],"picked":"SKIP","floor":4},{"not_picked":["Gash","Steam"],"picked":"BootSequence","floor":5},{"not_picked":["Steam","Coolheaded"],"picked":"Rebound","floor":7},{"not_picked":["Leap","Steam"],"picked":"Tempest","floor":10},{"not_picked":["Beam Cell","Steam Power"],"picked":"Barrage","floor":13},{"not_picked":["Reboot","Amplify"],"picked":"Rainbow","floor":16},{"not_picked":["Hologram","Leap","Genetic Algorithm+1"],"picked":"SKIP","floor":18},{"not_picked":["Beam Cell","Rebound"],"picked":"Chill+1","floor":19},{"not_picked":["Stack","Go for the Eyes+1","Skim"],"picked":"SKIP","floor":21}],"player_experience":100182,"relics_obtained":[{"floor":9,"key":"Strawberry"}],"event_choices":[{"damage_healed":0,"gold_gain":0,"player_choice":"1 cards matched","damage_taken":0,"max_hp_gain":0,"max_hp_loss":0,"event_name":"Match and Keep!","floor":14,"gold_loss":0,"cards_obtained":["Zap"]},{"damage_healed":0,"gold_gain":0,"player_choice":"Obtained Relic","damage_taken":0,"relics_obtained":["Juzu Bracelet"],"max_hp_gain":0,"max_hp_loss":0,"event_name":"Addict","floor":20,"gold_loss":85}],"is_beta":false,"boss_relics":[{"not_picked":["Calling Bell","White Beast Statue"],"picked":"Lizard Tail"}],"items_purged_floors":[3,11,22],"is_endless":false,"potions_floor_spawned":[1,2,4,10,13,21],"killed_by":"Gremlin Leader","ascension_level":0}