{"gold_per_floor":[118,118,137,137,153,187,205,240,266,266,341,341,353,364,364,466,466,477,490,490,504,145,145,179,179,203,203,62,74,108,118,118,215,215,225,237,237,237,28,57,57,72,72,72,98,118,153,76,76,76],"floor_reached":51,"playtime":2772,"items_purged":["Strike_G","Strike_G"],"score":810,"play_id":"a77f62bd-0045-4d6f-a086-add509ced144","local_time":"20180809211042","is_ascension_mode":false,"campfire_choices":[{"data":"Skewer","floor":10,"key":"SMITH"},{"data":"Survivor","floor":12,"key":"SMITH"},{"data":"Dagger Spray","floor":15,"key":"SMITH"},{"data":"Apotheosis","floor":23,"key":"SMITH"},{"data":"Backstab","floor":25,"key":"SMITH"},{"data":"Caltrops","floor":27,"key":"SMITH"},{"floor":32,"key":"REST"},{"data":"Footwork","floor":41,"key":"SMITH"},{"data":"Footwork","floor":44,"key":"SMITH"},{"floor":49,"key":"REST"}],"neow_cost":"NONE","seed_source_timestamp":118516231628092,"circlet_count":0,"master_deck":["Defend_G","Defend_G+1","Defend_G","Defend_G","Defend_G+1","Strike_G","Strike_G","Survivor+1","Neutralize+1","Skewer+1","Riddle With Holes","Flying Knee","Flying Knee","Backstab+1","Blur","Dagger Spray+1","Die Die Die","Backflip","Apotheosis+1","Caltrops+1","Acrobatics+1","Glass Knife","Footwork+1","Outmaneuver","Night Terror","Blur+1","Panache","Footwork+1","Crippling Poison","Dodge and Roll","Bouncing Flask+1","Burst","Footwork","Burst","Leg Sweep"],"relics":["Ring of the Snake","Lantern","Centennial Puzzle","Orichalcum","War Paint","Velvet Choker","Ornamental Fan","Pen Nib","Regal Pillow","Sozu","Pear","Happy Flower","Matryoshka","Dream Catcher"],"potions_floor_usage":[8,16,30,33,33,40,50],"damage_taken":[{"damage":0,"enemies":"2 Louse","floor":1,"turns":3},{"damage":0,"enemies":"Cultist","floor":3,"turns":4},{"damage":0,"enemies":"Small Slimes","floor":5,"turns":3},{"damage":10,"enemies":"Gremlin Nob","floor":6,"turns":4},{"damage":0,"enemies":"3 Louse","floor":7,"turns":2},{"damage":6,"enemies":"Lagavulin","floor":8,"turns":8},{"damage":0,"enemies":"Exordium Wildlife","floor":13,"turns":2},{"damage":0,"enemies":"Large Slime","floor":14,"turns":4},{"damage":3,"enemies":"Slime Boss","floor":16,"turns":9},{"damage":0,"enemies":"Chosen","floor":18,"turns":4},{"damage":2,"enemies":"2 Thieves","floor":19,"turns":2},{"damage":6,"enemies":"Centurion and Healer","floor":21,"turns":5},{"damage":4,"enemies":"Slavers","floor":24,"turns":4},{"damage":0,"enemies":"3 Cultists","floor":29,"turns":4},{"damage":11,"enemies":"Book of Stabbing","floor":30,"turns":6},{"damage":0,"enemies":"Sentry and Sphere","floor":31,"turns":2},{"damage":17,"enemies":"Automaton","floor":33,"turns":7},{"damage":0,"enemies":"3 Darklings","floor":35,"turns":8},{"damage":0,"enemies":"3 Shapes","floor":36,"turns":4},{"damage":21,"enemies":"2 Orb Walkers","floor":40,"turns":4},{"damage":1,"enemies":"Spire Growth","floor":42,"turns":3},{"damage":14,"enemies":"Giant Head","floor":45,"turns":9},{"damage":18,"enemies":"Sphere and 2 Shapes","floor":46,"turns":5},{"damage":7,"enemies":"Nemesis","floor":47,"turns":11},{"damage":8,"enemies":"Donu and Deca","floor":50,"turns":16}],"seed_played":"-2574045835573551349","potions_obtained":[{"floor":6,"key":"Dexterity Potion"},{"floor":7,"key":"Dexterity Potion"},{"floor":8,"key":"Energy Potion"},{"floor":13,"key":"GhostInAJar"},{"floor":14,"key":"GhostInAJar"},{"floor":18,"key":"Energy Potion"},{"floor":30,"key":"Strength Potion"},{"floor":33,"key":"EssenceOfSteel"}],"is_trial":false,"path_per_floor":["M","?","M","?","M","E","M","E","T","R","?","R","M","M","R","B",null,"M","M","?","M","$","R","E","R","T","R","$","M","E","M","R","B",null,"M","M","?","?","$","E","R","M","T","R","E","M","E","$","R","B"],"character_chosen":"THE_SILENT","items_purchased":["Apotheosis","Caltrops","Glass Knife","Footwork","Crippling Poison","Burst"],"campfire_rested":2,"item_purchase_floors":[22,22,28,39,39,48],"current_hp_per_floor":[70,70,70,63,63,53,53,47,47,47,36,36,36,36,36,33,70,70,68,55,49,49,49,45,45,45,45,45,45,34,34,71,54,75,75,75,75,75,75,64,64,63,63,63,49,31,24,24,64,56],"gold":76,"neow_bonus":"UPGRADE_CARD","is_prod":false,"is_daily":false,"chose_seed":false,"campfire_upgraded":8,"win_rate":0.0,"timestamp":1533874242,"path_taken":["M","?","M","?","M","E","M","E","T","R","?","R","M","?","R","BOSS","M","M","?","M","$","R","E","R","T","R","$","?","E","?","R","BOSS","M","M","?","?","$","E","R","M","T","R","E","?","E","$","R","BOSS"],"build_version":"2018-08-09","purchased_purges":2,"victory":true,"max_hp_per_floor":[70,70,70,70,70,70,70,70,70,70,70,70,70,70,70,70,70,70,70,75,75,75,75,75,75,75,75,75,75,75,75,75,75,75,75,75,75,75,75,85,85,85,85,85,85,85,85,85,85,85],"card_choices":[{"not_picked":["PiercingWail","Acrobatics"],"picked":"Terror","floor":1},{"not_picked":["Dodge and Roll","Outmaneuver"],"picked":"Skewer","floor":3},{"not_picked":["Acrobatics","Doppelganger"],"picked":"Riddle With Holes","floor":5},{"not_picked":["Slice","PiercingWail"],"picked":"Flying Knee","floor":6},{"not_picked":["Deadly Poison","Dagger Spray"],"picked":"Flying Knee","floor":7},{"not_picked":["Dagger Spray","Dagger Throw"],"picked":"Backstab","floor":8},{"not_picked":["Skewer","Prepared"],"picked":"Blur","floor":13},{"not_picked":["Sucker Punch","Underhanded Strike"],"picked":"Dagger Spray","floor":14},{"not_picked":["After Image","Envenom"],"picked":"Die Die Die","floor":16},{"not_picked":["Deflect","Dodge and Roll","Outmaneuver"],"picked":"SKIP","floor":18},{"not_picked":["Blade Dance","PiercingWail+1"],"picked":"Backflip","floor":19},{"not_picked":["Poisoned Stab","Slice","Underhanded Strike"],"picked":"SKIP","floor":21},{"not_picked":["Dagger Throw","Eviscerate"],"picked":"Acrobatics+1","floor":24},{"not_picked":["Phantasmal Killer","Poisoned Stab","Reflex"],"picked":"SKIP","floor":29},{"not_picked":["Flying Knee","Dodge and Roll"],"picked":"Footwork","floor":30},{"not_picked":["Distraction","Finisher+1"],"picked":"Outmaneuver","floor":31},{"not_picked":["A Thousand Cuts","Venomology"],"picked":"Night Terror","floor":33},{"not_picked":["Sucker Punch+1","Poisoned Stab+1"],"picked":"Blur+1","floor":35},{"not_picked":["Blade Dance","Poisoned Stab","Finisher+1"],"picked":"SKIP","floor":36},{"not_picked":["Secret Technique","Master of Strategy"],"picked":"Panache","floor":38},{"not_picked":["All Out Attack","Calculated Gamble"],"picked":"Dodge and Roll","floor":40},{"not_picked":["Dagger Spray+1","Quick Slash"],"picked":"Bouncing Flask+1","floor":42},{"not_picked":["Choke","Bouncing Flask"],"picked":"Burst","floor":45},{"not_picked":["Deflect","Prepared+1","Poisoned Stab"],"picked":"SKIP","floor":46},{"not_picked":["Finisher","Backflip+1"],"picked":"Footwork","floor":47},{"not_picked":["Dagger Throw","Acrobatics+1"],"picked":"Leg Sweep","floor":49}],"player_experience":3646,"relics_obtained":[{"floor":6,"key":"Centennial Puzzle"},{"floor":8,"key":"Orichalcum"},{"floor":9,"key":"War Paint"},{"floor":24,"key":"Ornamental Fan"},{"floor":26,"key":"Pen Nib"},{"floor":30,"key":"Regal Pillow"},{"floor":40,"key":"Pear"},{"floor":43,"key":"Happy Flower"},{"floor":45,"key":"Matryoshka"},{"floor":47,"key":"Dream Catcher"}],"event_choices":[{"event_name":"WeMeetAgain","player_choice":"Card","floor":2,"damage_taken":0},{"event_name":"Golden Wing","player_choice":"Card Removal","floor":4,"damage_taken":0},{"event_name":"World of Goop","player_choice":"Gather Gold","floor":11,"damage_taken":0},{"event_name":"Forgotten Altar","player_choice":"Shed Blood","floor":20,"damage_taken":0},{"event_name":"The Lab","player_choice":"Got Potions","floor":37,"damage_taken":0},{"event_name":"SensoryStone","player_choice":"Memory 1","floor":38,"damage_taken":0}],"is_beta":false,"boss_relics":[{"not_picked":["Runic Pyramid","HoveringKite"],"picked":"Velvet Choker"},{"not_picked":["Runic Dome","Busted Crown"],"picked":"Sozu"}],"items_purged_floors":[22,39],"is_endless":false,"potions_floor_spawned":[6,7,8,13,14,18,29,30,33,40,46,47],"ascension_level":0}