{"gold_per_floor":[112,112,66,85,10,10,38,38,38,68,85,99,150,161,161,256,256,274,293,293,304,304,329,329,356,356,389,389,402,65,65,65,170,170,180,190,243,258,258,286,286,299,325,325,16,16,28,38,38,38],"floor_reached":51,"playtime":2714,"items_purged":["Strike_R"],"score":884,"play_id":"ca02fb1a-fac5-4312-93fe-e9170eabee1a","local_time":"20190504194537","is_ascension_mode":true,"campfire_choices":[{"data":"Inflame","floor":6,"key":"SMITH"},{"data":"Bash","floor":8,"key":"SMITH"},{"data":"Double Tap","floor":15,"key":"SMITH"},{"data":"Feed","floor":24,"key":"SMITH"},{"data":"Limit Break","floor":32,"key":"SMITH"},{"floor":41,"key":"REST"},{"data":"1","floor":44,"key":"LIFT"},{"data":"2","floor":49,"key":"LIFT"}],"neow_cost":"NONE","seed_source_timestamp":1713655897338113,"circlet_count":0,"master_deck":["Strike_R","Strike_R+1","Defend_R","Defend_R","Defend_R","Defend_R","Bash+1","Clothesline","Shrug It Off+1","Inflame+1","Double Tap+1","Sword Boomerang","Spot Weakness+1","Feed+1","Whirlwind","Feed","Limit Break+1","Inflame","Twin Strike+1","Heavy Blade+1","Pummel","Offering"],"relics":["Burning Blood","NeowsBlessing","Bird Faced Urn","Ornamental Fan","Thread and Needle","Dream Catcher","Busted Crown","Whetstone","Vajra","Question Card","Orichalcum","War Paint","Ancient Tea Set","Eternal Feather","Girya","Incense Burner","Red Skull","Mango"],"potions_floor_usage":[23,25,36,38,40,40,50,50],"damage_taken":[{"damage":0,"enemies":"Cultist","floor":1,"turns":1},{"damage":0,"enemies":"Jaw Worm","floor":4,"turns":1},{"damage":0,"enemies":"Lagavulin","floor":7,"turns":1},{"damage":19,"enemies":"Gremlin Nob","floor":10,"turns":4},{"damage":1,"enemies":"2 Louse","floor":11,"turns":2},{"damage":5,"enemies":"Red Slaver","floor":12,"turns":4},{"damage":1,"enemies":"Exordium Thugs","floor":14,"turns":5},{"damage":42,"enemies":"Hexaghost","floor":16,"turns":9},{"damage":4,"enemies":"Shell Parasite","floor":18,"turns":3},{"damage":1,"enemies":"Chosen","floor":19,"turns":3},{"damage":22,"enemies":"Sentry and Sphere","floor":21,"turns":6},{"damage":21,"enemies":"Gremlin Leader","floor":23,"turns":6},{"damage":8,"enemies":"Book of Stabbing","floor":25,"turns":4},{"damage":0,"enemies":"Gremlin Leader","floor":27,"turns":4},{"damage":10,"enemies":"Snake Plant","floor":29,"turns":5},{"damage":71,"enemies":"Collector","floor":33,"turns":7},{"damage":1,"enemies":"3 Shapes","floor":35,"turns":4},{"damage":0,"enemies":"3 Darklings","floor":36,"turns":2},{"damage":39,"enemies":"2 Orb Walkers","floor":37,"turns":5},{"damage":24,"enemies":"Writhing Mass","floor":38,"turns":5},{"damage":58,"enemies":"Giant Head","floor":40,"turns":8},{"damage":7,"enemies":"Spire Growth","floor":42,"turns":3},{"damage":9,"enemies":"3 Darklings","floor":47,"turns":3},{"damage":1,"enemies":"Jaw Worm Horde","floor":48,"turns":4},{"damage":36,"enemies":"Awakened One","floor":50,"turns":7}],"seed_played":"-6554287181948611735","potions_obtained":[{"floor":10,"key":"FearPotion"},{"floor":11,"key":"EssenceOfSteel"},{"floor":12,"key":"SpeedPotion"},{"floor":14,"key":"SteroidPotion"},{"floor":23,"key":"Weak Potion"},{"floor":25,"key":"Poison Potion"},{"floor":33,"key":"Regen Potion"},{"floor":38,"key":"Regen Potion"},{"floor":40,"key":"EssenceOfSteel"},{"floor":47,"key":"LiquidBronze"}],"is_trial":false,"path_per_floor":["M","?","$","M","$","R","E","R","T","E","M","M","T","M","R","B",null,"M","M","?","M","T","E","R","E","T","E","?","M","$","?","R","B",null,"M","M","?","M","?","E","R","M","T","R","$","?","M","M","R","B",null],"character_chosen":"IRONCLAD","items_purchased":["Shrug It Off","Limit Break","Ancient Tea Set","Inflame","Mango"],"campfire_rested":1,"item_purchase_floors":[3,30,30,30,45],"current_hp_per_floor":[80,80,80,80,80,80,80,80,80,67,74,77,77,80,80,44,80,83,83,83,70,70,57,57,61,61,73,73,71,71,71,71,10,94,98,98,70,70,70,37,79,82,82,94,108,108,111,123,123,94],"gold":38,"neow_bonus":"THREE_ENEMY_KILL","is_prod":false,"is_daily":false,"chose_seed":false,"campfire_upgraded":5,"win_rate":0,"timestamp":1556995537,"path_taken":["M","?","$","?","?","R","E","R","T","E","M","M","?","M","R","BOSS","M","M","?","?","?","E","R","E","T","E","?","M","$","?","R","BOSS","M","M","?","M","?","E","R","?","T","R","$","?","M","M","R","BOSS"],"build_version":"2019-01-23","purchased_purges":1,"victory":true,"max_hp_per_floor":[80,80,80,80,80,80,80,80,80,80,80,80,80,80,80,80,80,83,83,83,86,86,86,86,90,90,94,94,94,94,94,94,94,94,98,98,101,101,101,101,101,101,101,101,115,115,119,123,123,123],"card_choices":[{"not_picked":["Perfected Strike","Flex"],"picked":"Clothesline","floor":1},{"not_picked":["True Grit","Pommel Strike"],"picked":"Inflame","floor":4},{"not_picked":["Corruption","Juggernaut","Clothesline"],"picked":"SKIP","floor":7},{"not_picked":["Anger","Shrug It Off"],"picked":"Double Tap","floor":10},{"not_picked":["Headbutt","Sever Soul"],"picked":"Sword Boomerang","floor":11},{"not_picked":["Shrug It Off","Armaments","Wild Strike"],"picked":"SKIP","floor":12},{"not_picked":["Sever Soul","Feel No Pain"],"picked":"Spot Weakness","floor":14},{"not_picked":["Exhume","Bludgeon"],"picked":"Feed","floor":16},{"not_picked":["Hemokinesis"],"picked":"SKIP","floor":18},{"not_picked":["Pommel Strike"],"picked":"SKIP","floor":19},{"not_picked":["Clothesline+1"],"picked":"SKIP","floor":21},{"not_picked":["True Grit"],"picked":"SKIP","floor":23},{"not_picked":["Headbutt"],"picked":"SKIP","floor":25},{"not_picked":["Twin Strike"],"picked":"Feed","floor":27},{"not_picked":["Perfected Strike","Clothesline"],"picked":"SKIP","floor":29},{"not_picked":["Iron Wave"],"picked":"Twin Strike+1","floor":35},{"not_picked":["Havoc","Infernal Blade+1"],"picked":"SKIP","floor":36},{"not_picked":["Iron Wave+1"],"picked":"Heavy Blade+1","floor":37},{"not_picked":["Heavy Blade"],"picked":"Pummel","floor":38},{"not_picked":["Clash+1","Combust"],"picked":"SKIP","floor":40},{"not_picked":["True Grit","Clothesline"],"picked":"SKIP","floor":42},{"not_picked":["Shockwave","Dual Wield"],"picked":"SKIP","floor":47},{"not_picked":["Offering","Carnage"],"picked":"SKIP","floor":48},{"not_picked":["Carnage"],"picked":"Offering","floor":48}],"player_experience":1912107,"relics_obtained":[{"floor":7,"key":"Bird Faced Urn"},{"floor":9,"key":"Ornamental Fan"},{"floor":10,"key":"Thread and Needle"},{"floor":13,"key":"Dream Catcher"},{"floor":22,"key":"Whetstone"},{"floor":23,"key":"Vajra"},{"floor":25,"key":"Question Card"},{"floor":26,"key":"Orichalcum"},{"floor":27,"key":"War Paint"},{"floor":37,"key":"Girya"},{"floor":40,"key":"Incense Burner"},{"floor":43,"key":"Red Skull"}],"event_choices":[{"damage_healed":0,"gold_gain":0,"player_choice":"0 cards matched","damage_taken":0,"max_hp_gain":0,"max_hp_loss":0,"event_name":"Match and Keep!","floor":2,"gold_loss":0,"cards_obtained":[]},{"damage_healed":0,"gold_gain":0,"player_choice":"1 cards matched","damage_taken":0,"max_hp_gain":0,"max_hp_loss":0,"event_name":"Match and Keep!","floor":20,"gold_loss":0,"cards_obtained":["Whirlwind"]},{"cards_removed":["Strike_R"],"damage_healed":0,"gold_gain":0,"player_choice":"Elegance","damage_taken":0,"max_hp_gain":0,"max_hp_loss":0,"event_name":"Back to Basics","floor":28,"gold_loss":0},{"damage_healed":0,"gold_gain":0,"player_choice":"Fight","damage_taken":0,"max_hp_gain":0,"max_hp_loss":0,"event_name":"Mysterious Sphere","floor":37,"gold_loss":0},{"damage_healed":0,"gold_gain":0,"player_choice":"Ignored","damage_taken":0,"max_hp_gain":0,"max_hp_loss":0,"event_name":"NoteForYourself","floor":39,"gold_loss":0},{"cards_removed":["Strike_R"],"damage_healed":0,"gold_gain":0,"player_choice":"Removed Attack","damage_taken":0,"max_hp_gain":0,"max_hp_loss":0,"event_name":"Falling","floor":46,"gold_loss":0}],"is_beta":false,"boss_relics":[{"not_picked":["Runic Dome","Pandora\u0027s Box"],"picked":"Busted Crown"},{"not_picked":["Velvet Choker","Calling Bell"],"picked":"Eternal Feather"}],"items_purged_floors":[5],"is_endless":false,"potions_floor_spawned":[10,11,12,14,18,23,25,33,38,40,47],"ascension_level":1}