{"gold_per_floor":[112,124,135,153,170,170,199,211,259,290,255,255,99,114,114,218,218,228,246,67,83,100,132,132,144,144,144,144,144],"floor_reached":29,"playtime":1466,"items_purged":["Strike_G"],"score":352,"play_id":"7097033a-76d4-4679-bcbc-00123e7a87a6","local_time":"20190319135323","is_ascension_mode":true,"campfire_choices":[{"data":"Crippling Poison","floor":6,"key":"SMITH"},{"data":"Noxious Fumes","floor":15,"key":"SMITH"},{"data":"Night Terror","floor":24,"key":"SMITH"},{"floor":27,"key":"REST"}],"neow_cost":"NONE","seed_source_timestamp":266882217519802,"circlet_count":0,"master_deck":["Defend_G","Defend_G","Defend_G","Defend_G","Defend_G","Strike_G","Strike_G","Strike_G","Strike_G","Survivor","Neutralize","Crippling Poison+1","Dagger Spray","Dagger Throw","Noxious Fumes+1","Poisoned Stab","Glass Knife","Noxious Fumes","Night Terror+1","Acrobatics+1","Panache","Endless Agony","Infinite Blades","Well Laid Plans","Poisoned Stab+1"],"relics":["Ring of the Snake","Boot","Ginger","Mummified Hand","Sozu","Pear","Kunai"],"potions_floor_usage":[7,16,18,22],"damage_taken":[{"damage":0,"enemies":"Small Slimes","floor":1,"turns":6},{"damage":2,"enemies":"Jaw Worm","floor":2,"turns":4},{"damage":0,"enemies":"Cultist","floor":3,"turns":3},{"damage":8,"enemies":"Lots of Slimes","floor":4,"turns":2},{"damage":6,"enemies":"2 Fungi Beasts","floor":5,"turns":3},{"damage":15,"enemies":"Lagavulin","floor":7,"turns":5},{"damage":0,"enemies":"Large Slime","floor":8,"turns":4},{"damage":29,"enemies":"3 Sentries","floor":10,"turns":7},{"damage":8,"enemies":"Exordium Wildlife","floor":14,"turns":4},{"damage":13,"enemies":"Hexaghost","floor":16,"turns":7},{"damage":9,"enemies":"Chosen","floor":18,"turns":4},{"damage":6,"enemies":"3 Byrds","floor":19,"turns":3},{"damage":15,"enemies":"Centurion and Healer","floor":21,"turns":5},{"damage":23,"enemies":"Snecko","floor":22,"turns":6},{"damage":0,"enemies":"Gremlin Leader","floor":23,"turns":5},{"damage":20,"enemies":"3 Cultists","floor":25,"turns":4},{"damage":19,"enemies":"Shelled Parasite and Fungi","floor":29,"turns":3}],"seed_played":"-2962922243172345966","potions_obtained":[{"floor":1,"key":"Weak Potion"},{"floor":2,"key":"FearPotion"},{"floor":5,"key":"EntropicBrew"},{"floor":7,"key":"Strength Potion"},{"floor":14,"key":"Fire Potion"}],"is_trial":false,"path_per_floor":["M","M","M","M","M","R","E","M","T","E","?","?","$","M","R","B",null,"M","M","$","M","M","E","R","M","T","R","?","M"],"character_chosen":"THE_SILENT","items_purchased":["Noxious Fumes","Panache"],"campfire_rested":1,"item_purchase_floors":[13,20],"current_hp_per_floor":[70,68,68,60,54,54,39,39,39,10,27,70,70,62,62,49,70,61,55,55,40,17,27,27,7,7,31,16,0],"gold":144,"neow_bonus":"RANDOM_COMMON_RELIC","is_prod":false,"is_daily":false,"chose_seed":false,"campfire_upgraded":3,"win_rate":0,"timestamp":1553028803,"path_taken":["M","M","M","M","M","R","E","M","T","E","?","?","$","?","R","BOSS","M","M","$","?","M","E","R","M","T","R","?","M"],"build_version":"2019-01-23","purchased_purges":1,"victory":false,"max_hp_per_floor":[70,70,70,70,70,70,70,70,70,70,70,70,70,70,70,70,70,70,70,70,70,70,80,80,80,80,80,85,85],"card_choices":[{"not_picked":["Catalyst","Acrobatics","Slice"],"picked":"SKIP","floor":1},{"not_picked":["Slice","Sucker Punch"],"picked":"Crippling Poison","floor":2},{"not_picked":["Crippling Poison","PiercingWail"],"picked":"Dagger Spray","floor":3},{"not_picked":["Calculated Gamble","Backflip"],"picked":"Dagger Throw","floor":4},{"not_picked":["Footwork","Predator"],"picked":"Noxious Fumes","floor":5},{"not_picked":["Accuracy","Flying Knee"],"picked":"Poisoned Stab","floor":7},{"not_picked":["Underhanded Strike","Cloak And Dagger"],"picked":"Glass Knife","floor":8},{"not_picked":["Finisher","Expertise","Prepared"],"picked":"SKIP","floor":10},{"not_picked":["Sucker Punch","Cloak And Dagger","Dodge and Roll"],"picked":"SKIP","floor":14},{"not_picked":["Venomology","Bullet Time"],"picked":"Night Terror","floor":16},{"not_picked":["Underhanded Strike","Expertise","Quick Slash"],"picked":"SKIP","floor":18},{"not_picked":["Outmaneuver","Slice"],"picked":"Acrobatics+1","floor":19},{"not_picked":["All Out Attack","Deflect"],"picked":"Endless Agony","floor":21},{"not_picked":["Blade Dance","Quick Slash"],"picked":"Infinite Blades","floor":22},{"not_picked":["Acrobatics+1","Die Die Die"],"picked":"Well Laid Plans","floor":23},{"not_picked":["Outmaneuver","Quick Slash"],"picked":"Poisoned Stab+1","floor":25}],"player_experience":49525,"relics_obtained":[{"floor":7,"key":"Ginger"},{"floor":10,"key":"Mummified Hand"},{"floor":23,"key":"Pear"},{"floor":26,"key":"Kunai"}],"event_choices":[{"damage_healed":17,"gold_gain":0,"player_choice":"Healed","damage_taken":0,"max_hp_gain":0,"max_hp_loss":0,"event_name":"The Cleric","floor":11,"gold_loss":35},{"damage_healed":43,"gold_gain":0,"player_choice":"Full Heal","damage_taken":0,"max_hp_gain":0,"max_hp_loss":0,"event_name":"Wheel of Change","floor":12,"gold_loss":0},{"damage_healed":0,"gold_gain":0,"player_choice":"Shed Blood","damage_taken":20,"max_hp_gain":5,"max_hp_loss":0,"event_name":"Forgotten Altar","floor":28,"gold_loss":0}],"is_beta":false,"boss_relics":[{"not_picked":["Empty Cage","HoveringKite"],"picked":"Sozu"}],"items_purged_floors":[13],"is_endless":false,"potions_floor_spawned":[1,2,5,7,10,14,19,25],"killed_by":"Shelled Parasite and Fungi","ascension_level":3}