{"gold_per_floor":[211,228,13,13,25,60,72,85,112,144,144,155,172,27,27,125,125,139,139,158,9,24,24],"floor_reached":23,"playtime":1992,"items_purged":["Strike_B"],"score":242,"play_id":"7615f409-1887-40cb-bad3-bb244e5f4b7a","local_time":"20190503225941","is_ascension_mode":true,"campfire_choices":[{"data":"Buffer","floor":11,"key":"SMITH"},{"data":"Genetic Algorithm","floor":15,"key":"SMITH"}],"neow_cost":"NONE","seed_source_timestamp":1639679695775959,"circlet_count":0,"master_deck":["Strike_B","Strike_B","Strike_B","Defend_B","Defend_B","Defend_B","Defend_B","Zap","Dualcast","Coolheaded","Beam Cell","Loop","Genetic Algorithm+1","Buffer+1","Go for the Eyes","Ball Lightning","Streamline","Rainbow","Glacier","Creative AI","White Noise+1"],"relics":["Cracked Core","PreservedInsect","GremlinMask","Pen Nib","Blood Vial","Omamori","Sozu","Necronomicon","Lantern"],"potions_floor_usage":[8,10,16,20],"damage_taken":[{"damage":1,"enemies":"Jaw Worm","floor":1,"turns":3},{"damage":0,"enemies":"Cultist","floor":2,"turns":3},{"damage":1,"enemies":"Small Slimes","floor":5,"turns":3},{"damage":17,"enemies":"Lagavulin","floor":6,"turns":7},{"damage":1,"enemies":"2 Fungi Beasts","floor":7,"turns":3},{"damage":16,"enemies":"Exordium Thugs","floor":8,"turns":5},{"damage":0,"enemies":"Gremlin Nob","floor":10,"turns":3},{"damage":3,"enemies":"Red Slaver","floor":12,"turns":4},{"damage":8,"enemies":"Exordium Wildlife","floor":13,"turns":5},{"damage":9,"enemies":"Hexaghost","floor":16,"turns":13},{"damage":0,"enemies":"Chosen","floor":18,"turns":5},{"damage":14,"enemies":"2 Thieves","floor":20,"turns":5},{"damage":42,"enemies":"3 Cultists","floor":22,"turns":6},{"damage":10,"enemies":"Gremlin Leader","floor":23,"turns":2}],"seed_played":"7741018386971005731","potions_obtained":[{"floor":2,"key":"Fire Potion"},{"floor":5,"key":"Strength Potion"},{"floor":12,"key":"Energy Potion"},{"floor":13,"key":"Regen Potion"},{"floor":16,"key":"SkillPotion"}],"is_trial":false,"path_per_floor":["M","M","$","?","M","E","M","M","T","E","R","M","M","$","R","B",null,"M","?","M","$","M","E"],"character_chosen":"DEFECT","items_purchased":["PreservedInsect","Loop","Glacier","Lantern"],"campfire_rested":0,"item_purchase_floors":[3,3,14,21],"current_hp_per_floor":[74,74,74,74,73,56,55,39,39,41,41,40,34,34,34,42,75,75,59,47,47,7,0],"gold":24,"neow_bonus":"HUNDRED_GOLD","is_prod":false,"is_daily":false,"chose_seed":false,"campfire_upgraded":2,"win_rate":0,"timestamp":1556920781,"path_taken":["M","M","$","?","M","E","?","?","T","E","R","M","?","?","R","BOSS","M","?","M","$","M","E"],"build_version":"2019-01-23","purchased_purges":1,"victory":false,"max_hp_per_floor":[75,75,75,75,75,75,75,75,75,75,75,75,75,75,75,75,75,75,75,75,75,75,75],"card_choices":[{"not_picked":["Beam Cell","White Noise"],"picked":"Coolheaded","floor":1},{"not_picked":["Redo","Undo"],"picked":"Beam Cell","floor":2},{"not_picked":["Tempest","Turbo"],"picked":"Genetic Algorithm","floor":5},{"not_picked":["Skim","Thunder Strike"],"picked":"Buffer","floor":6},{"not_picked":["Sweeping Beam","Hello World","Gash"],"picked":"SKIP","floor":7},{"not_picked":["Turbo","Leap"],"picked":"Go for the Eyes","floor":8},{"not_picked":["Scrape","Reinforced Body"],"picked":"Ball Lightning","floor":10},{"not_picked":["Consume","Capacitor"],"picked":"Streamline","floor":12},{"not_picked":["Storm","Beam Cell"],"picked":"Rainbow","floor":13},{"not_picked":["Hyperbeam","Buffer"],"picked":"Creative AI","floor":16},{"not_picked":["Compile Driver","Stack","Go for the Eyes"],"picked":"SKIP","floor":18},{"not_picked":["Turbo","Conserve Battery","Gash"],"picked":"SKIP","floor":20},{"not_picked":["Gash","Fusion"],"picked":"White Noise+1","floor":22}],"player_experience":1905279,"relics_obtained":[{"floor":6,"key":"Pen Nib"},{"floor":9,"key":"Blood Vial"},{"floor":10,"key":"Omamori"},{"floor":19,"key":"Necronomicon"}],"event_choices":[{"damage_healed":0,"gold_gain":0,"player_choice":"Trade","damage_taken":0,"relics_obtained":["GremlinMask"],"max_hp_gain":0,"max_hp_loss":0,"event_name":"FaceTrader","floor":4,"gold_loss":0},{"damage_healed":0,"gold_gain":0,"player_choice":"Obtained Book","damage_taken":16,"max_hp_gain":0,"max_hp_loss":0,"event_name":"Cursed Tome","floor":19,"gold_loss":0}],"is_beta":false,"boss_relics":[{"not_picked":["FrozenCore","Tiny House"],"picked":"Sozu"}],"items_purged_floors":[14],"is_endless":false,"potions_floor_spawned":[2,5,12,13,16,18,20,22],"killed_by":"Gremlin Leader","ascension_level":1}