{"gold_per_floor":[116,62,81,95,41,74,74,224,248,278,328,338,338,354,354,431,431,443,329,329,344,76,76,105,105,105,105,121,121,136,36,36,112,112,112],"floor_reached":35,"playtime":2662,"items_purged":["Doubt","Strike_B"],"score":653,"play_id":"59310191-08a5-4dee-8824-28c2d2bd81db","local_time":"20190323182020","is_ascension_mode":true,"campfire_choices":[{"floor":7.0,"key":"REST"},{"floor":13.0,"key":"REST"},{"floor":15.0,"key":"REST"},{"floor":23.0,"key":"REST"},{"data":"Fission","floor":25,"key":"SMITH"},{"floor":27,"key":"REST"},{"data":"Zap","floor":29,"key":"SMITH"},{"floor":32,"key":"REST"}],"neow_cost":"NONE","seed_source_timestamp":0,"circlet_count":0,"master_deck":["AscendersBane","Strike_B","Strike_B","Strike_B","Defend_B","Defend_B","Defend_B","Defend_B","Zap+1","Dualcast","Meteor Strike","Ball Lightning","Coolheaded","Consume","Machine Learning","Fusion","Cold Snap","Core Surge","Fission+1","Coolheaded","Capacitor","Genetic Algorithm","Cold Snap","Redo","Doom and Gloom","Electrodynamics","Echo Form","Cold Snap+1"],"special_seed":0,"relics":["Cracked Core","Regal Pillow","Sozu","Nloth\u0027s Gift","Runic Capacitor","Dodecahedron","Calipers","Orrery"],"potions_floor_usage":[24,24],"damage_taken":[{"damage":15.0,"enemies":"Small Slimes","floor":1.0,"turns":4.0},{"damage":3.0,"enemies":"2 Louse","floor":3.0,"turns":3.0},{"damage":0.0,"enemies":"Cultist","floor":4.0,"turns":3.0},{"damage":41.0,"enemies":"3 Sentries","floor":6.0,"turns":9.0},{"damage":9.0,"enemies":"3 Louse","floor":12.0,"turns":3.0},{"damage":25.0,"enemies":"Exordium Thugs","floor":14.0,"turns":5.0},{"damage":45.0,"enemies":"The Guardian","floor":16.0,"turns":16.0},{"damage":41.0,"enemies":"3 Byrds","floor":18.0,"turns":8.0},{"damage":6.0,"enemies":"Spheric Guardian","floor":21.0,"turns":3.0},{"damage":22,"enemies":"Slavers","floor":24,"turns":9},{"damage":25,"enemies":"Shelled Parasite and Fungi","floor":28,"turns":7},{"damage":5,"enemies":"Snake Plant","floor":30,"turns":6},{"damage":35,"enemies":"Champ","floor":33,"turns":18},{"damage":63,"enemies":"3 Darklings","floor":35,"turns":2}],"seed_played":"-8683493229748424497","potions_obtained":[{"floor":3.0,"key":"GamblersBrew"},{"floor":12.0,"key":"Swift Potion"},{"floor":14.0,"key":"GamblersBrew"},{"floor":16.0,"key":"FocusPotion"}],"is_trial":false,"path_per_floor":["M","$","M","M","?","E","R","?","T","?","?","M","R","M","R","B",null,"M","$","?","M","$","R","E","R","T","R","M","R","M","$","R","B",null,"M"],"character_chosen":"DEFECT","items_purchased":["Coolheaded","Capacitor","Runic Capacitor","Cold Snap","Redo"],"campfire_rested":6,"item_purchase_floors":[2,19,22,22,22],"current_hp_per_floor":[49,49,46,46,46,5,26,26,26,26,26,17,53,28,64,19,58,17,17,17,11,11,47,25,25,25,61,36,36,31,31,67,32,61,0],"gold":112,"neow_bonus":"ONE_RANDOM_RARE_CARD","is_prod":false,"is_daily":false,"chose_seed":false,"campfire_upgraded":2,"win_rate":0,"timestamp":1553365220,"path_taken":["M","$","M","M","?","E","R","?","T","?","?","M","R","?","R","BOSS","M","$","?","M","$","R","E","R","T","R","M","R","M","?","R","BOSS","M"],"build_version":"2019-01-23","purchased_purges":2,"victory":false,"max_hp_per_floor":[71,71,71,71,71,71,71,71,71,71,71,71,71,71,71,71,71,71,71,71,71,71,71,71,71,71,71,71,71,71,71,71,71,71,71],"card_choices":[{"not_picked":["Barrage","Force Field"],"picked":"Ball Lightning","floor":1.0},{"not_picked":["Blizzard","Turbo"],"picked":"Consume","floor":3.0},{"not_picked":["Go for the Eyes","Reprogram"],"picked":"Machine Learning","floor":4.0},{"not_picked":["Sweeping Beam","Gash"],"picked":"Fusion","floor":6.0},{"not_picked":["Redo","Self Repair"],"picked":"Cold Snap","floor":12.0},{"not_picked":["Undo","Streamline"],"picked":"Core Surge","floor":14.0},{"not_picked":["Machine Learning","All For One"],"picked":"Fission","floor":16.0},{"not_picked":["Leap","Blizzard+1"],"picked":"Coolheaded","floor":18.0},{"not_picked":["Ball Lightning","Redo"],"picked":"Genetic Algorithm","floor":21.0},{"not_picked":["Sweeping Beam","Go for the Eyes","Hologram"],"picked":"SKIP","floor":24},{"not_picked":["Leap","Conserve Battery"],"picked":"Doom and Gloom","floor":28},{"not_picked":["Beam Cell+1","Cold Snap"],"picked":"Electrodynamics","floor":30},{"not_picked":["Core Surge","Machine Learning"],"picked":"Echo Form","floor":33},{"not_picked":["Conserve Battery","Skim"],"picked":"Cold Snap+1","floor":34}],"player_experience":1610803,"relics_obtained":[{"floor":6.0,"key":"Vajra"},{"floor":9.0,"key":"Regal Pillow"},{"floor":24,"key":"Dodecahedron"},{"floor":26,"key":"Calipers"}],"event_choices":[{"damage_healed":0.0,"max_hp_gain":0.0,"max_hp_loss":0.0,"gold_gain":0.0,"event_name":"World of Goop","player_choice":"Left Gold","floor":5.0,"gold_loss":54.0,"damage_taken":0.0},{"damage_healed":0.0,"max_hp_gain":0.0,"max_hp_loss":0.0,"gold_gain":150.0,"event_name":"Liars Game","player_choice":"AGREE","floor":8.0,"gold_loss":0.0,"damage_taken":0.0,"cards_obtained":["Doubt"]},{"damage_healed":0.0,"max_hp_gain":0.0,"max_hp_loss":0.0,"gold_gain":30.0,"event_name":"Dead Adventurer","player_choice":"Searched \u00271\u0027 times","floor":10.0,"gold_loss":0.0,"damage_taken":0.0},{"damage_healed":0.0,"max_hp_gain":0.0,"max_hp_loss":0.0,"gold_gain":50.0,"event_name":"Golden Shrine","player_choice":"Pray","floor":11.0,"gold_loss":0.0,"damage_taken":0.0},{"damage_healed":0.0,"max_hp_gain":0.0,"max_hp_loss":0.0,"gold_gain":0.0,"event_name":"N\u0027loth","player_choice":"Traded Relic","floor":20.0,"relics_lost":["Vajra"],"gold_loss":0.0,"damage_taken":0.0,"relics_obtained":["Nloth\u0027s Gift"]}],"is_beta":false,"boss_relics":[{"not_picked":["Pandora\u0027s Box","Runic Dome"],"picked":"Sozu"},{"not_picked":["Snecko Eye","Runic Pyramid"],"picked":"Orrery"}],"items_purged_floors":[19,31],"is_endless":false,"potions_floor_spawned":[3,12,14,16,21,28,33],"killed_by":"3 Darklings","ascension_level":15}