{"gold_per_floor":[216,230,230,243,243,272,32,52,52,86,86,86],"floor_reached":12,"playtime":316,"items_purged":[],"score":101,"play_id":"cad5ff86-72be-4c12-8d30-5a081324ce7b","local_time":"20190423214714","is_ascension_mode":true,"campfire_choices":[],"neow_cost":"NONE","seed_source_timestamp":518186606193015,"circlet_count":0,"master_deck":["Strike_B","Strike_B","Strike_B","Strike_B","Defend_B","Defend_B","Defend_B","Zap+1","Dualcast","Ball Lightning","Static Discharge+1","Conserve Battery","Static Discharge","Undo","Consume","Tempest"],"relics":["Cracked Core","Darkstone Periapt","Bag of Preparation","Runic Capacitor","Symbiotic Virus","Kunai"],"potions_floor_usage":[2],"damage_taken":[{"damage":0,"enemies":"Small Slimes","floor":1,"turns":3},{"damage":7,"enemies":"Jaw Worm","floor":2,"turns":2},{"damage":3,"enemies":"2 Louse","floor":4,"turns":2},{"damage":18,"enemies":"3 Sentries","floor":6,"turns":6},{"damage":6,"enemies":"Exordium Thugs","floor":8,"turns":3},{"damage":14,"enemies":"Lagavulin","floor":10,"turns":5},{"damage":10,"enemies":"Gremlin Nob","floor":12,"turns":2}],"seed_played":"3420474453083173522","potions_obtained":[{"floor":1,"key":"LiquidBronze"},{"floor":10,"key":"SteroidPotion"}],"is_trial":false,"path_per_floor":["M","M","?","M","?","E","$","M","T","E","?","E"],"character_chosen":"DEFECT","items_purchased":["Static Discharge","Runic Capacitor"],"campfire_rested":0,"item_purchase_floors":[7,7],"current_hp_per_floor":[75,68,53,50,43,25,25,19,19,5,5,0],"gold":86,"neow_bonus":"HUNDRED_GOLD","is_prod":false,"is_daily":false,"chose_seed":false,"campfire_upgraded":0,"win_rate":0,"timestamp":1556081234,"path_taken":["M","M","?","M","?","E","$","M","T","E","?","E"],"build_version":"2019-01-23","purchased_purges":0,"victory":false,"max_hp_per_floor":[75,75,75,75,75,75,75,75,75,75,75,75],"card_choices":[{"not_picked":["Aggregate","Skim"],"picked":"Ball Lightning","floor":1},{"not_picked":["FTL","Defragment"],"picked":"Static Discharge","floor":2},{"not_picked":["Cold Snap","Lockon"],"picked":"Conserve Battery","floor":4},{"not_picked":["Streamline","Compile Driver","Barrage"],"picked":"SKIP","floor":6},{"not_picked":["Sweeping Beam","Barrage"],"picked":"Undo","floor":8},{"not_picked":["Lockon","Skim"],"picked":"Consume","floor":10}],"player_experience":443294,"relics_obtained":[{"floor":6,"key":"Bag of Preparation"},{"floor":9,"key":"Symbiotic Virus"},{"floor":10,"key":"Kunai"}],"event_choices":[{"damage_healed":0,"gold_gain":0,"player_choice":"Entered Light","damage_taken":15,"max_hp_gain":0,"max_hp_loss":0,"event_name":"Shining Light","floor":3,"gold_loss":0,"cards_upgraded":["Zap","Static Discharge"]},{"damage_healed":0,"gold_gain":0,"player_choice":"Success","damage_taken":7,"relics_obtained":["Darkstone Periapt"],"max_hp_gain":0,"max_hp_loss":0,"event_name":"Scrap Ooze","floor":5,"gold_loss":0},{"damage_healed":0,"gold_gain":0,"cards_transformed":["Defend_B"],"player_choice":"Change","damage_taken":0,"max_hp_gain":0,"max_hp_loss":0,"event_name":"Living Wall","floor":11,"gold_loss":0,"cards_obtained":["Tempest"]}],"is_beta":false,"boss_relics":[],"items_purged_floors":[],"is_endless":false,"potions_floor_spawned":[1,10],"killed_by":"Gremlin Nob","ascension_level":3}