{"gold_per_floor":[119,134,152,163,173,173,202,167,167,167,178,178,90,104,104,225,225,246,266,365,365,365],"floor_reached":22,"playtime":1331,"items_purged":["Strike_B"],"score":244,"play_id":"2f8a30b5-7d64-422f-8b79-efc4e443d48e","local_time":"20190407004718","is_ascension_mode":true,"campfire_choices":[{"floor":6,"key":"REST"},{"data":"Double Energy","floor":10,"key":"SMITH"},{"floor":15,"key":"REST"}],"neow_cost":"NONE","seed_source_timestamp":25883021117754,"circlet_count":0,"master_deck":["Strike_B","Strike_B","Strike_B","Defend_B","Defend_B","Defend_B","Defend_B","Zap","Dualcast","Defragment","Double Energy+1","Sunder","Fusion","Redo","Darkness","Coolheaded","Capacitor","Ball Lightning","Core Surge","Conserve Battery","Cold Snap","Compile Driver","Undo","Melter","Streamline+1","Defragment"],"relics":["Cracked Core","Smiling Mask","Shuriken","Happy Flower","Bloody Idol","Orrery"],"potions_floor_usage":[5,7,16,16,22,22],"damage_taken":[{"damage":1,"enemies":"Cultist","floor":1,"turns":3},{"damage":3,"enemies":"2 Louse","floor":2,"turns":2},{"damage":7,"enemies":"Jaw Worm","floor":3,"turns":3},{"damage":11,"enemies":"Blue Slaver","floor":4,"turns":4},{"damage":16,"enemies":"Large Slime","floor":5,"turns":5},{"damage":5,"enemies":"Lagavulin","floor":7,"turns":5},{"damage":10,"enemies":"3 Louse","floor":11,"turns":4},{"damage":18,"enemies":"Looter","floor":14,"turns":4},{"damage":40,"enemies":"The Guardian","floor":16,"turns":11},{"damage":17,"enemies":"3 Byrds","floor":18,"turns":5},{"damage":27,"enemies":"Shell Parasite","floor":19,"turns":4},{"damage":18,"enemies":"Centurion and Healer","floor":22,"turns":4}],"seed_played":"-3468594696162120566","potions_obtained":[{"floor":1,"key":"Dexterity Potion"},{"floor":2,"key":"Weak Potion"},{"floor":4,"key":"Poison Potion"},{"floor":14,"key":"PowerPotion"},{"floor":18,"key":"Fire Potion"},{"floor":19,"key":"Dexterity Potion"}],"is_trial":false,"path_per_floor":["M","M","M","M","M","R","E","?","T","R","M","?","$","M","R","B",null,"M","M","?","?","M"],"character_chosen":"DEFECT","items_purchased":["Capacitor"],"campfire_rested":2,"item_purchase_floors":[13],"current_hp_per_floor":[67,64,57,46,30,52,47,65,65,65,55,37,37,19,41,1,57,40,13,13,13,0],"gold":365,"neow_bonus":"RANDOM_COMMON_RELIC","is_prod":false,"is_daily":false,"chose_seed":false,"campfire_upgraded":1,"win_rate":0,"timestamp":1554565638,"path_taken":["M","M","M","?","M","R","E","?","T","R","M","?","?","M","R","BOSS","M","M","?","?","M"],"build_version":"2019-01-23","purchased_purges":1,"victory":false,"max_hp_per_floor":[75,75,75,75,75,75,75,75,75,75,75,75,75,75,75,75,75,75,75,75,75,75],"card_choices":[{"not_picked":["Steam","Go for the Eyes"],"picked":"Defragment","floor":1},{"not_picked":["Stack","Steam Power"],"picked":"Double Energy","floor":2},{"not_picked":["Heatsinks","Conserve Battery"],"picked":"Sunder","floor":3},{"not_picked":["Beam Cell","Loop"],"picked":"Fusion","floor":4},{"not_picked":["Sunder","Stack"],"picked":"Redo","floor":5},{"not_picked":["Leap","Loop"],"picked":"Darkness","floor":7},{"not_picked":["Streamline","Fusion"],"picked":"Coolheaded","floor":11},{"not_picked":["Gash","Redo"],"picked":"Ball Lightning","floor":14},{"not_picked":["Hyperbeam","Meteor Strike"],"picked":"Core Surge","floor":16},{"not_picked":["Redo","Hologram"],"picked":"Conserve Battery","floor":17},{"not_picked":["Auto Shields","Rip and Tear"],"picked":"Cold Snap","floor":17},{"not_picked":["Beam Cell","Conserve Battery"],"picked":"Compile Driver","floor":17},{"not_picked":["Rainbow","Hologram"],"picked":"Undo","floor":17},{"not_picked":["Go for the Eyes","Ball Lightning"],"picked":"Melter","floor":17},{"not_picked":["Auto Shields","Steam Power"],"picked":"Streamline+1","floor":18},{"not_picked":["Auto Shields+1","Go for the Eyes"],"picked":"Defragment","floor":19}],"player_experience":277629,"relics_obtained":[{"floor":7,"key":"Shuriken"},{"floor":9,"key":"Happy Flower"}],"event_choices":[{"damage_healed":18,"gold_gain":0,"player_choice":"Healed","damage_taken":0,"max_hp_gain":0,"max_hp_loss":0,"event_name":"The Cleric","floor":8,"gold_loss":35},{"damage_healed":0,"gold_gain":0,"player_choice":"Take Damage","damage_taken":18,"relics_obtained":["Golden Idol"],"max_hp_gain":0,"max_hp_loss":0,"event_name":"Golden Idol","floor":12,"gold_loss":0},{"damage_healed":0,"gold_gain":99,"player_choice":"Stole From Cult","damage_taken":0,"max_hp_gain":0,"max_hp_loss":0,"event_name":"Nest","floor":20,"gold_loss":0},{"damage_healed":0,"gold_gain":0,"player_choice":"Gave Idol","damage_taken":0,"relics_obtained":["Bloody Idol"],"max_hp_gain":0,"max_hp_loss":0,"event_name":"Forgotten Altar","floor":21,"relics_lost":["Golden Idol"],"gold_loss":0}],"is_beta":false,"boss_relics":[{"not_picked":["Philosopher\u0027s Stone","Coffee Dripper"],"picked":"Orrery"}],"items_purged_floors":[13],"is_endless":false,"potions_floor_spawned":[1,2,4,14,18,19],"killed_by":"Centurion and Healer","ascension_level":6}