{"gold_per_floor":[115,190,205,219,118,118,34,60,60,77,77,92,123,141,141,242,242,257,276,276,292,311,311,336,336,360,360,372,389,389,488,488,593,593,605,605,705,724,778,812,827,827,827,425,443,166,166,185,185,185,185,185,25,56,56],"floor_reached":55,"playtime":2911,"items_purged":["Strike_R","Pain","Strike_R"],"score":1091,"play_id":"d009bc23-10dd-44ce-bf33-27d267400374","local_time":"20190504124201","is_ascension_mode":true,"campfire_choices":[{"data":"True Grit","floor":6.0,"key":"SMITH"},{"data":"Uppercut","floor":11.0,"key":"SMITH"},{"data":"Demon Form","floor":15.0,"key":"SMITH"},{"data":"Double Tap","floor":23.0,"key":"SMITH"},{"floor":25.0,"key":"REST"},{"data":"Metallicize","floor":27.0,"key":"SMITH"},{"data":"Warcry","floor":30.0,"key":"SMITH"},{"floor":32.0,"key":"REST"},{"floor":42.0,"key":"RECALL"},{"data":"Disarm","floor":49.0,"key":"SMITH"},{"data":"Sword Boomerang","floor":52.0,"key":"SMITH"}],"neow_cost":"NONE","seed_source_timestamp":1824011104156527,"circlet_count":0,"master_deck":["AscendersBane","Strike_R","Defend_R","Defend_R","Defend_R","Defend_R","Bash","Demon Form+1","True Grit+1","Shrug It Off","Cleave","Headbutt+1","Double Tap+1","Uppercut+1","Reaper","Metallicize+1","Offering","Heavy Blade+1","Disarm+1","Shame","Whirlwind+1","Warcry+1","Reaper+1","Sword Boomerang+1","Shockwave+1","True Grit+1","Armaments+1","Limit Break"],"special_seed":0,"relics":["Burning Blood","Paper Frog","Letter Opener","Matryoshka","Blood Vial","Cursed Key","Turnip","Regal Pillow","Anchor","Runic Pyramid","Du-Vu Doll","Thread and Needle","Shuriken","Bag of Marbles","Strawberry","Happy Flower","Whetstone","Centennial Puzzle"],"potions_floor_usage":[55,55],"damage_taken":[{"damage":11.0,"enemies":"Jaw Worm","floor":1.0,"turns":4.0},{"damage":10.0,"enemies":"Small Slimes","floor":3.0,"turns":4.0},{"damage":2.0,"enemies":"Cultist","floor":4.0,"turns":4.0},{"damage":24.0,"enemies":"Gremlin Nob","floor":8.0,"turns":4.0},{"damage":9.0,"enemies":"Red Slaver","floor":10.0,"turns":5.0},{"damage":1.0,"enemies":"Exordium Wildlife","floor":12.0,"turns":2.0},{"damage":20.0,"enemies":"3 Sentries","floor":13.0,"turns":6.0},{"damage":13.0,"enemies":"Large Slime","floor":14.0,"turns":6.0},{"damage":11.0,"enemies":"Hexaghost","floor":16.0,"turns":8.0},{"damage":13.0,"enemies":"3 Byrds","floor":18.0,"turns":3.0},{"damage":13.0,"enemies":"Shell Parasite","floor":19.0,"turns":6.0},{"damage":17.0,"enemies":"Snecko","floor":21.0,"turns":6.0},{"damage":39.0,"enemies":"Chosen and Byrds","floor":22.0,"turns":8.0},{"damage":57.0,"enemies":"Gremlin Leader","floor":24.0,"turns":5.0},{"damage":12.0,"enemies":"3 Cultists","floor":28.0,"turns":4.0},{"damage":5.0,"enemies":"Snake Plant","floor":29.0,"turns":3.0},{"damage":70.0,"enemies":"Automaton","floor":33.0,"turns":8.0},{"damage":29.0,"enemies":"3 Shapes","floor":35.0,"turns":7.0},{"damage":6.0,"enemies":"Mind Bloom Boss Battle","floor":37.0,"turns":7.0},{"damage":14.0,"enemies":"Orb Walker","floor":38.0,"turns":4.0},{"damage":26.0,"enemies":"2 Orb Walkers","floor":39.0,"turns":4.0},{"damage":41.0,"enemies":"Nemesis","floor":40.0,"turns":5.0},{"damage":20.0,"enemies":"Transient","floor":41.0,"turns":5.0},{"damage":31.0,"enemies":"Maw","floor":45.0,"turns":6.0},{"damage":21.0,"enemies":"3 Darklings","floor":48.0,"turns":3.0},{"damage":64.0,"enemies":"Awakened One","floor":50.0,"turns":9.0},{"damage":78.0,"enemies":"Shield and Spear","floor":54.0,"turns":7.0},{"damage":131,"enemies":"The Heart","floor":55,"turns":8}],"seed_played":"-3097071660921802443","potions_obtained":[{"floor":8.0,"key":"Swift Potion"},{"floor":10.0,"key":"LiquidBronze"},{"floor":14.0,"key":"Dexterity Potion"},{"floor":16.0,"key":"LiquidBronze"},{"floor":19.0,"key":"Dexterity Potion"},{"floor":28.0,"key":"FairyPotion"},{"floor":29.0,"key":"EssenceOfSteel"},{"floor":35.0,"key":"Energy Potion"},{"floor":41.0,"key":"Weak Potion"},{"floor":45.0,"key":"EssenceOfSteel"}],"is_trial":false,"path_per_floor":["M","?","M","M","$","R","?","E","T","M","R","M","E","M","R","B",null,"M","M","?","M","M","R","E","R","T","R","M","M","R","?","R","B",null,"M","?","?","M","?","E","M","R","T","$","M","$","?","M","R","B",null,"R","$","E","B"],"character_chosen":"IRONCLAD","items_purchased":["Headbutt","Strawberry","Happy Flower","Whetstone","Limit Break"],"campfire_rested":2,"item_purchase_floors":[5,44,44,46,53],"current_hp_per_floor":[67,56,52,56,56,56,56,38,38,35,35,40,26,29,29,26,67,77,80,80,71,43,43,24,48,48,48,44,52,52,52,80,80,80,70,70,80,80,60,61,61,61,61,68,81,81,81,68,68,87,87,87,87,87,0],"gold":56,"neow_bonus":"ONE_RANDOM_RARE_CARD","is_prod":false,"is_daily":false,"chose_seed":false,"campfire_upgraded":8,"win_rate":0,"timestamp":1556941321,"path_taken":["M","?","M","M","$","R","?","E","T","M","R","M","E","?","R","BOSS","M","M","?","M","M","R","E","R","T","R","M","M","R","?","R","BOSS","M","?","?","M","?","E","?","R","T","?","M","$","?","M","R","BOSS","R","$","E","BOSS"],"build_version":"2019-01-23","purchased_purges":3,"victory":false,"max_hp_per_floor":[80,80,80,80,80,80,80,80,80,80,80,80,80,80,80,80,80,80,80,80,80,80,80,80,80,80,80,80,80,80,80,80,80,80,80,80,80,80,80,80,80,80,80,87,87,87,87,87,87,87,87,87,87,87,87],"card_choices":[{"not_picked":["Clothesline","Pommel Strike"],"picked":"True Grit","floor":1.0},{"not_picked":["Armaments","Shockwave"],"picked":"Shrug It Off","floor":3.0},{"not_picked":["Flame Barrier","Clash"],"picked":"Cleave","floor":4.0},{"not_picked":["Flex","Evolve"],"picked":"Double Tap","floor":8.0},{"not_picked":["Shrug It Off","Dropkick"],"picked":"Uppercut","floor":10.0},{"not_picked":["Heavy Blade","Thunderclap","Flex"],"picked":"SKIP","floor":12.0},{"not_picked":["Body Slam","Sentinel"],"picked":"Reaper","floor":13.0},{"not_picked":["Body Slam","Dual Wield"],"picked":"Metallicize","floor":14.0},{"not_picked":["Bludgeon","Feed"],"picked":"Offering","floor":16.0},{"not_picked":["Uppercut","Evolve","Rampage"],"picked":"SKIP","floor":18.0},{"not_picked":["Cleave","Flex"],"picked":"Heavy Blade+1","floor":19.0},{"not_picked":["Havoc","Clash","Thunderclap"],"picked":"SKIP","floor":21.0},{"not_picked":["Second Wind","Pommel Strike","Clothesline+1"],"picked":"SKIP","floor":22.0},{"not_picked":["Dark Embrace","Reckless Charge+1","Heavy Blade"],"picked":"SKIP","floor":24.0},{"not_picked":["Twin Strike","Body Slam"],"picked":"Whirlwind+1","floor":28.0},{"not_picked":["Uppercut","Body Slam"],"picked":"Warcry","floor":29.0},{"not_picked":["Impervious","Offering"],"picked":"Reaper","floor":33.0},{"not_picked":["Heavy Blade","Disarm+1","Warcry"],"picked":"SKIP","floor":35.0},{"not_picked":["Havoc+1","Clash"],"picked":"Sword Boomerang","floor":37.0},{"not_picked":["Infernal Blade","Pommel Strike"],"picked":"Shockwave+1","floor":38.0},{"not_picked":["Cleave+1","Body Slam+1"],"picked":"True Grit+1","floor":39.0},{"not_picked":["Offering","Spot Weakness","Headbutt+1"],"picked":"SKIP","floor":40.0},{"not_picked":["Clash","Ghostly Armor+1","Twin Strike+1"],"picked":"SKIP","floor":41.0},{"not_picked":["Cleave","Sword Boomerang"],"picked":"Armaments+1","floor":45.0},{"not_picked":["Sever Soul","Heavy Blade+1","Evolve+1"],"picked":"SKIP","floor":48.0},{"not_picked":["True Grit+1","Wild Strike","Fire Breathing+1"],"picked":"SKIP","floor":54.0}],"player_experience":487587,"relics_obtained":[{"floor":8.0,"key":"Letter Opener"},{"floor":9.0,"key":"Matryoshka"},{"floor":13.0,"key":"Blood Vial"},{"floor":24.0,"key":"Turnip"},{"floor":26.0,"key":"Regal Pillow"},{"floor":26.0,"key":"Anchor"},{"floor":37.0,"key":"Du-Vu Doll"},{"floor":39.0,"key":"Thread and Needle"},{"floor":40.0,"key":"Shuriken"},{"floor":43.0,"key":"Bag of Marbles"},{"floor":54.0,"key":"Centennial Puzzle"}],"event_choices":[{"damage_healed":0.0,"max_hp_gain":0.0,"max_hp_loss":0.0,"gold_gain":75.0,"event_name":"World of Goop","player_choice":"Gather Gold","floor":2.0,"gold_loss":0.0,"damage_taken":11.0},{"damage_healed":0.0,"max_hp_gain":0.0,"max_hp_loss":0.0,"gold_gain":0.0,"event_name":"WeMeetAgain","player_choice":"Paid Gold","floor":7.0,"gold_loss":84.0,"damage_taken":0.0,"relics_obtained":["Paper Frog"]},{"damage_healed":0.0,"max_hp_gain":0.0,"max_hp_loss":0.0,"gold_gain":0.0,"cards_transformed":["Strike_R","Strike_R"],"event_name":"Drug Dealer","player_choice":"Became Test Subject","floor":20.0,"gold_loss":0.0,"damage_taken":0.0,"cards_obtained":["Disarm","Corruption"]},{"damage_healed":0.0,"max_hp_gain":0.0,"max_hp_loss":0.0,"gold_gain":99.0,"event_name":"Nest","player_choice":"Stole From Cult","floor":31.0,"gold_loss":0.0,"damage_taken":0.0},{"cards_removed":["Corruption"],"damage_healed":0.0,"max_hp_gain":0.0,"max_hp_loss":0.0,"gold_gain":0.0,"event_name":"Falling","player_choice":"Removed Power","floor":36.0,"gold_loss":0.0,"damage_taken":0.0},{"damage_healed":0.0,"max_hp_gain":0.0,"max_hp_loss":0.0,"gold_gain":0.0,"event_name":"MindBloom","player_choice":"Fight","floor":37.0,"gold_loss":0.0,"damage_taken":0.0},{"damage_healed":0.0,"max_hp_gain":0.0,"max_hp_loss":0.0,"gold_gain":0.0,"event_name":"Mysterious Sphere","player_choice":"Fight","floor":39.0,"gold_loss":0.0,"damage_taken":0.0},{"damage_healed":0.0,"max_hp_gain":0.0,"max_hp_loss":0.0,"gold_gain":0.0,"event_name":"SecretPortal","player_choice":"Ignored","floor":47.0,"gold_loss":0.0,"damage_taken":0.0}],"is_beta":false,"boss_relics":[{"not_picked":["Black Star","Busted Crown"],"picked":"Cursed Key"},{"not_picked":["Philosopher\u0027s Stone","Runic Cube"],"picked":"Runic Pyramid"}],"items_purged_floors":[5,44,46],"is_endless":false,"potions_floor_spawned":[8,10,14,16,19,21,28,29,33,35,41,45,48,54],"killed_by":"The Heart","ascension_level":11}