{"gold_per_floor":[117,117,133,133,143,168,183,183,207,16,16,34,69,15,15,15],"floor_reached":16,"playtime":417,"items_purged":[],"score":116,"play_id":"301954d9-7999-4306-aa3b-039383138c45","local_time":"20181223211101","is_ascension_mode":true,"campfire_choices":[{"floor":8,"key":"REST"},{"floor":15,"key":"REST"}],"neow_cost":"NONE","seed_source_timestamp":14545223980511,"circlet_count":0,"master_deck":["Strike_B","Strike_B","Strike_B","Strike_B","Defend_B","Defend_B","Defend_B","Zap","Dualcast","Cold Snap","Rebound","Self Repair","Multi-Cast","Echo Form","Redo","Auto Shields","Defragment","Gash"],"relics":["Cracked Core","Boot","Lantern","PreservedInsect","Omamori"],"potions_floor_usage":[7,16],"damage_taken":[{"damage":4,"enemies":"Small Slimes","floor":1,"turns":3},{"damage":10,"enemies":"2 Louse","floor":3,"turns":3},{"damage":12,"enemies":"Jaw Worm","floor":5,"turns":4},{"damage":33,"enemies":"Lagavulin","floor":6,"turns":9},{"damage":21,"enemies":"Exordium Thugs","floor":7,"turns":6},{"damage":12,"enemies":"Exordium Wildlife","floor":12,"turns":4},{"damage":14,"enemies":"Gremlin Nob","floor":13,"turns":4},{"damage":47,"enemies":"The Guardian","floor":16,"turns":5}],"seed_played":"4266812935646183290","potions_obtained":[{"floor":6,"key":"Ancient Potion"},{"floor":12,"key":"SmokeBomb"},{"floor":13,"key":"LiquidBronze"}],"is_trial":false,"path_per_floor":["M","?","M","?","M","E","M","R","T","$","?","M","E","$","R","B"],"character_chosen":"DEFECT","items_purchased":["PreservedInsect","Redo","Gash"],"campfire_rested":2,"item_purchase_floors":[10,10,14],"current_hp_per_floor":[78,78,68,61,49,23,9,33,33,33,33,21,21,21,45,0],"gold":15,"neow_bonus":"TEN_PERCENT_HP_BONUS","is_prod":false,"is_daily":false,"chose_seed":false,"campfire_upgraded":0,"win_rate":0,"timestamp":1545628261,"path_taken":["M","?","M","?","M","E","M","R","T","$","?","?","E","?","R","BOSS"],"build_version":"2018-12-20","purchased_purges":0,"victory":false,"max_hp_per_floor":[82,82,82,82,82,82,82,82,82,82,82,82,82,82,82,82],"card_choices":[{"not_picked":["Turbo","Compile Driver"],"picked":"Cold Snap","floor":1},{"not_picked":["Steam","Turbo"],"picked":"Rebound","floor":3},{"not_picked":["Sweeping Beam","Beam Cell"],"picked":"Self Repair","floor":5},{"not_picked":["Streamline","Cold Snap"],"picked":"Multi-Cast","floor":6},{"not_picked":["Barrage","Rip and Tear"],"picked":"Echo Form","floor":7},{"not_picked":["Conserve Battery","Hologram"],"picked":"Auto Shields","floor":12},{"not_picked":["Chaos","Gash"],"picked":"Defragment","floor":13}],"player_experience":314054,"relics_obtained":[{"floor":6,"key":"Boot"},{"floor":9,"key":"Lantern"},{"floor":13,"key":"Omamori"}],"event_choices":[{"damage_healed":0,"gold_gain":0,"player_choice":"Ignored","damage_taken":0,"max_hp_gain":0,"max_hp_loss":0,"event_name":"Golden Idol","floor":2,"gold_loss":0},{"cards_removed":["Defend_B"],"damage_healed":0,"gold_gain":0,"player_choice":"Card Removal","damage_taken":7,"max_hp_gain":0,"max_hp_loss":0,"event_name":"Golden Wing","floor":4,"gold_loss":0},{"damage_healed":0,"gold_gain":0,"player_choice":"Fled","damage_taken":0,"max_hp_gain":0,"max_hp_loss":0,"event_name":"Scrap Ooze","floor":11,"gold_loss":0}],"is_beta":false,"boss_relics":[],"items_purged_floors":[],"is_endless":false,"potions_floor_spawned":[6,12,13],"killed_by":"The Guardian","ascension_level":1}