{"gold_per_floor":[114,114,64,79,91,125,125,141,141,141,161,196,209,15,15,111,111,128,148,165,165],"floor_reached":21,"playtime":1827,"items_purged":[],"score":193,"play_id":"edc99a0e-c902-4e88-a570-d2c9889ab7ed","local_time":"20181212195906","is_ascension_mode":false,"campfire_choices":[{"floor":7,"key":"REST"},{"floor":15,"key":"REST"}],"neow_cost":"NONE","seed_source_timestamp":682003890036146,"circlet_count":0,"master_deck":["Strike_B","Strike_B","Strike_B","Strike_B","Defend_B","Defend_B","Defend_B","Zap","Dualcast","Streamline","Go for the Eyes","Gash","Capacitor","Gash","Thunder Strike","Ball Lightning","Lockon","Conserve Battery","Echo Form","BootSequence","Rebound","Ball Lightning"],"relics":["Cracked Core","Potion Belt","DataDisk","Matryoshka","PreservedInsect","Ancient Tea Set","Bag of Marbles","Chemical X","Inserter"],"potions_floor_usage":[6,12],"damage_taken":[{"damage":1,"enemies":"2 Louse","floor":1,"turns":4},{"damage":1,"enemies":"Jaw Worm","floor":4,"turns":3},{"damage":1,"enemies":"Cultist","floor":5,"turns":3},{"damage":35,"enemies":"3 Sentries","floor":6,"turns":8},{"damage":6,"enemies":"2 Fungi Beasts","floor":8,"turns":3},{"damage":7,"enemies":"Large Slime","floor":11,"turns":5},{"damage":25,"enemies":"Lagavulin","floor":12,"turns":4},{"damage":8,"enemies":"Lots of Slimes","floor":13,"turns":2},{"damage":49,"enemies":"The Guardian","floor":16,"turns":10},{"damage":20,"enemies":"Spheric Guardian","floor":18,"turns":4},{"damage":13,"enemies":"3 Byrds","floor":19,"turns":5},{"damage":31,"enemies":"Snake Plant","floor":20,"turns":6},{"damage":18,"enemies":"Shelled Parasite and Fungi","floor":21,"turns":2}],"seed_played":"-2541317206215272716","potions_obtained":[{"floor":1,"key":"Regen Potion"},{"floor":6,"key":"Fire Potion"},{"floor":8,"key":"AttackPotion"},{"floor":12,"key":"Strength Potion"},{"floor":20,"key":"SneckoOil"}],"is_trial":false,"path_per_floor":["M","?","?","M","M","E","R","M","T","?","M","E","M","$","R","B",null,"M","M","M","M"],"character_chosen":"DEFECT","items_purchased":["Chemical X"],"campfire_rested":2,"item_purchase_floors":[14],"current_hp_per_floor":[74,74,74,73,72,52,74,68,68,68,61,36,28,28,50,1,75,55,42,11,0],"gold":165,"neow_bonus":"RANDOM_COMMON_RELIC","is_prod":false,"is_daily":false,"chose_seed":false,"campfire_upgraded":0,"win_rate":0,"timestamp":1544673546,"path_taken":["M","?","?","M","M","E","R","M","T","?","M","E","M","$","R","BOSS","M","?","M","M"],"build_version":"2018-12-06","purchased_purges":0,"victory":false,"max_hp_per_floor":[75,75,75,75,75,75,75,75,75,75,75,75,75,75,75,75,75,75,75,75,75],"card_choices":[{"not_picked":["Undo","Stack"],"picked":"Streamline","floor":1},{"not_picked":["Conserve Battery","Stack"],"picked":"Go for the Eyes","floor":4},{"not_picked":["Compile Driver","Rebound"],"picked":"Gash","floor":5},{"not_picked":["Gash","Stack"],"picked":"Capacitor","floor":6},{"not_picked":["Stack","Compile Driver"],"picked":"Gash","floor":8},{"not_picked":["Go for the Eyes","Amplify"],"picked":"Ball Lightning","floor":11},{"not_picked":["Conserve Battery","Compile Driver"],"picked":"Lockon","floor":12},{"not_picked":["Rip and Tear","Turbo"],"picked":"Conserve Battery","floor":13},{"not_picked":["Multi-Cast","Amplify"],"picked":"Echo Form","floor":16},{"not_picked":["Beam Cell","Turbo"],"picked":"BootSequence","floor":18},{"not_picked":["Steam","Cold Snap"],"picked":"Rebound","floor":19},{"not_picked":["Beam Cell","Undo+1"],"picked":"Ball Lightning","floor":20}],"player_experience":240107,"relics_obtained":[{"floor":6,"key":"Matryoshka"},{"floor":9,"key":"PreservedInsect"},{"floor":9,"key":"Ancient Tea Set"},{"floor":12,"key":"Bag of Marbles"}],"event_choices":[{"damage_healed":0,"gold_gain":0,"player_choice":"Box","damage_taken":0,"relics_obtained":["DataDisk"],"max_hp_gain":0,"max_hp_loss":0,"event_name":"Big Fish","floor":2,"gold_loss":0,"cards_obtained":["Regret"]},{"cards_removed":["Regret"],"damage_healed":0,"gold_gain":0,"player_choice":"Card Removal","damage_taken":0,"max_hp_gain":0,"max_hp_loss":0,"event_name":"The Cleric","floor":3,"gold_loss":50},{"damage_healed":0,"gold_gain":0,"cards_transformed":["Defend_B"],"player_choice":"Transformed","damage_taken":0,"max_hp_gain":0,"max_hp_loss":0,"event_name":"Transmorgrifier","floor":10,"gold_loss":0,"cards_obtained":["Thunder Strike"]}],"is_beta":false,"boss_relics":[{"not_picked":["Lizard Tail","Philosopher\u0027s Stone"],"picked":"Inserter"}],"items_purged_floors":[],"is_endless":false,"potions_floor_spawned":[1,6,8,12,20],"killed_by":"Shelled Parasite and Fungi","ascension_level":0}