{"gold_per_floor":[210,160,172,247,270,270,295,295,295,305,318,352,77,77,77,175,175,191,116,34,34,53,53,53,53,53,53,73,73,90,108,108,206,206,206],"floor_reached":35,"playtime":1666,"items_purged":["Strike_G"],"score":504,"play_id":"a24d7c4b-c635-43df-a15c-e5fe425be0f4","local_time":"20190413001651","is_ascension_mode":true,"campfire_choices":[{"floor":6.0,"key":"REST"},{"floor":8.0,"key":"REST"},{"data":"Crippling Poison","floor":15.0,"key":"SMITH"},{"data":"Blur","floor":23.0,"key":"SMITH"},{"data":"Noxious Fumes","floor":25.0,"key":"SMITH"},{"data":"Leg Sweep","floor":32.0,"key":"SMITH"}],"neow_cost":"NONE","seed_source_timestamp":0,"circlet_count":0,"master_deck":["Defend_G","Defend_G","Defend_G+1","Survivor","Neutralize","Crippling Poison+1","Deadly Poison+1","Blur+1","Leg Sweep+1","Tools of the Trade+1","Dodge and Roll+1","Quick Slash+1","Bane+1","Noxious Fumes+1","Escape Plan+1"],"special_seed":0,"relics":["Ring of the Snake","War Paint","Art of War","Strawberry","Ancient Tea Set","TwistedFunnel","Astrolabe","MutagenicStrength","Potion Belt","Orrery"],"potions_floor_usage":[],"damage_taken":[{"damage":4.0,"enemies":"2 Louse","floor":1.0,"turns":3.0},{"damage":3.0,"enemies":"Jaw Worm","floor":3.0,"turns":7.0},{"damage":32.0,"enemies":"3 Sentries","floor":7.0,"turns":11.0},{"damage":0.0,"enemies":"Cultist","floor":10.0,"turns":3.0},{"damage":2.0,"enemies":"Red Slaver","floor":11.0,"turns":4.0},{"damage":0.0,"enemies":"Lagavulin","floor":12.0,"turns":6.0},{"damage":3.0,"enemies":"The Guardian","floor":16.0,"turns":10.0},{"damage":5.0,"enemies":"2 Thieves","floor":18.0,"turns":4.0},{"damage":1.0,"enemies":"Shell Parasite","floor":22.0,"turns":5.0},{"damage":0.0,"enemies":"Snake Plant","floor":28.0,"turns":4.0},{"damage":0.0,"enemies":"Sentry and Sphere","floor":30.0,"turns":4.0},{"damage":5.0,"enemies":"Centurion and Healer","floor":31.0,"turns":5.0},{"damage":30.0,"enemies":"Collector","floor":33.0,"turns":8.0},{"damage":0,"enemies":"Orb Walker","floor":35,"turns":1}],"seed_played":"-7037591921224828784","potions_obtained":[{"floor":1.0,"key":"Energy Potion"},{"floor":3.0,"key":"Swift Potion"},{"floor":10.0,"key":"PowerPotion"},{"floor":11.0,"key":"Block Potion"},{"floor":12.0,"key":"Energy Potion"},{"floor":22.0,"key":"SneckoOil"},{"floor":30.0,"key":"Ancient Potion"},{"floor":33.0,"key":"SteroidPotion"}],"is_trial":false,"path_per_floor":["M","?","M","?","T","R","E","R","T","M","M","E","$","?","R","B",null,"M","?","$","?","M","R","?","R","T","?","M","$","M","M","R","B",null,"M"],"character_chosen":"THE_SILENT","items_purchased":["TwistedFunnel","Noxious Fumes"],"campfire_rested":2,"item_purchase_floors":[13,20],"current_hp_per_floor":[59,59,56,45,45,66,34,55,62,62,60,60,60,53,53,50,70,65,65,65,65,64,64,64,64,64,64,64,64,64,59,59,29,65,65],"gold":206,"neow_bonus":"HUNDRED_GOLD","is_prod":false,"is_daily":false,"chose_seed":false,"campfire_upgraded":4,"win_rate":0,"timestamp":1555107411,"path_taken":["M","?","M","?","?","R","E","R","T","M","?","E","$","?","R","BOSS","M","?","$","?","M","R","?","R","T","?","M","$","M","M","R","BOSS","M"],"build_version":"2019-01-23","purchased_purges":1,"victory":false,"max_hp_per_floor":[70,70,70,70,70,70,70,70,77,77,77,77,77,77,77,77,77,77,77,77,77,77,77,77,77,77,77,77,77,77,77,77,77,77,77],"card_choices":[{"not_picked":["Catalyst","Masterful Stab"],"picked":"Crippling Poison","floor":1.0},{"not_picked":["All Out Attack","Deflect"],"picked":"Deadly Poison","floor":3.0},{"not_picked":["Dash","Outmaneuver","Unload"],"picked":"SKIP","floor":7.0},{"not_picked":["Heel Hook","Outmaneuver"],"picked":"Blur","floor":10.0},{"not_picked":["Sucker Punch","Acrobatics"],"picked":"Leg Sweep","floor":11.0},{"not_picked":["Expertise","Prepared","Dagger Throw"],"picked":"SKIP","floor":12.0},{"not_picked":["Blade Dance+1","Flying Knee+1"],"picked":"Bane+1","floor":18.0},{"not_picked":["Well Laid Plans","Accuracy","Deflect"],"picked":"SKIP","floor":22.0},{"not_picked":["Riddle With Holes","Well Laid Plans+1"],"picked":"Escape Plan+1","floor":28.0},{"not_picked":["Expertise","Acrobatics","Prepared"],"picked":"SKIP","floor":30.0},{"not_picked":["Deflect","Dash+1","Finisher"],"picked":"SKIP","floor":31.0}],"player_experience":356658,"relics_obtained":[{"floor":5.0,"key":"War Paint"},{"floor":7.0,"key":"Art of War"},{"floor":9.0,"key":"Strawberry"},{"floor":12.0,"key":"Ancient Tea Set"},{"floor":26.0,"key":"Potion Belt"}],"event_choices":[{"cards_removed":["Strike_G"],"damage_healed":0.0,"max_hp_gain":0.0,"max_hp_loss":0.0,"gold_gain":0.0,"event_name":"The Cleric","player_choice":"Card Removal","floor":2.0,"gold_loss":50.0,"damage_taken":0.0},{"damage_healed":0.0,"max_hp_gain":0.0,"max_hp_loss":0.0,"gold_gain":75.0,"event_name":"World of Goop","player_choice":"Gather Gold","floor":4.0,"gold_loss":0.0,"damage_taken":11.0},{"cards_removed":["Strike_G"],"damage_healed":0.0,"max_hp_gain":0.0,"max_hp_loss":0.0,"gold_gain":0.0,"event_name":"Golden Wing","player_choice":"Card Removal","floor":14.0,"gold_loss":0.0,"damage_taken":7.0},{"cards_removed":["Defend_G"],"damage_healed":0.0,"max_hp_gain":0.0,"max_hp_loss":0.0,"gold_gain":0.0,"event_name":"Beggar","player_choice":"Gave Gold","floor":19.0,"gold_loss":75.0,"damage_taken":0.0},{"damage_healed":0.0,"max_hp_gain":0.0,"max_hp_loss":0.0,"gold_gain":0.0,"event_name":"Drug Dealer","player_choice":"Inject Mutagens","floor":21.0,"gold_loss":0.0,"damage_taken":0.0,"relics_obtained":["MutagenicStrength"]},{"damage_healed":0.0,"max_hp_gain":0.0,"max_hp_loss":0.0,"gold_gain":0.0,"event_name":"Cursed Tome","player_choice":"Ignored","floor":24.0,"gold_loss":0.0,"damage_taken":0.0},{"damage_healed":0.0,"max_hp_gain":0.0,"max_hp_loss":0.0,"gold_gain":0.0,"event_name":"Vampires","player_choice":"Ignored","floor":27.0,"gold_loss":0.0,"damage_taken":0.0}],"is_beta":false,"boss_relics":[{"not_picked":["Coffee Dripper","Philosopher\u0027s Stone"],"picked":"Astrolabe"},{"not_picked":["HoveringKite","Sozu"],"picked":"Orrery"}],"items_purged_floors":[13],"is_endless":false,"potions_floor_spawned":[1,3,10,11,12,22,30,33],"killed_by":"Orb Walker","ascension_level":6}