{"gold_per_floor":[111,111,135,145,158,158,192,192,217,234,262,262,262,276,276,376,376,396,416,416,427,101,136,46,46,46,46,56,73,73,83,83,83],"floor_reached":33,"playtime":1114,"items_purged":["Strike_R"],"score":267,"play_id":"056434ba-5903-4a68-a608-02a09d79e713","local_time":"20180921151514","is_ascension_mode":false,"campfire_choices":[{"data":"Bash","floor":6,"key":"SMITH"},{"data":"Whirlwind","floor":8,"key":"SMITH"},{"data":"Dropkick","floor":15,"key":"SMITH"},{"data":"Fiend Fire","floor":25,"key":"SMITH"},{"data":"Shrug It Off","floor":27,"key":"SMITH"},{"data":"Dual Wield","floor":32,"key":"SMITH"}],"neow_cost":"NONE","seed_source_timestamp":664908010003757,"circlet_count":0,"master_deck":["Strike_R+1","Defend_R","Defend_R","Defend_R","Defend_R","Bash+1","Whirlwind+1","Reckless Charge","Dropkick+1","Shrug It Off+1","Fiend Fire+1","Flex","Regret","Dual Wield+1"],"relics":["Burning Blood","Bag of Marbles","Du-Vu Doll","Orichalcum","Odd Mushroom","Cursed Key","TheAbacus","Art of War","Dodecahedron"],"potions_floor_usage":[16,23,33,33],"damage_taken":[{"damage":0,"enemies":"Small Slimes","floor":1,"turns":5},{"damage":0,"enemies":"Cultist","floor":4,"turns":2},{"damage":6,"enemies":"Jaw Worm","floor":5,"turns":2},{"damage":28,"enemies":"Lagavulin","floor":7,"turns":6},{"damage":0,"enemies":"Red Slaver","floor":10,"turns":1},{"damage":12,"enemies":"The Mushroom Lair","floor":11,"turns":3},{"damage":1,"enemies":"Blue Slaver","floor":14,"turns":3},{"damage":38,"enemies":"The Guardian","floor":16,"turns":9},{"damage":6,"enemies":"Shell Parasite","floor":18,"turns":4},{"damage":0,"enemies":"3 Byrds","floor":19,"turns":3},{"damage":19,"enemies":"Snake Plant","floor":21,"turns":4},{"damage":5,"enemies":"Gremlin Leader","floor":23,"turns":4},{"damage":8,"enemies":"Chosen and Byrds","floor":28,"turns":3},{"damage":2,"enemies":"Centurion and Healer","floor":29,"turns":3},{"damage":6,"enemies":"3 Cultists","floor":31,"turns":3},{"damage":76,"enemies":"Automaton","floor":33,"turns":10}],"seed_played":"4609672167258852934","potions_obtained":[{"floor":1,"key":"Strength Potion"},{"floor":7,"key":"SpeedPotion"},{"floor":10,"key":"Dexterity Potion"},{"floor":11,"key":"GamblersBrew"},{"floor":21,"key":"Weak Potion"},{"floor":28,"key":"PowerPotion"}],"is_trial":false,"path_per_floor":["M","?","T","M","M","R","E","R","T","M","?","?","?","M","R","B",null,"M","M","?","M","$","E","?","R","T","R","M","M","$","M","R"],"character_chosen":"IRONCLAD","items_purchased":["Flex","TheAbacus"],"campfire_rested":0,"item_purchase_floors":[22,22],"current_hp_per_floor":[80,80,80,80,80,80,58,58,58,64,58,80,85,85,85,53,85,85,85,85,72,72,73,73,73,73,73,71,75,75,75,75,0],"gold":83,"neow_bonus":"REMOVE_CARD","is_prod":false,"is_daily":false,"chose_seed":false,"campfire_upgraded":6,"win_rate":0,"timestamp":1537568114,"path_taken":["M","?","?","M","M","R","E","R","T","?","?","?","?","M","R","BOSS","M","M","?","M","$","E","?","R","T","R","M","M","?","M","R","BOSS"],"build_version":"2018-09-20","purchased_purges":1,"victory":false,"max_hp_per_floor":[80,80,80,80,80,80,80,80,80,80,80,80,85,85,85,85,85,85,85,85,85,85,85,85,85,85,85,85,85,85,85,85,85],"card_choices":[{"not_picked":["Combust","Clash"],"picked":"Whirlwind","floor":1},{"not_picked":["Iron Wave","Pommel Strike"],"picked":"Dropkick","floor":4},{"not_picked":["Second Wind","Combust"],"picked":"Shrug It Off","floor":5},{"not_picked":["Perfected Strike","Clash","Cleave"],"picked":"SKIP","floor":7},{"not_picked":["Pummel","Heavy Blade","Warcry"],"picked":"SKIP","floor":10},{"not_picked":["Battle Trance","Reaper","Body Slam"],"picked":"SKIP","floor":14},{"not_picked":["Barricade","Demon Form"],"picked":"Fiend Fire","floor":16},{"not_picked":["Wild Strike","Clash+1","Intimidate"],"picked":"SKIP","floor":18},{"not_picked":["Clash+1","Cleave","Spot Weakness"],"picked":"SKIP","floor":19},{"not_picked":["Perfected Strike","Thunderclap","Headbutt"],"picked":"SKIP","floor":21},{"not_picked":["Ghostly Armor+1","Entrench+1","Havoc+1"],"picked":"SKIP","floor":23},{"not_picked":["Bloodletting","Body Slam","Perfected Strike"],"picked":"SKIP","floor":28},{"not_picked":["Impervious","Uppercut","Havoc+1"],"picked":"SKIP","floor":29},{"not_picked":["Entrench","Wild Strike"],"picked":"Dual Wield","floor":31}],"player_experience":245445,"relics_obtained":[{"floor":3,"key":"Bag of Marbles"},{"floor":7,"key":"Du-Vu Doll"},{"floor":9,"key":"Orichalcum"},{"floor":11,"key":"Odd Mushroom"},{"floor":23,"key":"Art of War"},{"floor":26,"key":"Dodecahedron"}],"event_choices":[{"event_name":"Transmorgrifier","player_choice":"Transform","floor":2,"damage_taken":0},{"event_name":"Mushrooms","player_choice":"Fought Mushrooms","floor":11,"damage_taken":0},{"event_name":"Wheel of Change","player_choice":"Full Heal","floor":12,"damage_taken":0},{"event_name":"Big Fish","player_choice":"Donut","floor":13,"damage_taken":0},{"event_name":"Vampires","player_choice":"Ignored","floor":20,"damage_taken":0},{"event_name":"Designer","player_choice":"Full Service","floor":24,"damage_taken":0}],"is_beta":false,"boss_relics":[{"not_picked":["Astrolabe","Black Blood"],"picked":"Cursed Key"}],"items_purged_floors":[22],"is_endless":false,"potions_floor_spawned":[1,7,10,11,21,28,29],"killed_by":"Automaton","ascension_level":0}