{"gold_per_floor":[217,233,43,58,69,69,83,8,8,42,56,56,82,99,99,99],"floor_reached":16,"playtime":1041,"items_purged":[],"score":211,"play_id":"a841e45f-9c77-4332-a1bb-ef057c1c146a","local_time":"20190502100224","is_ascension_mode":true,"campfire_choices":[{"data":"Fiend Fire","floor":6,"key":"SMITH"},{"data":"Bash","floor":12,"key":"SMITH"},{"data":"True Grit","floor":15,"key":"SMITH"}],"neow_cost":"NONE","seed_source_timestamp":70521226596794,"circlet_count":0,"master_deck":["AscendersBane","Strike_R","Strike_R","Strike_R","Strike_R","Defend_R","Defend_R","Defend_R","Defend_R","Bash+1","Flex","Perfected Strike","Fiend Fire+1","True Grit+1","Carnage","Armaments","Power Through","Corruption","True Grit+1"],"relics":["Burning Blood","The Courier","Mercury Hourglass","Toxic Egg 2"],"potions_floor_usage":[10,16,16],"damage_taken":[{"damage":1,"enemies":"Cultist","floor":1,"turns":3},{"damage":7,"enemies":"Jaw Worm","floor":2,"turns":3},{"damage":8,"enemies":"Small Slimes","floor":4,"turns":3},{"damage":10,"enemies":"Looter","floor":5,"turns":3},{"damage":13,"enemies":"3 Louse","floor":7,"turns":3},{"damage":22,"enemies":"Lagavulin","floor":10,"turns":3},{"damage":8,"enemies":"Exordium Wildlife","floor":11,"turns":4},{"damage":11,"enemies":"3 Sentries","floor":13,"turns":6},{"damage":6,"enemies":"Blue Slaver","floor":14,"turns":3},{"damage":38,"enemies":"Hexaghost","floor":16,"turns":11}],"seed_played":"-8495681973288414243","potions_obtained":[{"floor":1,"key":"PowerPotion"},{"floor":7,"key":"LiquidBronze"},{"floor":11,"key":"Explosive Potion"}],"is_trial":false,"path_per_floor":["M","M","$","M","M","R","M","?","T","E","M","R","E","M","R","B"],"character_chosen":"IRONCLAD","items_purchased":["Fiend Fire","True Grit"],"campfire_rested":0,"item_purchase_floors":[3,3],"current_hp_per_floor":[73,72,72,70,66,66,59,59,59,43,41,41,36,36,36,0],"gold":99,"neow_bonus":"HUNDRED_GOLD","is_prod":false,"is_daily":false,"chose_seed":false,"campfire_upgraded":3,"win_rate":0,"timestamp":1556816544,"path_taken":["M","M","$","M","M","R","?","?","T","E","M","R","E","M","R","BOSS"],"build_version":"2019-01-23","purchased_purges":0,"victory":false,"max_hp_per_floor":[75,75,75,75,75,75,75,75,75,75,75,75,75,75,75,75],"card_choices":[{"not_picked":["Bloodletting","Clash"],"picked":"Flex","floor":1},{"not_picked":["Sword Boomerang","Flex"],"picked":"Perfected Strike","floor":2},{"not_picked":["Iron Wave","Combust"],"picked":"Carnage","floor":4},{"not_picked":["Combust","Thunderclap","Clothesline"],"picked":"SKIP","floor":5},{"not_picked":["Twin Strike","Cleave"],"picked":"Armaments","floor":7},{"not_picked":["Second Wind","Body Slam"],"picked":"Power Through","floor":10},{"not_picked":["Carnage","Sword Boomerang","Power Through"],"picked":"SKIP","floor":11},{"not_picked":["Body Slam","Combust"],"picked":"Corruption","floor":13},{"not_picked":["Pommel Strike","Headbutt"],"picked":"True Grit+1","floor":14}],"player_experience":531915,"relics_obtained":[{"floor":9,"key":"The Courier"},{"floor":10,"key":"Mercury Hourglass"},{"floor":13,"key":"Toxic Egg 2"}],"event_choices":[{"cards_removed":["Strike_R"],"damage_healed":0,"gold_gain":0,"player_choice":"Card Removal","damage_taken":0,"max_hp_gain":0,"max_hp_loss":0,"event_name":"The Cleric","floor":8,"gold_loss":75}],"is_beta":false,"boss_relics":[],"items_purged_floors":[],"is_endless":false,"potions_floor_spawned":[1,7,11,14],"killed_by":"Hexaghost","ascension_level":17}