{"gold_per_floor":[113,188,198,215,227,260,260,293,293,304,304,357,387,405,405,507,507,517,533,62,80,80],"floor_reached":22,"playtime":1007,"items_purged":["Strike_G"],"score":333,"play_id":"bb2657d1-574b-4ed5-9dc7-92e9ecdb5e0b","local_time":"20190424112433","is_ascension_mode":true,"campfire_choices":[{"data":"Noxious Fumes","floor":7.0,"key":"SMITH"},{"floor":11.0,"key":"REST"},{"floor":15,"key":"REST"}],"neow_cost":"NONE","seed_source_timestamp":0,"circlet_count":0,"master_deck":["AscendersBane","Defend_G","Defend_G","Defend_G","Defend_G","Defend_G","Strike_G","Strike_G","Strike_G","Strike_G","Survivor","Neutralize","Dagger Spray","Noxious Fumes+1","Cloak And Dagger","Flying Knee","PiercingWail","Cloak And Dagger","Blade Dance+1","Noxious Fumes","Footwork","Infinite Blades","Backstab","White Noise"],"special_seed":0,"relics":["Ring of the Snake","The Specimen","The Courier","Shuriken","Snake Skull","Singing Bowl","White Beast Statue","PrismaticShard"],"potions_floor_usage":[16,22],"damage_taken":[{"damage":0.0,"enemies":"2 Louse","floor":1.0,"turns":6.0},{"damage":2.0,"enemies":"Jaw Worm","floor":3.0,"turns":6.0},{"damage":0.0,"enemies":"Small Slimes","floor":4.0,"turns":3.0},{"damage":0.0,"enemies":"Blue Slaver","floor":5.0,"turns":4.0},{"damage":29.0,"enemies":"Lagavulin","floor":6.0,"turns":7.0},{"damage":10.0,"enemies":"3 Sentries","floor":8.0,"turns":6.0},{"damage":1.0,"enemies":"Exordium Wildlife","floor":10.0,"turns":4.0},{"damage":24.0,"enemies":"Lagavulin","floor":13.0,"turns":7.0},{"damage":0,"enemies":"3 Louse","floor":14,"turns":2},{"damage":24,"enemies":"Hexaghost","floor":16,"turns":10},{"damage":26,"enemies":"Spheric Guardian","floor":18,"turns":7},{"damage":10,"enemies":"Chosen","floor":19,"turns":6},{"damage":26,"enemies":"Snake Plant","floor":21,"turns":7},{"damage":14,"enemies":"3 Cultists","floor":22,"turns":3}],"seed_played":"-8978906903164576477","potions_obtained":[{"floor":0.0,"key":"GhostInAJar"},{"floor":0.0,"key":"PowerPotion"},{"floor":14,"key":"AttackPotion"},{"floor":18,"key":"LiquidBronze"},{"floor":19,"key":"FairyPotion"},{"floor":21,"key":"Poison Potion"}],"is_trial":false,"path_per_floor":["M","?","M","M","M","E","R","E","T","M","R","T","E","M","R","B",null,"M","M","$","M","M"],"character_chosen":"THE_SILENT","items_purchased":["Noxious Fumes","Footwork","Infinite Blades","Backstab","PrismaticShard"],"campfire_rested":2,"item_purchase_floors":[20,20,20,20,20],"current_hp_per_floor":[63,52,50,50,50,21,21,11,11,10,31,31,9,11,33,11,60,36,26,26,7,0],"gold":80,"neow_bonus":"THREE_SMALL_POTIONS","is_prod":false,"is_daily":false,"chose_seed":false,"campfire_upgraded":1,"win_rate":0,"timestamp":1556130273,"path_taken":["M","?","M","M","M","E","R","E","T","M","R","?","E","M","R","BOSS","M","M","$","M","M"],"build_version":"2019-01-23","purchased_purges":1,"victory":false,"max_hp_per_floor":[70,70,70,70,70,70,70,70,70,70,70,70,72,74,74,76,76,78,78,78,78,78],"card_choices":[{"not_picked":["Prepared","Masterful Stab"],"picked":"Dagger Spray","floor":1.0},{"not_picked":["Deadly Poison","Quick Slash"],"picked":"Noxious Fumes","floor":3.0},{"not_picked":["Quick Slash","Blade Dance"],"picked":"Cloak And Dagger","floor":4.0},{"not_picked":["Bane","Accuracy"],"picked":"Flying Knee","floor":5.0},{"not_picked":["Prepared","Quick Slash"],"picked":"PiercingWail","floor":6.0},{"not_picked":["Endless Agony","Dagger Spray","Outmaneuver"],"picked":"SKIP","floor":8.0},{"not_picked":["Accuracy","Unload"],"picked":"Cloak And Dagger","floor":10.0},{"not_picked":["Quick Slash","Terror","Tactician"],"picked":"Singing Bowl","floor":13.0},{"not_picked":["Dagger Spray","Sucker Punch","Poisoned Stab"],"picked":"Singing Bowl","floor":14},{"not_picked":["Venomology","Phantasmal Killer","Die Die Die"],"picked":"Singing Bowl","floor":16},{"not_picked":["Backflip","Concentrate+1","Predator"],"picked":"Singing Bowl","floor":18},{"not_picked":["Cloak And Dagger","Outmaneuver"],"picked":"Blade Dance+1","floor":19},{"not_picked":["Underhanded Strike","Reckless Charge"],"picked":"White Noise","floor":21}],"player_experience":298604,"relics_obtained":[{"floor":6.0,"key":"The Specimen"},{"floor":8.0,"key":"The Courier"},{"floor":9.0,"key":"Shuriken"},{"floor":12.0,"key":"Snake Skull"},{"floor":13.0,"key":"Singing Bowl"}],"event_choices":[{"damage_healed":0.0,"max_hp_gain":0.0,"max_hp_loss":0.0,"gold_gain":75.0,"event_name":"World of Goop","player_choice":"Gather Gold","floor":2.0,"gold_loss":0.0,"damage_taken":11.0}],"is_beta":false,"boss_relics":[{"not_picked":["Ectoplasm","Calling Bell"],"picked":"White Beast Statue"}],"items_purged_floors":[20],"is_endless":false,"potions_floor_spawned":[1,3,14,18,19,21],"killed_by":"3 Cultists","ascension_level":12}