{"gold_per_floor":[369,14,14,30,45,72,91,122,147,159,159,178,178,189,189,291,291,309,325,225,225,240,268,284,299,299,166,180,191,221,239,239,343,343,361,143,143,159,159,193,205,305,305,332,332,345,359,359,359,359,359,359,153,153],"floor_reached":54,"playtime":2641,"items_purged":["Decay","Strike_R","Strike_R"],"score":1046,"play_id":"8115337b-50b6-4e87-a21f-596bd31a9d37","local_time":"20190327225223","is_ascension_mode":true,"campfire_choices":[{"floor":11.0,"key":"REST"},{"data":"Pommel Strike","floor":13.0,"key":"SMITH"},{"data":"Double Tap","floor":15.0,"key":"SMITH"},{"floor":32.0,"key":"RECALL"},{"floor":45.0,"key":"REST"},{"floor":49.0,"key":"REST"},{"data":"Impervious","floor":52.0,"key":"SMITH"}],"neow_cost":"PERCENT_DAMAGE","seed_source_timestamp":1129419229141306,"circlet_count":0,"master_deck":["Strike_R","Strike_R","Strike_R","Defend_R","Defend_R","Defend_R","Bash","Iron Wave","Panacea","Shrug It Off","Pommel Strike+1","Immolate+1","Pommel Strike+1","Whirlwind+1","Headbutt+1","Ghostly Armor","Double Tap+1","Demon Form+1","Dual Wield+1","Flex+1","Sword Boomerang+1","Thunderclap+1","True Grit+1","Pummel+1","Trip","Heavy Blade+1","Spot Weakness","Burning Pact+1","Impervious+1","Flame Barrier","Apotheosis","Intimidate+1","Pummel+1","Whirlwind+1","Ghostly Armor+1","Heavy Blade+1"],"special_seed":0,"relics":["Burning Blood","Paper Frog","Molten Egg 2","Lantern","Smiling Mask","Sozu","Ancient Tea Set","Bottled Lightning","Letter Opener","Velvet Choker","Mercury Hourglass","Charon\u0027s Ashes","Vajra","Regal Pillow","Pen Nib"],"potions_floor_usage":[],"damage_taken":[{"damage":5.0,"enemies":"2 Louse","floor":1.0,"turns":4.0},{"damage":3.0,"enemies":"Cultist","floor":4.0,"turns":3.0},{"damage":5.0,"enemies":"Small Slimes","floor":5.0,"turns":4.0},{"damage":26.0,"enemies":"Gremlin Nob","floor":6.0,"turns":4.0},{"damage":15.0,"enemies":"Red Slaver","floor":7.0,"turns":3.0},{"damage":27.0,"enemies":"Lagavulin","floor":8.0,"turns":6.0},{"damage":0.0,"enemies":"Blue Slaver","floor":10.0,"turns":2.0},{"damage":0.0,"enemies":"Exordium Wildlife","floor":12.0,"turns":1.0},{"damage":0.0,"enemies":"3 Louse","floor":14.0,"turns":1.0},{"damage":44.0,"enemies":"Slime Boss","floor":16.0,"turns":9.0},{"damage":33.0,"enemies":"2 Thieves","floor":18.0,"turns":3.0},{"damage":0.0,"enemies":"Spheric Guardian","floor":19.0,"turns":2.0},{"damage":2.0,"enemies":"Cultist and Chosen","floor":22.0,"turns":3.0},{"damage":0.0,"enemies":"Slavers","floor":23.0,"turns":1.0},{"damage":3.0,"enemies":"Sentry and Sphere","floor":24.0,"turns":3.0},{"damage":0.0,"enemies":"3 Cultists","floor":25.0,"turns":1.0},{"damage":5.0,"enemies":"Centurion and Healer","floor":28.0,"turns":2.0},{"damage":0.0,"enemies":"Cultist and Chosen","floor":29.0,"turns":4.0},{"damage":0.0,"enemies":"Gremlin Leader","floor":30.0,"turns":4.0},{"damage":11.0,"enemies":"Snake Plant","floor":31.0,"turns":3.0},{"damage":66.0,"enemies":"Collector","floor":33.0,"turns":6.0},{"damage":1.0,"enemies":"Orb Walker","floor":35.0,"turns":2.0},{"damage":18.0,"enemies":"3 Darklings","floor":38.0,"turns":3.0},{"damage":47.0,"enemies":"Nemesis","floor":40.0,"turns":7.0},{"damage":13.0,"enemies":"Spire Growth","floor":41.0,"turns":4.0},{"damage":6.0,"enemies":"Mind Bloom Boss Battle","floor":42.0,"turns":4.0},{"damage":0.0,"enemies":"Reptomancer","floor":44.0,"turns":2.0},{"damage":0.0,"enemies":"4 Shapes","floor":46.0,"turns":2.0},{"damage":0.0,"enemies":"Jaw Worm Horde","floor":47.0,"turns":2.0},{"damage":78.0,"enemies":"Awakened One","floor":50.0,"turns":9.0},{"damage":83,"enemies":"Shield and Spear","floor":54,"turns":3}],"seed_played":"-7759714886999205854","potions_obtained":[{"floor":5.0,"key":"Regen Potion"},{"floor":6.0,"key":"GamblersBrew"},{"floor":10.0,"key":"Explosive Potion"},{"floor":12.0,"key":"Weak Potion"},{"floor":14.0,"key":"SkillPotion"}],"is_trial":false,"path_per_floor":["M","$","?","M","M","E","M","E","T","M","R","M","R","M","R","B",null,"M","M","$","?","M","E","M","M","T","$","M","M","E","M","R","B",null,"M","$","?","M","?","E","M","?","T","E","R","M","M","T","R","B",null,"R","$","E"],"character_chosen":"IRONCLAD","items_purchased":["Paper Frog","Panacea","Sword Boomerang+1","Trip","Apotheosis","Pen Nib","Heavy Blade+1"],"campfire_rested":3,"item_purchase_floors":[2,2,20,27,36,53,53],"current_hp_per_floor":[57,57,57,60,61,53,44,23,23,29,53,59,59,65,65,27,80,53,59,59,59,63,69,72,78,78,78,79,80,80,75,75,15,80,80,80,80,68,68,27,20,20,20,26,50,56,62,62,80,8,80,80,80,0],"gold":153,"neow_bonus":"TWO_FIFTY_GOLD","is_prod":false,"is_daily":false,"chose_seed":false,"campfire_upgraded":3,"win_rate":0,"timestamp":1553694743,"path_taken":["M","$","?","M","M","E","M","E","T","M","R","M","R","M","R","BOSS","M","M","$","?","M","E","?","M","T","?","M","M","E","M","R","BOSS","M","$","?","M","?","E","?","?","T","E","R","M","M","?","R","BOSS","R","$","E"],"build_version":"2019-01-23","purchased_purges":3,"victory":false,"max_hp_per_floor":[80,80,80,80,80,80,80,80,80,80,80,80,80,80,80,80,80,80,80,80,80,80,80,80,80,80,80,80,80,80,80,80,80,80,80,80,80,80,80,80,80,80,80,80,80,80,80,80,80,80,80,80,80,80],"card_choices":[{"not_picked":["Clash","Havoc"],"picked":"Iron Wave","floor":1.0},{"not_picked":["Rage","Infernal Blade"],"picked":"Shrug It Off","floor":4.0},{"not_picked":["Havoc","Perfected Strike"],"picked":"Pommel Strike","floor":5.0},{"not_picked":["True Grit","Combust"],"picked":"Immolate","floor":6.0},{"not_picked":["Warcry","Entrench"],"picked":"Pommel Strike+1","floor":7.0},{"not_picked":["Seeing Red","Wild Strike+1"],"picked":"Whirlwind+1","floor":8.0},{"not_picked":["Bloodletting","Warcry"],"picked":"Headbutt+1","floor":10.0},{"not_picked":["Uppercut+1","Wild Strike+1"],"picked":"Ghostly Armor","floor":12.0},{"not_picked":["Iron Wave+1","Twin Strike+1"],"picked":"Double Tap","floor":14.0},{"not_picked":["Impervious","Exhume"],"picked":"Demon Form","floor":16.0},{"not_picked":["Bloodletting+1","Havoc"],"picked":"Dual Wield+1","floor":18.0},{"not_picked":["Cleave+1","Corruption"],"picked":"Flex+1","floor":19.0},{"not_picked":["Combust","Flex+1"],"picked":"Thunderclap+1","floor":22.0},{"not_picked":["Anger+1","Blood for Blood+1"],"picked":"True Grit+1","floor":23.0},{"not_picked":["Pommel Strike+1","Cleave+1"],"picked":"Pummel+1","floor":24.0},{"not_picked":["True Grit+1","Entrench","Iron Wave+1"],"picked":"SKIP","floor":25.0},{"not_picked":["Cleave+1","Feel No Pain","Corruption"],"picked":"SKIP","floor":28.0},{"not_picked":["Cleave+1","Feel No Pain"],"picked":"Heavy Blade+1","floor":29.0},{"not_picked":["Demon Form","Reckless Charge+1"],"picked":"Spot Weakness","floor":30.0},{"not_picked":["Shrug It Off+1","Sword Boomerang+1"],"picked":"Burning Pact+1","floor":31.0},{"not_picked":["Fiend Fire+1","Demon Form"],"picked":"Impervious","floor":33.0},{"not_picked":["Rupture","Cleave+1"],"picked":"Flame Barrier","floor":35.0},{"not_picked":["Clothesline+1","Havoc+1"],"picked":"Intimidate+1","floor":38.0},{"not_picked":["Power Through+1","Sever Soul+1"],"picked":"Pummel+1","floor":40.0},{"not_picked":["Twin Strike+1","Pommel Strike+1"],"picked":"Whirlwind+1","floor":41.0},{"not_picked":["Cleave+1","Inflame"],"picked":"Ghostly Armor+1","floor":44.0},{"not_picked":["Warcry","Body Slam+1","Searing Blow+1"],"picked":"SKIP","floor":46.0},{"not_picked":["Iron Wave+1","Juggernaut","Warcry"],"picked":"SKIP","floor":47.0}],"player_experience":179057,"relics_obtained":[{"floor":6.0,"key":"Molten Egg 2"},{"floor":8.0,"key":"Lantern"},{"floor":9.0,"key":"Smiling Mask"},{"floor":23.0,"key":"Ancient Tea Set"},{"floor":26.0,"key":"Bottled Lightning"},{"floor":30.0,"key":"Letter Opener"},{"floor":40.0,"key":"Mercury Hourglass"},{"floor":42.0,"key":"Charon\u0027s Ashes"},{"floor":44.0,"key":"Vajra"},{"floor":48.0,"key":"Regal Pillow"}],"event_choices":[{"damage_healed":0.0,"max_hp_gain":0.0,"max_hp_loss":0.0,"gold_gain":0.0,"event_name":"Wheel of Change","player_choice":"Cursed","floor":3.0,"gold_loss":0.0,"damage_taken":0.0,"cards_obtained":["Decay"]},{"damage_healed":0.0,"max_hp_gain":0.0,"max_hp_loss":0.0,"gold_gain":0.0,"event_name":"Accursed Blacksmith","player_choice":"Forge","floor":21.0,"gold_loss":0.0,"damage_taken":0.0,"cards_upgraded":["Demon Form"]},{"cards_removed":["Defend_R"],"damage_healed":0.0,"max_hp_gain":0.0,"max_hp_loss":0.0,"gold_gain":0.0,"event_name":"Falling","player_choice":"Removed Skill","floor":37.0,"gold_loss":0.0,"damage_taken":0.0},{"damage_healed":0.0,"max_hp_gain":0.0,"max_hp_loss":0.0,"gold_gain":0.0,"event_name":"The Woman in Blue","player_choice":"Bought 0 Potions","floor":39.0,"gold_loss":0.0,"damage_taken":0.0},{"damage_healed":0.0,"max_hp_gain":0.0,"max_hp_loss":0.0,"gold_gain":0.0,"event_name":"MindBloom","player_choice":"Fight","floor":42.0,"gold_loss":0.0,"damage_taken":0.0}],"is_beta":false,"boss_relics":[{"not_picked":["Empty Cage","Runic Cube"],"picked":"Sozu"},{"not_picked":["Runic Dome","Pandora\u0027s Box"],"picked":"Velvet Choker"}],"items_purged_floors":[20,27,36],"is_endless":false,"potions_floor_spawned":[5,6,10,12,14,22,25,31,33,35,40,42,44,46],"killed_by":"Shield and Spear","ascension_level":4}