{"gold_per_floor":[116,130,130,55,66,99,99,119,119,19,19,32,32,52,52,151,151,141],"floor_reached":18,"playtime":895,"items_purged":["Defend_B","Strike_B"],"score":213,"play_id":"c05d2b56-89ab-4467-a7c0-b2cd295b196d","local_time":"20181126235639","is_ascension_mode":true,"campfire_choices":[{"floor":7,"key":"REST"},{"floor":11,"key":"REST"},{"floor":15,"key":"REST"}],"neow_cost":"NONE","seed_source_timestamp":700905277753917,"circlet_count":0,"master_deck":["Strike_B","Strike_B","Defend_B","Defend_B","Defend_B","Zap","Dualcast","Go for the Eyes","FTL","Chill","Defragment"],"relics":["Lizard Tail","Potion Belt","Symbiotic Virus","Nuclear Battery"],"potions_floor_usage":[6,16],"damage_taken":[{"damage":2,"enemies":"Small Slimes","floor":1,"turns":4},{"damage":1,"enemies":"Cultist","floor":2,"turns":3},{"damage":2,"enemies":"Jaw Worm","floor":5,"turns":3},{"damage":25,"enemies":"3 Sentries","floor":6,"turns":7},{"damage":24,"enemies":"Exordium Thugs","floor":8,"turns":5},{"damage":8,"enemies":"Exordium Wildlife","floor":12,"turns":5},{"damage":8,"enemies":"Looter","floor":14,"turns":3},{"damage":53,"enemies":"Hexaghost","floor":16,"turns":10},{"damage":6,"enemies":"2 Thieves","floor":18,"turns":4}],"seed_played":"-5966775574138335949","potions_obtained":[{"floor":1,"key":"Fire Potion"},{"floor":8,"key":"Energy Potion"},{"floor":12,"key":"Fire Potion"}],"is_trial":false,"path_per_floor":["M","M","?","$","M","E","R","M","T","$","R","M","?","M","R","B",null,"M"],"character_chosen":"DEFECT","items_purchased":[],"campfire_rested":3,"item_purchase_floors":[],"current_hp_per_floor":[66,65,65,65,63,38,60,36,36,36,58,50,50,42,64,11,59,53],"gold":141,"neow_bonus":"BOSS_RELIC","is_prod":false,"is_daily":false,"chose_seed":false,"campfire_upgraded":0,"win_rate":0,"timestamp":1543272999,"path_taken":["M","M","?","$","M","E","R","M","T","?","R","M","?","?","R","BOSS","M"],"build_version":"2018-11-15","purchased_purges":2,"victory":false,"max_hp_per_floor":[75,75,75,75,75,75,75,75,75,75,75,75,75,75,75,75,75,75],"card_choices":[{"not_picked":["Leap","Steam Power","Hologram"],"picked":"SKIP","floor":1},{"not_picked":["Steam Power","Ball Lightning"],"picked":"Go for the Eyes","floor":2},{"not_picked":["Stack","Barrage"],"picked":"FTL","floor":5},{"not_picked":["Redo","Turbo"],"picked":"Chill","floor":6},{"not_picked":["Steam","Aggregate","Leap"],"picked":"SKIP","floor":8},{"not_picked":["Conserve Battery","Biased Cognition"],"picked":"Defragment","floor":12},{"not_picked":["Cold Snap","Conserve Battery","Compile Driver"],"picked":"SKIP","floor":14},{"not_picked":["Rip and Tear+1","Chill","Defragment"],"picked":"SKIP","floor":18}],"player_experience":257031,"relics_obtained":[{"floor":6,"key":"Potion Belt"},{"floor":9,"key":"Symbiotic Virus"}],"event_choices":[{"cards_removed":["Strike_B"],"damage_healed":0,"gold_gain":0,"player_choice":"Card Removal","damage_taken":0,"max_hp_gain":0,"max_hp_loss":0,"event_name":"Wheel of Change","floor":3,"gold_loss":0},{"damage_healed":0,"gold_gain":0,"player_choice":"Ignored","damage_taken":0,"max_hp_gain":0,"max_hp_loss":0,"event_name":"Shining Light","floor":13,"gold_loss":0}],"is_beta":false,"boss_relics":[{"not_picked":["Calling Bell","Velvet Choker"],"picked":"Nuclear Battery"}],"items_purged_floors":[4,10],"is_endless":false,"potions_floor_spawned":[1,8,12],"killed_by":"2 Thieves","ascension_level":6}