{"gold_per_floor":[116,266,93,104,104,104,115,115,115,115,129,157,82,157,157,157],"floor_reached":16,"playtime":7511,"items_purged":["Regret"],"score":176,"play_id":"3b51f5ca-0fdb-4f72-a534-cc7e541f7f35","local_time":"20190505172924","is_ascension_mode":true,"campfire_choices":[{"data":"Disarm","floor":6,"key":"SMITH"},{"data":"Perfected Strike","floor":10,"key":"SMITH"},{"floor":15,"key":"REST"}],"neow_cost":"NONE","seed_source_timestamp":488141367917200,"circlet_count":0,"master_deck":["AscendersBane","Strike_R","Strike_R","Strike_R","Strike_R","Strike_R","Defend_R","Defend_R","Defend_R","Defend_R","Bash","Shrug It Off","Doubt","Disarm+1","Perfected Strike+1","Sever Soul"],"relics":["Burning Blood","NeowsBlessing","Pen Nib","Blood Vial","Gremlin Horn","Matryoshka","Strawberry"],"potions_floor_usage":[12],"damage_taken":[{"damage":0,"enemies":"Jaw Worm","floor":1,"turns":1},{"damage":0,"enemies":"Cultist","floor":4,"turns":1},{"damage":0,"enemies":"2 Louse","floor":7,"turns":2},{"damage":13,"enemies":"Blue Slaver","floor":11,"turns":2},{"damage":25,"enemies":"Lagavulin","floor":12,"turns":5},{"damage":72,"enemies":"Slime Boss","floor":16,"turns":8}],"seed_played":"-829436249572396500","potions_obtained":[{"floor":4,"key":"AttackPotion"}],"is_trial":false,"path_per_floor":["M","?","$","M","T","R","M","?","T","R","M","E","$","?","R","B"],"character_chosen":"IRONCLAD","items_purchased":["Pen Nib"],"campfire_rested":1,"item_purchase_floors":[3],"current_hp_per_floor":[74,74,74,75,75,75,75,75,75,75,68,58,58,47,71,1],"gold":157,"neow_bonus":"THREE_ENEMY_KILL","is_prod":false,"is_daily":false,"chose_seed":false,"campfire_upgraded":2,"win_rate":0,"timestamp":1557070164,"path_taken":["M","?","?","M","?","R","?","?","T","R","M","E","$","?","R","BOSS"],"build_version":"2019-01-23","purchased_purges":1,"victory":false,"max_hp_per_floor":[75,75,75,75,75,75,75,75,75,75,75,82,82,82,82,82],"card_choices":[{"not_picked":["Hemokinesis","Flex"],"picked":"Shrug It Off","floor":1},{"not_picked":["Warcry","Headbutt"],"picked":"Disarm","floor":4},{"not_picked":["Havoc","Twin Strike"],"picked":"Perfected Strike","floor":7},{"not_picked":["Havoc","Brutality"],"picked":"Sever Soul","floor":11},{"not_picked":["Fire Breathing","Iron Wave","Feel No Pain"],"picked":"SKIP","floor":12}],"player_experience":1112827,"relics_obtained":[{"floor":5,"key":"Blood Vial"},{"floor":9,"key":"Matryoshka"},{"floor":12,"key":"Strawberry"}],"event_choices":[{"damage_healed":0,"gold_gain":150,"player_choice":"AGREE","damage_taken":0,"max_hp_gain":0,"max_hp_loss":0,"event_name":"Liars Game","floor":2,"gold_loss":0,"cards_obtained":["Doubt"]},{"damage_healed":0,"gold_gain":0,"player_choice":"Box","damage_taken":0,"relics_obtained":["Gremlin Horn"],"max_hp_gain":0,"max_hp_loss":0,"event_name":"Big Fish","floor":8,"gold_loss":0,"cards_obtained":["Regret"]},{"damage_healed":0,"gold_gain":75,"player_choice":"Gather Gold","damage_taken":11,"max_hp_gain":0,"max_hp_loss":0,"event_name":"World of Goop","floor":14,"gold_loss":0}],"is_beta":false,"boss_relics":[],"items_purged_floors":[13],"is_endless":false,"potions_floor_spawned":[4],"killed_by":"Slime Boss","ascension_level":16}