{"gold_per_floor":[119,130,130,140,140,159,177,192,192,206,235,235,245,258,258,363,363,374,374,259,270,283,283,283,283,283,299,319,319,619,638,638,638],"floor_reached":33,"playtime":2795,"items_purged":["Strike_B"],"score":357,"play_id":"8734e82a-8266-4c41-9db8-d210333d2e3a","local_time":"20190407002446","is_ascension_mode":true,"campfire_choices":[{"floor":12,"key":"REST"},{"floor":15,"key":"REST"},{"floor":23,"key":"REST"},{"data":"Zap","floor":24,"key":"SMITH"},{"data":"Sunder","floor":25,"key":"SMITH"},{"floor":29,"key":"REST"},{"data":"Streamline","floor":32,"key":"SMITH"}],"neow_cost":"PERCENT_DAMAGE","seed_source_timestamp":23066281280831,"circlet_count":0,"master_deck":["Strike_B","Strike_B","Defend_B","Defend_B","Defend_B","Defend_B","Zap+1","Dualcast","Cold Snap","Glacier","Chill","Streamline+1","Cold Snap","Coolheaded","Reprogram","Stack","Cold Snap","Hyperbeam","Core Surge","Coolheaded+1","Sunder+1","Consume","Conserve Battery","Writhe"],"relics":["Cracked Core","Mango","Matryoshka","WingedGreaves","Busted Crown","Enchiridion","Regal Pillow","Unceasing Top","Old Coin"],"potions_floor_usage":[7,11,13,16,18,31,33,33],"damage_taken":[{"damage":1,"enemies":"2 Louse","floor":1,"turns":2},{"damage":8,"enemies":"Small Slimes","floor":2,"turns":3},{"damage":0,"enemies":"Cultist","floor":4,"turns":3},{"damage":0,"enemies":"Blue Slaver","floor":6,"turns":5},{"damage":16,"enemies":"Exordium Thugs","floor":7,"turns":4},{"damage":9,"enemies":"Red Slaver","floor":8,"turns":3},{"damage":0,"enemies":"3 Louse","floor":10,"turns":2},{"damage":17,"enemies":"Lagavulin","floor":11,"turns":9},{"damage":6,"enemies":"Large Slime","floor":13,"turns":7},{"damage":7,"enemies":"Looter","floor":14,"turns":3},{"damage":39,"enemies":"Slime Boss","floor":16,"turns":21},{"damage":12,"enemies":"2 Thieves","floor":18,"turns":3},{"damage":4,"enemies":"Shell Parasite","floor":21,"turns":8},{"damage":19,"enemies":"Centurion and Healer","floor":22,"turns":10},{"damage":8,"enemies":"Chosen and Byrds","floor":27,"turns":4},{"damage":7,"enemies":"Sentry and Sphere","floor":28,"turns":8},{"damage":2,"enemies":"3 Cultists","floor":31,"turns":6},{"damage":104,"enemies":"Collector","floor":33,"turns":16}],"seed_played":"-8952431274868303418","potions_obtained":[{"floor":6,"key":"Explosive Potion"},{"floor":10,"key":"Strength Potion"},{"floor":11,"key":"SneckoOil"},{"floor":14,"key":"Poison Potion"},{"floor":16,"key":"Block Potion"},{"floor":21,"key":"Strength Potion"},{"floor":28,"key":"Dexterity Potion"},{"floor":31,"key":"Regen Potion"}],"is_trial":false,"path_per_floor":["M","M","?","M","?","M","M","M","T","M","E","R","M","M","R","B",null,"M","?","$","M","M","R","R","R","T","M","M","R","?","M","R","B"],"character_chosen":"DEFECT","items_purchased":["Sunder"],"campfire_rested":4,"item_purchase_floors":[20],"current_hp_per_floor":[63,55,55,55,60,60,44,35,35,35,18,46,40,33,61,22,76,64,48,48,44,25,53,53,53,53,45,38,81,81,79,79,0],"gold":638,"neow_bonus":"ONE_RARE_RELIC","is_prod":false,"is_daily":false,"chose_seed":false,"campfire_upgraded":3,"win_rate":0,"timestamp":1554564286,"path_taken":["M","M","?","M","?","M","M","M","T","M","E","R","M","M","R","BOSS","M","?","$","M","M","R","R","R","T","M","M","R","?","M","R","BOSS"],"build_version":"2019-01-23","purchased_purges":1,"victory":false,"max_hp_per_floor":[89,89,89,89,94,94,94,94,94,94,94,94,94,94,94,94,94,94,94,94,94,94,94,94,94,94,94,94,94,94,94,94,94],"card_choices":[{"not_picked":["Leap","Compile Driver"],"picked":"Cold Snap","floor":1},{"not_picked":["Leap","Turbo"],"picked":"Glacier","floor":2},{"not_picked":["Compile Driver","Conserve Battery"],"picked":"Chill","floor":4},{"not_picked":["Cold Snap","Stack"],"picked":"Streamline","floor":6},{"not_picked":["Hologram","Go for the Eyes"],"picked":"Cold Snap","floor":7},{"not_picked":["Conserve Battery","Beam Cell"],"picked":"Coolheaded","floor":8},{"not_picked":["Gash","Rebound"],"picked":"Reprogram","floor":10},{"not_picked":["Buffer","Gash"],"picked":"Stack","floor":11},{"not_picked":["Steam","Rebound"],"picked":"Cold Snap","floor":13},{"not_picked":["Steam","Conserve Battery"],"picked":"Hyperbeam","floor":14},{"not_picked":["Thunder Strike","Amplify"],"picked":"Core Surge","floor":16},{"not_picked":[],"picked":"Coolheaded+1","floor":18},{"not_picked":[],"picked":"Consume","floor":21},{"not_picked":["Loop"],"picked":"SKIP","floor":22},{"not_picked":[],"picked":"Conserve Battery","floor":27},{"not_picked":["Cold Snap"],"picked":"SKIP","floor":28},{"not_picked":["Skim"],"picked":"SKIP","floor":31}],"player_experience":274834,"relics_obtained":[{"floor":9,"key":"Matryoshka"},{"floor":11,"key":"WingedGreaves"},{"floor":19,"key":"Enchiridion"},{"floor":26,"key":"Regal Pillow"},{"floor":26,"key":"Unceasing Top"}],"event_choices":[{"cards_removed":["Strike_B"],"damage_healed":0,"gold_gain":0,"player_choice":"Forget","damage_taken":0,"max_hp_gain":0,"max_hp_loss":0,"event_name":"Living Wall","floor":3,"gold_loss":0},{"damage_healed":0,"gold_gain":0,"player_choice":"Donut","damage_taken":0,"max_hp_gain":5,"max_hp_loss":0,"event_name":"Big Fish","floor":5,"gold_loss":0},{"damage_healed":0,"gold_gain":0,"player_choice":"Obtained Book","damage_taken":16,"max_hp_gain":0,"max_hp_loss":0,"event_name":"Cursed Tome","floor":19,"gold_loss":0},{"damage_healed":0,"gold_gain":0,"player_choice":"Opened","damage_taken":0,"relics_obtained":["Old Coin"],"max_hp_gain":0,"max_hp_loss":0,"event_name":"The Mausoleum","floor":30,"gold_loss":0,"cards_obtained":["Writhe"]}],"is_beta":false,"boss_relics":[{"not_picked":["Pandora\u0027s Box","Calling Bell"],"picked":"Busted Crown"}],"items_purged_floors":[20],"is_endless":false,"potions_floor_spawned":[6,10,11,14,16,21,28,31],"killed_by":"Collector","ascension_level":6}