{"gold_per_floor":[116,132,143,156,156,189,189,220,243,274,574,587,587,603,603,706,706,716,732,732,832,419,447,362,362,362,104,122,122,122,141,141,242,242,255,255,269,26,46,79,79,113,139,10,41,41,41,61,61,73],"floor_reached":51,"playtime":2508,"items_purged":["Writhe","Strike_B","Strike_B","Normality"],"score":1203,"play_id":"59c8df84-34ef-458b-9151-53606d0cd66d","local_time":"20180815224915","is_ascension_mode":true,"campfire_choices":[{"floor":7,"key":"DIG"},{"floor":11,"key":"DIG"},{"floor":13,"key":"DIG"},{"floor":15,"key":"REST"},{"floor":25,"key":"DIG"},{"floor":29,"key":"DIG"},{"floor":32,"key":"DIG"},{"floor":41,"key":"DIG"},{"floor":47,"key":"DIG"},{"floor":49,"key":"DIG"}],"neow_cost":"","seed_source_timestamp":41908253359797,"circlet_count":0,"master_deck":["Strike_B","Strike_B","Defend_B+1","Defend_B","Defend_B","Defend_B","Zap","Dualcast","Conserve Battery","Glacier","Defragment","Buffer","Ball Lightning","Conserve Battery+1","Capacitor","Electrodynamics","Glacier","Defragment","Defragment","Meteor Strike","Meteor Strike","Meteor Strike","Madness","Madness","Compile Driver","Transmutation","Self Repair","Force Field+1","Hologram","Sunder","Double Energy"],"relics":["Cracked Core","Shovel","Vajra","Bag of Preparation","Ornamental Fan","DataDisk","Bottled Lightning","Old Coin","War Paint","Snecko Eye","Pantograph","Ice Cream","Regal Pillow","Pen Nib","Juzu Bracelet","Smiling Mask","DollysMirror","Turnip","Kunai","Cursed Key","Oddly Smooth Stone","Strawberry","Potion Belt","Art of War","Happy Flower","Bag of Marbles","MawBank"],"potions_floor_usage":[6,10,16,16,33,39,50,50,50],"damage_taken":[{"damage":1,"enemies":"2 Louse","floor":1,"turns":3},{"damage":2,"enemies":"Jaw Worm","floor":2,"turns":3},{"damage":0,"enemies":"Small Slimes","floor":3,"turns":3},{"damage":0,"enemies":"2 Fungi Beasts","floor":4,"turns":5},{"damage":21,"enemies":"Gremlin Nob","floor":6,"turns":5},{"damage":5,"enemies":"Lagavulin","floor":8,"turns":9},{"damage":0,"enemies":"Gremlin Nob","floor":10,"turns":3},{"damage":0,"enemies":"Looter","floor":12,"turns":4},{"damage":2,"enemies":"Lots of Slimes","floor":14,"turns":5},{"damage":3,"enemies":"The Guardian","floor":16,"turns":12},{"damage":0,"enemies":"3 Byrds","floor":18,"turns":2},{"damage":3,"enemies":"Spheric Guardian","floor":19,"turns":5},{"damage":8,"enemies":"Book of Stabbing","floor":23,"turns":9},{"damage":0,"enemies":"Centurion and Healer","floor":28,"turns":5},{"damage":0,"enemies":"Snecko","floor":31,"turns":2},{"damage":0,"enemies":"Champ","floor":33,"turns":11},{"damage":0,"enemies":"Orb Walker","floor":35,"turns":3},{"damage":0,"enemies":"3 Shapes","floor":37,"turns":2},{"damage":0,"enemies":"Transient","floor":39,"turns":5},{"damage":0,"enemies":"Giant Head","floor":40,"turns":7},{"damage":22,"enemies":"2 Orb Walkers","floor":42,"turns":4},{"damage":0,"enemies":"Giant Head","floor":45,"turns":8},{"damage":8,"enemies":"Maw","floor":48,"turns":6},{"damage":20,"enemies":"Time Eater","floor":50,"turns":8}],"seed_played":"3819308855230944808","potions_obtained":[{"floor":2,"key":"SteroidPotion"},{"floor":4,"key":"LiquidBronze"},{"floor":8,"key":"PowerPotion"},{"floor":10,"key":"FearPotion"},{"floor":14,"key":"Block Potion"},{"floor":16,"key":"Weak Potion"},{"floor":18,"key":"Fire Potion"},{"floor":19,"key":"Regen Potion"},{"floor":39,"key":"FocusPotion"},{"floor":42,"key":"Poison Potion"}],"is_trial":false,"path_per_floor":["M","M","M","M","?","E","R","E","T","E","R","M","R","M","R","B",null,"M","M","?","?","$","E","?","R","T","$","M","R","?","M","R","B",null,"M","?","M","$","M","E","R","E","T","$","E","$","R","M","R","B"],"character_chosen":"DEFECT","items_purchased":["Ice Cream","Defragment","DollysMirror","Transmutation","Sunder"],"campfire_rested":1,"item_purchase_floors":[22,22,27,38,44],"current_hp_per_floor":[74,72,72,72,54,33,33,28,28,28,28,28,28,26,48,45,75,75,72,72,72,72,64,64,64,64,64,64,64,64,64,64,75,75,75,66,66,66,66,75,82,71,71,71,78,78,78,77,77,75],"gold":85,"neow_bonus":"","is_prod":false,"is_daily":false,"chose_seed":false,"campfire_upgraded":0,"win_rate":0,"timestamp":1534398555,"path_taken":["M","M","M","M","?","E","R","E","T","E","R","M","R","M","R","BOSS","M","M","?","?","$","E","?","R","T","?","M","R","?","M","R","BOSS","M","?","M","$","M","E","R","E","T","$","E","$","R","M","R","BOSS"],"build_version":"2018-08-09","purchased_purges":4,"victory":true,"max_hp_per_floor":[75,75,75,75,75,75,75,75,75,75,75,75,75,75,75,75,75,75,75,75,75,75,75,75,75,75,75,75,75,75,75,75,75,75,75,75,75,75,75,75,82,82,82,82,82,82,82,82,82,82],"card_choices":[{"not_picked":["Compile Driver","Defragment"],"picked":"Conserve Battery","floor":1},{"not_picked":["Redo","Reprogram","Recycle"],"picked":"SKIP","floor":2},{"not_picked":["Heatsinks","Fusion"],"picked":"Glacier","floor":3},{"not_picked":["Hologram","Force Field"],"picked":"Defragment","floor":4},{"not_picked":["Go for the Eyes","Static Discharge"],"picked":"Buffer","floor":6},{"not_picked":["Redo","Go for the Eyes"],"picked":"Ball Lightning","floor":8},{"not_picked":["Streamline","Beam Cell","Rip and Tear"],"picked":"SKIP","floor":10},{"not_picked":["Steam","Static Discharge"],"picked":"Conserve Battery","floor":12},{"not_picked":["Aggregate","Hologram"],"picked":"Capacitor","floor":14},{"not_picked":["Core Surge","Fission"],"picked":"Electrodynamics","floor":16},{"not_picked":["Gash+1","Barrage"],"picked":"Glacier","floor":18},{"not_picked":["Cold Snap","Storm"],"picked":"Defragment","floor":19},{"not_picked":["Cold Snap","Conserve Battery"],"picked":"Meteor Strike","floor":23},{"not_picked":["Cold Snap","Gash","Ball Lightning+1"],"picked":"SKIP","floor":28},{"not_picked":["Steam Power","Sweeping Beam+1","Darkness+1"],"picked":"SKIP","floor":31},{"not_picked":["Electrodynamics","Fission"],"picked":"Meteor Strike","floor":33},{"not_picked":["Go for the Eyes+1","Auto Shields+1","Conserve Battery+1"],"picked":"SKIP","floor":35},{"not_picked":["Streamline","Steam+1"],"picked":"Compile Driver","floor":37},{"not_picked":["Leap","Rebound+1"],"picked":"Self Repair","floor":39},{"not_picked":["Steam Power+1","Steam"],"picked":"Force Field+1","floor":40},{"not_picked":["Consume+1","Reprogram+1"],"picked":"Hologram","floor":42},{"not_picked":["Hologram+1","Multi-Cast"],"picked":"Double Energy","floor":45},{"not_picked":["Darkness","Fusion+1","Streamline"],"picked":"SKIP","floor":48}],"player_experience":76854,"relics_obtained":[{"floor":6,"key":"Vajra"},{"floor":7,"key":"Bag of Preparation"},{"floor":8,"key":"Ornamental Fan"},{"floor":9,"key":"DataDisk"},{"floor":10,"key":"Bottled Lightning"},{"floor":11,"key":"Old Coin"},{"floor":13,"key":"War Paint"},{"floor":23,"key":"Regal Pillow"},{"floor":25,"key":"Juzu Bracelet"},{"floor":26,"key":"Smiling Mask"},{"floor":29,"key":"Turnip"},{"floor":32,"key":"Kunai"},{"floor":40,"key":"Oddly Smooth Stone"},{"floor":41,"key":"Strawberry"},{"floor":42,"key":"Potion Belt"},{"floor":43,"key":"Art of War"},{"floor":45,"key":"Happy Flower"},{"floor":47,"key":"Bag of Marbles"},{"floor":49,"key":"MawBank"}],"event_choices":[{"event_name":"Scrap Ooze","player_choice":"success","floor":5,"damage_taken":18},{"event_name":"The Mausoleum","player_choice":"Yes","floor":20,"damage_taken":0},{"event_name":"Golden Shrine","player_choice":"Pray","floor":21,"damage_taken":0},{"event_name":"Addict","player_choice":"Obtained Relic","floor":24,"damage_taken":0},{"event_name":"Vampires","player_choice":"Ignored","floor":30,"damage_taken":0},{"event_name":"Winding Halls","player_choice":"Embrace Madness","floor":36,"damage_taken":0}],"is_beta":false,"boss_relics":[{"not_picked":["White Beast Statue","Philosopher\u0027s Stone"],"picked":"Snecko Eye"},{"not_picked":["Tiny House","Runic Dome"],"picked":"Cursed Key"}],"items_purged_floors":[22,27,38,44],"is_endless":false,"potions_floor_spawned":[2,4,8,10,14,16,18,19,31,39,42],"ascension_level":4}