{"gold_per_floor":[109,184,134,134,152,152,187,197,246,261,277,303,313,343,343,443,443,459,459,475,495,92,92,117,132,132,132,132,148,148,182,182,284,284,299,310,323,342,362,362,62,88,88,188,208,221,221,221,221,221],"floor_reached":50,"playtime":4084,"items_purged":[],"score":787,"play_id":"c02d16da-9e36-42bf-b1f9-7236bd9f2041","local_time":"20190406104739","is_ascension_mode":true,"campfire_choices":[{"data":"Bash","floor":6.0,"key":"SMITH"},{"data":"Pommel Strike","floor":15.0,"key":"SMITH"},{"data":"Double Tap","floor":23.0,"key":"SMITH"},{"floor":27.0,"key":"REST"},{"floor":30.0,"key":"REST"},{"floor":32.0,"key":"REST"},{"floor":40.0,"key":"REST"},{"floor":47,"key":"REST"},{"floor":49,"key":"RECALL"}],"neow_cost":"NONE","seed_source_timestamp":0,"circlet_count":0,"master_deck":["Strike_R+1","Strike_R+1","Strike_R+1","Defend_R+1","Defend_R+1","Defend_R+1","Bash+1","Twin Strike+1","Headbutt","Heavy Blade+1","Pommel Strike+1","Cleave","Spot Weakness","Reaper","Evolve","Double Tap+1","Whirlwind+1","Twin Strike+1","Thunderclap+1","Heavy Blade+1","Offering","Battle Trance","Warcry+1","Shrug It Off+1","Impervious","Writhe"],"special_seed":0,"relics":["Burning Blood","NeowsBlessing","Pen Nib","Bag of Preparation","PreservedInsect","Ginger","Sozu","Singing Bowl","Whetstone","Centennial Puzzle","Empty Cage","Orichalcum","Bottled Lightning","Du-Vu Doll","Incense Burner"],"potions_floor_usage":[],"damage_taken":[{"damage":0.0,"enemies":"Jaw Worm","floor":1.0,"turns":1.0},{"damage":0.0,"enemies":"2 Louse","floor":5.0,"turns":1.0},{"damage":0.0,"enemies":"3 Sentries","floor":7.0,"turns":1.0},{"damage":0.0,"enemies":"Small Slimes","floor":8.0,"turns":2.0},{"damage":6.0,"enemies":"3 Louse","floor":10.0,"turns":2.0},{"damage":6.0,"enemies":"Exordium Thugs","floor":11.0,"turns":3.0},{"damage":8.0,"enemies":"Lagavulin","floor":12.0,"turns":3.0},{"damage":11.0,"enemies":"Blue Slaver","floor":13.0,"turns":3.0},{"damage":10.0,"enemies":"3 Sentries","floor":14.0,"turns":4.0},{"damage":40.0,"enemies":"Hexaghost","floor":16.0,"turns":5.0},{"damage":13.0,"enemies":"3 Byrds","floor":18.0,"turns":4.0},{"damage":4.0,"enemies":"Chosen","floor":20.0,"turns":3.0},{"damage":18.0,"enemies":"Snecko","floor":21.0,"turns":3.0},{"damage":35.0,"enemies":"Book of Stabbing","floor":24.0,"turns":3.0},{"damage":14.0,"enemies":"Centurion and Healer","floor":25.0,"turns":2.0},{"damage":40.0,"enemies":"Snake Plant","floor":29.0,"turns":3.0},{"damage":30.0,"enemies":"Gremlin Leader","floor":31.0,"turns":5.0},{"damage":90.0,"enemies":"Automaton","floor":33.0,"turns":7.0},{"damage":30.0,"enemies":"3 Darklings","floor":35.0,"turns":2.0},{"damage":25.0,"enemies":"3 Shapes","floor":36.0,"turns":5.0},{"damage":52.0,"enemies":"Writhing Mass","floor":37.0,"turns":4.0},{"damage":6.0,"enemies":"3 Darklings","floor":38.0,"turns":1.0},{"damage":16.0,"enemies":"Sphere and 2 Shapes","floor":39.0,"turns":3.0},{"damage":6.0,"enemies":"Reptomancer","floor":42.0,"turns":2.0},{"damage":7.0,"enemies":"Mind Bloom Boss Battle","floor":44.0,"turns":4.0},{"damage":30.0,"enemies":"Transient","floor":45.0,"turns":5.0},{"damage":46,"enemies":"4 Shapes","floor":46,"turns":3},{"damage":122,"enemies":"Awakened One","floor":50,"turns":11}],"seed_played":"1315032814575575850","potions_obtained":[{"floor":8.0,"key":"Block Potion"},{"floor":10.0,"key":"LiquidBronze"},{"floor":13.0,"key":"Explosive Potion"},{"floor":14.0,"key":"SkillPotion"}],"is_trial":false,"path_per_floor":["M","?","?","?","M","R","E","M","T","M","M","E","M","E","R","B",null,"M","?","M","M","$","R","E","M","T","R","$","M","R","E","R","B",null,"M","M","M","M","M","R","$","E","T","?","M","M","R","?","R","B"],"character_chosen":"IRONCLAD","items_purchased":["Singing Bowl","Whetstone","Orichalcum","Impervious"],"campfire_rested":5,"item_purchase_floors":[22,22,41,41],"current_hp_per_floor":[78,67,67,72,78,78,84,85,85,85,85,83,78,76,76,42,74,83,83,85,73,73,73,46,38,38,64,64,43,69,67,91,7,70,73,60,14,58,50,78,78,80,80,81,59,53,83,103,103,0],"gold":221,"neow_bonus":"THREE_ENEMY_KILL","is_prod":false,"is_daily":false,"chose_seed":false,"campfire_upgraded":3,"win_rate":0,"timestamp":1554515259,"path_taken":["M","?","?","?","M","R","E","M","T","M","M","E","M","E","R","BOSS","M","?","M","M","$","R","E","M","T","R","$","M","R","E","R","BOSS","M","M","M","M","M","R","$","E","T","?","M","M","R","?","R","BOSS"],"build_version":"2019-01-23","purchased_purges":0,"victory":false,"max_hp_per_floor":[80,80,80,85,85,85,85,85,85,85,85,85,85,85,85,85,85,85,85,85,85,85,85,87,87,87,87,87,89,89,91,91,91,91,91,91,91,93,95,95,95,97,97,99,101,103,103,103,103,103],"card_choices":[{"not_picked":["Sword Boomerang","Body Slam"],"picked":"Twin Strike","floor":1.0},{"not_picked":["Havoc","Second Wind"],"picked":"Headbutt","floor":5.0},{"not_picked":["Body Slam","Iron Wave"],"picked":"Heavy Blade","floor":7.0},{"not_picked":["Corruption","Flex"],"picked":"Pommel Strike","floor":8.0},{"not_picked":["Warcry","Fire Breathing"],"picked":"Cleave","floor":10.0},{"not_picked":["Anger","Cleave"],"picked":"Spot Weakness","floor":11.0},{"not_picked":["Thunderclap","Sever Soul"],"picked":"Reaper","floor":12.0},{"not_picked":["Metallicize","Body Slam","Wild Strike"],"picked":"SKIP","floor":13.0},{"not_picked":["Sentinel","Feel No Pain"],"picked":"Evolve","floor":14.0},{"not_picked":["Impervious","Brutality"],"picked":"Double Tap","floor":16.0},{"not_picked":["Shrug It Off","Havoc"],"picked":"Whirlwind+1","floor":18.0},{"not_picked":["Headbutt","Perfected Strike"],"picked":"Twin Strike+1","floor":20.0},{"not_picked":["Clothesline","Iron Wave"],"picked":"Thunderclap+1","floor":21.0},{"not_picked":["Cleave","Sever Soul","Feel No Pain"],"picked":"Singing Bowl","floor":24.0},{"not_picked":["Corruption+1","Body Slam"],"picked":"Heavy Blade+1","floor":25.0},{"not_picked":["Sentinel","Rupture","Anger"],"picked":"Singing Bowl","floor":29.0},{"not_picked":["Second Wind","Feed","Headbutt+1"],"picked":"Singing Bowl","floor":31.0},{"not_picked":["Reaper","Barricade"],"picked":"Offering","floor":33.0},{"not_picked":["Metallicize","Anger"],"picked":"Battle Trance","floor":35.0},{"not_picked":["Second Wind","Searing Blow+1"],"picked":"Warcry+1","floor":36.0},{"not_picked":["Heavy Blade","Flex+1"],"picked":"Shrug It Off+1","floor":37.0},{"not_picked":["Battle Trance","Feel No Pain","Sword Boomerang+1"],"picked":"Singing Bowl","floor":38.0},{"not_picked":["Havoc+1","Feel No Pain+1","Anger"],"picked":"Singing Bowl","floor":39.0},{"not_picked":["Whirlwind+1","Wild Strike+1","Shockwave"],"picked":"Singing Bowl","floor":42.0},{"not_picked":["Armaments","Brutality","Thunderclap+1"],"picked":"Singing Bowl","floor":44.0},{"not_picked":["Pommel Strike","Clothesline","Havoc+1"],"picked":"Singing Bowl","floor":45},{"not_picked":["Rampage+1","Body Slam+1","Fire Breathing"],"picked":"Singing Bowl","floor":46}],"player_experience":255852,"relics_obtained":[{"floor":7.0,"key":"Pen Nib"},{"floor":9.0,"key":"Bag of Preparation"},{"floor":12.0,"key":"PreservedInsect"},{"floor":14.0,"key":"Ginger"},{"floor":24.0,"key":"Centennial Puzzle"},{"floor":42.0,"key":"Bottled Lightning"},{"floor":43.0,"key":"Du-Vu Doll"},{"floor":44.0,"key":"Incense Burner"}],"event_choices":[{"damage_healed":0.0,"max_hp_gain":0.0,"max_hp_loss":0.0,"gold_gain":75.0,"event_name":"World of Goop","player_choice":"Gather Gold","floor":2.0,"gold_loss":0.0,"damage_taken":11.0},{"cards_removed":["Defend_R"],"damage_healed":0.0,"max_hp_gain":0.0,"max_hp_loss":0.0,"gold_gain":0.0,"event_name":"The Cleric","player_choice":"Card Removal","floor":3.0,"gold_loss":50.0,"damage_taken":0.0},{"damage_healed":0.0,"max_hp_gain":5.0,"max_hp_loss":0.0,"gold_gain":0.0,"event_name":"Big Fish","player_choice":"Donut","floor":4.0,"gold_loss":0.0,"damage_taken":0.0},{"damage_healed":0.0,"max_hp_gain":0.0,"max_hp_loss":0.0,"gold_gain":0.0,"event_name":"Back to Basics","player_choice":"Simplicity","floor":19.0,"gold_loss":0.0,"damage_taken":0.0,"cards_upgraded":["Strike_R","Strike_R","Strike_R","Strike_R","Strike_R","Defend_R","Defend_R","Defend_R"]},{"damage_healed":0.0,"max_hp_gain":0.0,"max_hp_loss":0.0,"gold_gain":0.0,"event_name":"MindBloom","player_choice":"Fight","floor":44.0,"gold_loss":0.0,"damage_taken":0.0},{"damage_healed":26,"gold_gain":0,"player_choice":"Writhe","damage_taken":0,"max_hp_gain":0,"max_hp_loss":0,"event_name":"Winding Halls","floor":48,"gold_loss":0,"cards_obtained":["Writhe"]}],"is_beta":false,"boss_relics":[{"not_picked":["Pandora\u0027s Box","Tiny House"],"picked":"Sozu"},{"not_picked":["Philosopher\u0027s Stone","Calling Bell"],"picked":"Empty Cage"}],"items_purged_floors":[],"is_endless":false,"potions_floor_spawned":[8,10,13,14,29,31,33,35,36,39,46],"killed_by":"Awakened One","ascension_level":6}