{"gold_per_floor":[115,115,129,147,163,163,198,217,217,252,252,252],"floor_reached":12,"playtime":550,"items_purged":[],"score":122,"play_id":"1f8bda51-68e7-461d-b406-be9c56fee7db","local_time":"20190402130553","is_ascension_mode":true,"campfire_choices":[{"data":"Bash","floor":6,"key":"SMITH"}],"neow_cost":"NONE","seed_source_timestamp":238886579818208,"circlet_count":0,"master_deck":["Strike_R","Strike_R","Strike_R","Strike_R","Strike_R","Defend_R","Defend_R","Defend_R","Defend_R","Bash+1","Sword Boomerang","Metallicize","Anger","Barricade","Power Through","Immolate","Armaments"],"relics":["Burning Blood","Art of War","Shovel","Mango","Letter Opener","Golden Idol"],"potions_floor_usage":[12],"damage_taken":[{"damage":2,"enemies":"Jaw Worm","floor":1,"turns":3},{"damage":9,"enemies":"2 Louse","floor":3,"turns":4},{"damage":11,"enemies":"Small Slimes","floor":4,"turns":5},{"damage":14,"enemies":"3 Louse","floor":5,"turns":6},{"damage":25,"enemies":"Lagavulin","floor":7,"turns":9},{"damage":10,"enemies":"2 Fungi Beasts","floor":8,"turns":6},{"damage":15,"enemies":"3 Sentries","floor":10,"turns":4},{"damage":19,"enemies":"Exordium Thugs","floor":12,"turns":3}],"seed_played":"-2141751575002810863","potions_obtained":[{"floor":10,"key":"SneckoOil"}],"is_trial":false,"path_per_floor":["M","?","M","M","M","R","E","M","T","E","?","M"],"character_chosen":"IRONCLAD","items_purchased":[],"campfire_rested":0,"item_purchase_floors":[],"current_hp_per_floor":[76,76,73,68,60,60,41,37,51,42,19,0],"gold":252,"neow_bonus":"RANDOM_COMMON_RELIC","is_prod":false,"is_daily":false,"chose_seed":false,"campfire_upgraded":1,"win_rate":0,"timestamp":1554235553,"path_taken":["M","?","M","M","M","R","E","M","T","E","?","M"],"build_version":"2019-01-23","purchased_purges":0,"victory":false,"max_hp_per_floor":[80,80,80,80,80,80,80,80,94,94,94,94],"card_choices":[{"not_picked":["Twin Strike","Flex"],"picked":"Sword Boomerang","floor":1},{"not_picked":["Double Tap","Pommel Strike"],"picked":"Metallicize","floor":3},{"not_picked":["Sword Boomerang","Ghostly Armor"],"picked":"Anger","floor":4},{"not_picked":["Sever Soul","Pommel Strike"],"picked":"Barricade","floor":5},{"not_picked":["Warcry","Wild Strike"],"picked":"Power Through","floor":7},{"not_picked":["Iron Wave","Corruption"],"picked":"Immolate","floor":8},{"not_picked":["Wild Strike","Carnage"],"picked":"Armaments","floor":10}],"player_experience":127667,"relics_obtained":[{"floor":7,"key":"Shovel"},{"floor":9,"key":"Mango"},{"floor":10,"key":"Letter Opener"}],"event_choices":[{"damage_healed":0,"gold_gain":0,"player_choice":"Ignored","damage_taken":0,"max_hp_gain":0,"max_hp_loss":0,"event_name":"Liars Game","floor":2,"gold_loss":0},{"damage_healed":0,"gold_gain":0,"player_choice":"Take Damage","damage_taken":23,"relics_obtained":["Golden Idol"],"max_hp_gain":0,"max_hp_loss":0,"event_name":"Golden Idol","floor":11,"gold_loss":0}],"is_beta":false,"boss_relics":[],"items_purged_floors":[],"is_endless":false,"potions_floor_spawned":[10],"killed_by":"Exordium Thugs","ascension_level":7}