{"gold_per_floor":[19,30,50,64,75,75],"floor_reached":6,"playtime":528,"items_purged":[],"score":70,"play_id":"b3beb9ab-7814-4bb5-ab25-768fb93d6d64","local_time":"20190504134843","is_ascension_mode":true,"campfire_choices":[],"neow_cost":"NO_GOLD","seed_source_timestamp":395585181175000,"circlet_count":0,"master_deck":["AscendersBane","Strike_R","Strike_R","Strike_R","Strike_R","Strike_R","Defend_R","Defend_R","Defend_R","Defend_R","Bash","Battle Trance","Sentinel","Shrug It Off","Shockwave","Whirlwind","Flame Barrier","Metallicize","True Grit"],"relics":["Burning Blood","Prayer Wheel"],"potions_floor_usage":[6,6],"damage_taken":[{"damage":10,"enemies":"2 Louse","floor":1,"turns":3},{"damage":7,"enemies":"Small Slimes","floor":2,"turns":3},{"damage":9,"enemies":"Jaw Worm","floor":3,"turns":3},{"damage":15,"enemies":"Looter","floor":4,"turns":4},{"damage":13,"enemies":"Exordium Thugs","floor":5,"turns":5},{"damage":44,"enemies":"Lagavulin","floor":6,"turns":16}],"seed_played":"7234435599725937508","potions_obtained":[{"floor":1,"key":"Weak Potion"},{"floor":2,"key":"Dexterity Potion"}],"is_trial":false,"path_per_floor":["M","M","M","M","M","E"],"character_chosen":"IRONCLAD","items_purchased":[],"campfire_rested":0,"item_purchase_floors":[],"current_hp_per_floor":[64,63,60,51,44,0],"gold":75,"neow_bonus":"ONE_RARE_RELIC","is_prod":false,"is_daily":false,"chose_seed":false,"campfire_upgraded":0,"win_rate":0,"timestamp":1556970523,"path_taken":["M","M","M","M","M","E"],"build_version":"2019-01-23","purchased_purges":0,"victory":false,"max_hp_per_floor":[75,75,75,75,75,75],"card_choices":[{"not_picked":["Wild Strike","Uppercut"],"picked":"Battle Trance","floor":1},{"not_picked":["Fire Breathing","Havoc"],"picked":"Sentinel","floor":1},{"not_picked":["Heavy Blade","Headbutt"],"picked":"Shrug It Off","floor":2},{"not_picked":["Power Through","Battle Trance"],"picked":"Shockwave","floor":2},{"not_picked":["Havoc","Reckless Charge"],"picked":"Whirlwind","floor":3},{"not_picked":["Clothesline","Dual Wield"],"picked":"Flame Barrier","floor":3},{"not_picked":["Thunderclap","Flex"],"picked":"Metallicize","floor":4},{"not_picked":["Cleave","Shockwave","Rupture"],"picked":"SKIP","floor":4},{"not_picked":["Thunderclap","Entrench"],"picked":"True Grit","floor":5},{"not_picked":["Twin Strike","Carnage","Clothesline"],"picked":"SKIP","floor":5}],"player_experience":1064051,"relics_obtained":[],"event_choices":[],"is_beta":false,"boss_relics":[],"items_purged_floors":[],"is_endless":false,"potions_floor_spawned":[1,2,3],"killed_by":"Lagavulin","ascension_level":15}