{"gold_per_floor":[115,133,208,224,149,183,183,193,193,193,205,205],"floor_reached":12,"playtime":375,"items_purged":["Strike_B"],"score":104,"play_id":"8dc3a352-683d-452d-afbf-d90deee0e42a","local_time":"20181127130445","is_ascension_mode":true,"campfire_choices":[{"floor":7,"key":"REST"}],"neow_cost":"NONE","seed_source_timestamp":710565382987628,"circlet_count":0,"master_deck":["Strike_B","Strike_B","Strike_B","Defend_B","Defend_B","Defend_B","Defend_B","Zap","Dualcast","Scrape","Scrape"],"relics":["Cracked Core","Lantern","Ancient Tea Set"],"potions_floor_usage":[2,6,8],"damage_taken":[{"damage":10,"enemies":"2 Louse","floor":1,"turns":2},{"damage":0,"enemies":"Small Slimes","floor":2,"turns":3},{"damage":1,"enemies":"Cultist","floor":4,"turns":3},{"damage":30,"enemies":"Gremlin Nob","floor":6,"turns":4},{"damage":13,"enemies":"3 Louse","floor":8,"turns":3},{"damage":7,"enemies":"Looter","floor":11,"turns":3},{"damage":0,"enemies":"3 Sentries","floor":12,"turns":1}],"seed_played":"710179892601032412","potions_obtained":[{"floor":1,"key":"EssenceOfSteel"},{"floor":2,"key":"Energy Potion"},{"floor":6,"key":"LiquidBronze"}],"is_trial":false,"path_per_floor":["M","M","?","M","$","E","R","M","T","?","M","E"],"character_chosen":"DEFECT","items_purchased":[],"campfire_rested":1,"item_purchase_floors":[],"current_hp_per_floor":[58,58,47,46,46,16,38,25,25,25,18,18],"gold":205,"neow_bonus":"THREE_CARDS","is_prod":false,"is_daily":false,"chose_seed":false,"campfire_upgraded":0,"win_rate":0,"timestamp":1543320285,"path_taken":["M","M","?","M","$","E","R","M","T","?","M","E"],"build_version":"2018-11-15","purchased_purges":1,"victory":false,"max_hp_per_floor":[75,75,75,75,75,75,75,75,75,75,75,75],"card_choices":[{"not_picked":["Hologram","Streamline"],"picked":"Scrape","floor":0},{"not_picked":["Storm","Blizzard","Streamline"],"picked":"SKIP","floor":1},{"not_picked":["Tempest","White Noise"],"picked":"Scrape","floor":2},{"not_picked":["Aggregate","Steam","Barrage"],"picked":"SKIP","floor":4},{"not_picked":["Auto Shields","Barrage","Melter"],"picked":"SKIP","floor":6},{"not_picked":["Rip and Tear","Barrage","Turbo"],"picked":"SKIP","floor":8},{"not_picked":["Streamline","Aggregate","Melter"],"picked":"SKIP","floor":11}],"player_experience":257926,"relics_obtained":[{"floor":6,"key":"Lantern"},{"floor":9,"key":"Ancient Tea Set"}],"event_choices":[{"damage_healed":0,"gold_gain":75,"player_choice":"Gather Gold","damage_taken":11,"max_hp_gain":0,"max_hp_loss":0,"event_name":"World of Goop","floor":3,"gold_loss":0},{"damage_healed":0,"gold_gain":0,"player_choice":"Ignored","damage_taken":0,"max_hp_gain":0,"max_hp_loss":0,"event_name":"Liars Game","floor":10,"gold_loss":0}],"is_beta":false,"boss_relics":[],"items_purged_floors":[5],"is_endless":false,"potions_floor_spawned":[1,2,6],"killed_by":"3 Sentries","ascension_level":6}