{"gold_per_floor":[214,23,41,54,67,97,107,136,162,187,187,205,225,238,238,335,335,348,360,360,183,244,279,279,293,293,343,343,101,116,128,128,228,228,246,62,74,124,28,62,62,115,150,162,193,255,284,306,318,330],"floor_reached":51,"playtime":3775,"items_purged":["Strike_B"],"score":814,"play_id":"ea4a17cf-b292-4a46-918e-9fb2b4d8bc18","local_time":"20190420162726","is_ascension_mode":true,"campfire_choices":[{"data":"Metamorphosis","floor":15,"key":"SMITH"},{"floor":24,"key":"REST"},{"floor":28,"key":"REST"},{"floor":32,"key":"REST"},{"floor":41,"key":"REST"},{"floor":44,"key":"REST"},{"floor":49,"key":"REST"}],"neow_cost":"NONE","seed_source_timestamp":491051382517264,"circlet_count":0,"master_deck":["Strike_B","Strike_B","Strike_B","Defend_B","Defend_B","Defend_B","Defend_B","Zap","Dualcast","Metamorphosis+1","Reinforced Body","Steam","Cold Snap","Core Surge","Core Surge","Cold Snap","Hologram","All For One","Go for the Eyes","Cold Snap","Scrape","Glacier","Electrodynamics","Transmutation","Panacea","BootSequence","Violence"],"relics":["Cracked Core","Ancient Tea Set","Pen Nib","PreservedInsect","Vajra","Fusion Hammer","SsserpentHead","Lantern","Bag of Marbles","Mango","Black Star","Gremlin Horn","Blood Vial","MawBank","Strawberry","Juzu Bracelet"],"potions_floor_usage":[5,12,16,25,33,40,42,47,50],"damage_taken":[{"damage":11,"enemies":"Jaw Worm","floor":1,"turns":3},{"damage":1,"enemies":"Cultist","floor":3,"turns":3},{"damage":5,"enemies":"2 Louse","floor":4,"turns":2},{"damage":11,"enemies":"Gremlin Gang","floor":5,"turns":3},{"damage":16,"enemies":"Gremlin Nob","floor":6,"turns":4},{"damage":3,"enemies":"Looter","floor":7,"turns":3},{"damage":8,"enemies":"3 Sentries","floor":8,"turns":4},{"damage":8,"enemies":"Gremlin Nob","floor":10,"turns":3},{"damage":0,"enemies":"Large Slime","floor":12,"turns":3},{"damage":1,"enemies":"3 Louse","floor":13,"turns":3},{"damage":19,"enemies":"Exordium Thugs","floor":14,"turns":4},{"damage":1,"enemies":"Hexaghost","floor":16,"turns":7},{"damage":19,"enemies":"3 Byrds","floor":18,"turns":4},{"damage":5,"enemies":"Shell Parasite","floor":19,"turns":4},{"damage":0,"enemies":"Snecko","floor":22,"turns":4},{"damage":21,"enemies":"Book of Stabbing","floor":23,"turns":5},{"damage":5,"enemies":"Centurion and Healer","floor":25,"turns":3},{"damage":4,"enemies":"Cultist and Chosen","floor":30,"turns":3},{"damage":6,"enemies":"Shelled Parasite and Fungi","floor":31,"turns":5},{"damage":4,"enemies":"Collector","floor":33,"turns":9},{"damage":20,"enemies":"3 Darklings","floor":35,"turns":5},{"damage":8,"enemies":"Orb Walker","floor":37,"turns":4},{"damage":4,"enemies":"Giant Head","floor":40,"turns":6},{"damage":53,"enemies":"Nemesis","floor":42,"turns":11},{"damage":36,"enemies":"Transient","floor":45,"turns":5},{"damage":0,"enemies":"Spire Growth","floor":47,"turns":5},{"damage":44,"enemies":"3 Darklings","floor":48,"turns":4},{"damage":34,"enemies":"Awakened One","floor":50,"turns":20}],"seed_played":"-2055743384579747436","potions_obtained":[{"floor":3,"key":"Weak Potion"},{"floor":4,"key":"Fire Potion"},{"floor":6,"key":"Dexterity Potion"},{"floor":8,"key":"SkillPotion"},{"floor":13,"key":"FairyPotion"},{"floor":16,"key":"SteroidPotion"},{"floor":19,"key":"Strength Potion"},{"floor":30,"key":"Energy Potion"},{"floor":35,"key":"Weak Potion"},{"floor":37,"key":"FocusPotion"},{"floor":45,"key":"PowerPotion"},{"floor":48,"key":"SpeedPotion"}],"is_trial":false,"path_per_floor":["M","$","M","M","M","E","M","E","T","E","?","M","M","M","R","B",null,"M","M","?","$","M","E","R","M","T","?","R","$","M","M","R","B",null,"M","$","M","?","$","E","R","E","T","R","M","?","M","M","R","B",null],"character_chosen":"DEFECT","items_purchased":["Metamorphosis","Lantern","Hologram","Defragment","Cold Snap","Scrape","Transmutation","Panacea"],"campfire_rested":6,"item_purchase_floors":[2,21,21,29,29,29,36,39],"current_hp_per_floor":[64,64,63,58,47,31,28,20,20,12,75,75,74,55,55,54,75,56,51,51,51,51,30,52,47,61,61,87,87,83,77,89,85,89,69,69,61,61,61,57,83,39,39,67,33,33,35,9,37,5],"gold":342,"neow_bonus":"HUNDRED_GOLD","is_prod":false,"is_daily":false,"chose_seed":false,"campfire_upgraded":1,"win_rate":0,"timestamp":1555774046,"path_taken":["M","$","M","M","M","E","M","E","T","E","?","M","M","M","R","BOSS","M","?","?","$","?","E","R","M","T","?","R","$","M","M","R","BOSS","M","$","M","?","$","E","R","E","T","R","M","?","M","M","R","BOSS"],"build_version":"2019-01-23","purchased_purges":1,"victory":true,"max_hp_per_floor":[75,75,75,75,75,75,75,75,75,75,75,75,75,75,75,75,75,75,75,75,75,75,75,75,75,89,89,89,89,89,89,89,89,89,89,89,89,89,89,89,89,96,96,96,96,96,96,96,96,96],"card_choices":[{"not_picked":["Rebound","Static Discharge","Storm"],"picked":"SKIP","floor":1},{"not_picked":["Static Discharge","Reprogram","Melter"],"picked":"SKIP","floor":3},{"not_picked":["Turbo","White Noise"],"picked":"Tempest","floor":4},{"not_picked":["Rebound","Rip and Tear"],"picked":"Reinforced Body","floor":5},{"not_picked":["Stack","Static Discharge","Beam Cell"],"picked":"SKIP","floor":6},{"not_picked":["Darkness","Heatsinks","Blizzard"],"picked":"SKIP","floor":7},{"not_picked":["Force Field","Conserve Battery","Melter"],"picked":"SKIP","floor":8},{"not_picked":["Coolheaded","Conserve Battery"],"picked":"Steam","floor":10},{"not_picked":["Steam","Self Repair","Rebound"],"picked":"SKIP","floor":12},{"not_picked":["Gash","Go for the Eyes"],"picked":"Cold Snap","floor":13},{"not_picked":["Aggregate","Compile Driver"],"picked":"Core Surge","floor":14},{"not_picked":["Reboot","Fission"],"picked":"Core Surge","floor":16},{"not_picked":["Lockon","Storm","Barrage"],"picked":"SKIP","floor":18},{"not_picked":["Ball Lightning","Streamline"],"picked":"Cold Snap","floor":19},{"not_picked":["Storm","Blizzard","Conserve Battery"],"picked":"SKIP","floor":22},{"not_picked":["Chaos","Double Energy+1"],"picked":"All For One","floor":23},{"not_picked":["Leap","Beam Cell"],"picked":"Go for the Eyes","floor":25},{"not_picked":["Leap+1","Blizzard+1"],"picked":"Glacier","floor":30},{"not_picked":["Rebound","Streamline","Steam Power"],"picked":"SKIP","floor":31},{"not_picked":["Thunder Strike","Meteor Strike"],"picked":"Electrodynamics","floor":33},{"not_picked":["Leap","Steam","Barrage"],"picked":"SKIP","floor":35},{"not_picked":["Coolheaded+1","Glacier+1","Sweeping Beam"],"picked":"SKIP","floor":37},{"not_picked":["Steam Power","Hologram+1"],"picked":"BootSequence","floor":40},{"not_picked":["Recycle","Go for the Eyes+1","Loop+1"],"picked":"SKIP","floor":42},{"not_picked":["Barrage","Streamline+1","Blizzard+1"],"picked":"SKIP","floor":45},{"not_picked":["Impatience","Mind Blast"],"picked":"Violence","floor":46},{"not_picked":["Barrage","BootSequence+1","Rebound"],"picked":"SKIP","floor":47},{"not_picked":["Glacier","Darkness","Rebound"],"picked":"SKIP","floor":48}],"player_experience":1798788,"relics_obtained":[{"floor":6,"key":"Ancient Tea Set"},{"floor":8,"key":"Pen Nib"},{"floor":9,"key":"PreservedInsect"},{"floor":10,"key":"Vajra"},{"floor":23,"key":"Bag of Marbles"},{"floor":26,"key":"Mango"},{"floor":40,"key":"Gremlin Horn"},{"floor":40,"key":"Blood Vial"},{"floor":42,"key":"MawBank"},{"floor":42,"key":"Strawberry"},{"floor":43,"key":"Juzu Bracelet"}],"event_choices":[{"cards_removed":["Tempest"],"damage_healed":63,"gold_gain":0,"player_choice":"Offered Uncommon","damage_taken":0,"max_hp_gain":0,"max_hp_loss":0,"event_name":"Bonfire Elementals","floor":11,"gold_loss":0},{"damage_healed":0,"gold_gain":0,"player_choice":"Trade","damage_taken":0,"relics_obtained":["SsserpentHead"],"max_hp_gain":0,"max_hp_loss":0,"event_name":"FaceTrader","floor":20,"gold_loss":0},{"damage_healed":0,"gold_gain":0,"player_choice":"Ignored","damage_taken":0,"max_hp_gain":0,"max_hp_loss":0,"event_name":"Ghosts","floor":27,"gold_loss":0},{"cards_removed":["Defragment"],"damage_healed":0,"gold_gain":0,"player_choice":"Removed Power","damage_taken":0,"max_hp_gain":0,"max_hp_loss":0,"event_name":"Falling","floor":38,"gold_loss":0},{"damage_healed":0,"gold_gain":0,"player_choice":"Memory 1","damage_taken":0,"max_hp_gain":0,"max_hp_loss":0,"event_name":"SensoryStone","floor":46,"gold_loss":0}],"is_beta":false,"boss_relics":[{"not_picked":["Runic Dome","Velvet Choker"],"picked":"Fusion Hammer"},{"not_picked":["Tiny House","Orrery"],"picked":"Black Star"}],"items_purged_floors":[29],"is_endless":false,"potions_floor_spawned":[3,4,6,8,10,13,16,19,22,23,30,31,35,37,45,48],"ascension_level":1}