{"gold_per_floor":[15,15,25,36,49,49,49,49,49,68,68,97,97,116,116,220,220,220,175,19,19,19,19,19,19,19,19,19,19,19,19,19,19,19,19,19,0,0,0,0,0,0,0,0,0,0,0,0,0,0,0,0,0,0,0],"floor_reached":55,"playtime":1564,"items_purged":[],"score":755,"play_id":"2ace5337-80b7-4a4f-b27b-a7f91b8d4248","local_time":"20190113220007","is_ascension_mode":true,"campfire_choices":[{"floor":6,"key":"REST"},{"data":"Static Discharge","floor":13,"key":"SMITH"},{"floor":15,"key":"REST"},{"floor":23,"key":"REST"},{"floor":28,"key":"REST"},{"data":"Defragment","floor":30,"key":"SMITH"},{"floor":32,"key":"RECALL"},{"floor":40,"key":"REST"},{"data":"Rainbow","floor":42,"key":"SMITH"},{"floor":49,"key":"REST"},{"data":"Electrodynamics","floor":52,"key":"SMITH"}],"neow_cost":"NO_GOLD","seed_source_timestamp":182904318371928,"circlet_count":0,"master_deck":["Strike_B","Strike_B","Strike_B","Strike_B","Defend_B","Defend_B","Defend_B","Zap","Dualcast","Electrodynamics+1","Lockon","Ball Lightning","Coolheaded","Leap","Static Discharge+1","Lockon","Defragment+1","Electrodynamics","Rip and Tear","Conserve Battery+1","Melter","Redo+1","Necronomicurse","Conserve Battery","FTL","Rainbow+1","Auto Shields+1","Dramatic Entrance","Compile Driver+1","Loop","Writhe","Fusion"],"relics":["Cracked Core","Mercury Hourglass","Pear","Incense Burner","Ectoplasm","DataDisk","MutagenicStrength","Necronomicon","Regal Pillow","Inserter","Red Mask","Gambling Chip","Singing Bowl","Bottled Tornado","Pocketwatch"],"potions_floor_usage":[5,10,10,12,27,31,33,35,36,50,55],"damage_taken":[{"damage":6,"enemies":"Cultist","floor":1,"turns":3},{"damage":6,"enemies":"Jaw Worm","floor":3,"turns":2},{"damage":3,"enemies":"Small Slimes","floor":4,"turns":2},{"damage":12,"enemies":"Exordium Thugs","floor":5,"turns":2},{"damage":0,"enemies":"Large Slime","floor":10,"turns":3},{"damage":31,"enemies":"Gremlin Nob","floor":12,"turns":4},{"damage":13,"enemies":"Red Slaver","floor":14,"turns":2},{"damage":34,"enemies":"The Guardian","floor":16,"turns":7},{"damage":1,"enemies":"Spheric Guardian","floor":18,"turns":3},{"damage":16,"enemies":"2 Thieves","floor":19,"turns":2},{"damage":20,"enemies":"Centurion and Healer","floor":22,"turns":2},{"damage":0,"enemies":"Snecko","floor":24,"turns":4},{"damage":32,"enemies":"Slavers","floor":27,"turns":3},{"damage":0,"enemies":"Sentry and Sphere","floor":31,"turns":2},{"damage":40,"enemies":"Collector","floor":33,"turns":6},{"damage":23,"enemies":"Orb Walker","floor":35,"turns":2},{"damage":5,"enemies":"3 Shapes","floor":36,"turns":2},{"damage":17,"enemies":"Maw","floor":39,"turns":5},{"damage":12,"enemies":"Nemesis","floor":44,"turns":7},{"damage":0,"enemies":"Jaw Worm Horde","floor":46,"turns":2},{"damage":45,"enemies":"Reptomancer","floor":47,"turns":4},{"damage":75,"enemies":"Time Eater","floor":50,"turns":10},{"damage":34,"enemies":"Shield and Spear","floor":54,"turns":4},{"damage":64,"enemies":"The Heart","floor":55,"turns":2}],"seed_played":"5714926940667836609","potions_obtained":[{"floor":1,"key":"Block Potion"},{"floor":4,"key":"LiquidBronze"},{"floor":8,"key":"SteroidPotion"},{"floor":8,"key":"Poison Potion"},{"floor":12,"key":"Fruit Juice"},{"floor":24,"key":"Dexterity Potion"},{"floor":27,"key":"AttackPotion"},{"floor":31,"key":"FearPotion"},{"floor":33,"key":"SteroidPotion"},{"floor":35,"key":"Regen Potion"},{"floor":47,"key":"Explosive Potion"},{"floor":54,"key":"Poison Potion"}],"is_trial":false,"path_per_floor":["M","$","M","M","M","R","?","?","T","M","?","E","R","M","R","B",null,"M","M","$","?","M","R","M","?","T","E","R","?","R","M","R","B",null,"M","M","?","?","M","R","$","R","T","E","?","M","E","$","R","B",null,"R","$","E","B"],"character_chosen":"DEFECT","items_purchased":["DataDisk"],"campfire_rested":6,"item_purchase_floors":[20],"current_hp_per_floor":[69,69,63,60,48,70,70,70,70,70,80,54,54,41,68,34,90,89,73,73,73,53,80,80,64,64,32,74,74,74,74,74,34,90,67,67,67,67,50,90,90,90,90,78,90,92,49,49,92,17,94,94,94,60,0],"gold":0,"neow_bonus":"THREE_RARE_CARDS","is_prod":false,"is_daily":false,"chose_seed":false,"campfire_upgraded":4,"win_rate":0,"timestamp":1547445607,"path_taken":["M","$","M","M","?","R","?","?","T","?","?","E","R","M","R","BOSS","M","M","$","?","M","R","M","?","T","E","R","?","R","M","R","BOSS","M","M","?","?","?","R","$","R","T","E","?","M","E","$","R","BOSS","R","$","E","BOSS"],"build_version":"2019-01-10","purchased_purges":0,"victory":false,"max_hp_per_floor":[75,75,75,75,75,75,75,75,75,75,85,90,90,90,90,90,90,90,90,90,90,90,90,90,90,90,90,90,90,90,90,90,90,90,90,90,90,90,90,90,90,90,90,90,90,92,94,94,94,94,94,94,94,94,94],"card_choices":[{"not_picked":["Reboot","Buffer"],"picked":"Electrodynamics","floor":0},{"not_picked":["White Noise","Go for the Eyes"],"picked":"Lockon","floor":1},{"not_picked":["Turbo","Leap"],"picked":"Ball Lightning","floor":3},{"not_picked":["Cold Snap","Stack"],"picked":"Coolheaded","floor":4},{"not_picked":["Hologram","Hyperbeam"],"picked":"Leap","floor":5},{"not_picked":["Defragment","BootSequence"],"picked":"Static Discharge","floor":10},{"not_picked":["BootSequence","Compile Driver"],"picked":"Lockon","floor":12},{"not_picked":["Tempest","Hologram"],"picked":"Defragment","floor":14},{"not_picked":["Machine Learning","Fission"],"picked":"Electrodynamics","floor":16},{"not_picked":["Go for the Eyes","Steam"],"picked":"Rip and Tear","floor":18},{"not_picked":["Hologram+1","Doom and Gloom"],"picked":"Conserve Battery+1","floor":19},{"not_picked":["Auto Shields","Recycle"],"picked":"Melter","floor":22},{"not_picked":["Coolheaded","Compile Driver+1"],"picked":"Redo+1","floor":24},{"not_picked":["Leap","Compile Driver+1"],"picked":"Conserve Battery","floor":27},{"not_picked":["Hologram","Stack+1"],"picked":"FTL","floor":31},{"not_picked":["Creative AI","All For One"],"picked":"Rainbow","floor":33},{"not_picked":["Steam+1","FTL+1"],"picked":"Auto Shields+1","floor":35},{"not_picked":["Steam Power","Skim+1","Redo"],"picked":"SKIP","floor":36},{"not_picked":["Enlightenment","Purity"],"picked":"Dramatic Entrance","floor":38},{"not_picked":["Go for the Eyes","Double Energy"],"picked":"Compile Driver+1","floor":39},{"not_picked":["Scrape+1","Compile Driver+1"],"picked":"Loop","floor":44},{"not_picked":["Stack+1","Streamline+1","Auto Shields+1"],"picked":"Singing Bowl","floor":46},{"not_picked":["Stack+1","Redo+1","Doom and Gloom+1"],"picked":"Singing Bowl","floor":47},{"not_picked":["Rebound","Biased Cognition"],"picked":"Fusion","floor":54}],"player_experience":332454,"relics_obtained":[{"floor":9,"key":"Mercury Hourglass"},{"floor":12,"key":"Incense Burner"},{"floor":25,"key":"Necronomicon"},{"floor":27,"key":"Regal Pillow"},{"floor":43,"key":"Gambling Chip"},{"floor":44,"key":"Singing Bowl"},{"floor":47,"key":"Bottled Tornado"},{"floor":54,"key":"Pocketwatch"}],"event_choices":[{"damage_healed":0,"gold_gain":0,"player_choice":"Ignored","damage_taken":0,"max_hp_gain":0,"max_hp_loss":0,"event_name":"Golden Idol","floor":7,"gold_loss":0},{"damage_healed":0,"gold_gain":0,"player_choice":"Got Potions","damage_taken":0,"max_hp_gain":0,"max_hp_loss":0,"event_name":"Lab","floor":8,"gold_loss":0},{"damage_healed":0,"gold_gain":0,"player_choice":"Gave Potion","damage_taken":0,"relics_obtained":["Pear"],"max_hp_gain":0,"max_hp_loss":0,"event_name":"WeMeetAgain","floor":11,"gold_loss":0},{"damage_healed":0,"gold_gain":0,"player_choice":"Inject Mutagens","damage_taken":0,"relics_obtained":["MutagenicStrength"],"max_hp_gain":0,"max_hp_loss":0,"event_name":"Drug Dealer","floor":21,"gold_loss":0},{"damage_healed":0,"gold_gain":0,"player_choice":"Obtained Book","damage_taken":16,"max_hp_gain":0,"max_hp_loss":0,"event_name":"Cursed Tome","floor":25,"gold_loss":0},{"cards_removed":["Defend_B"],"damage_healed":0,"gold_gain":0,"player_choice":"Elegance","damage_taken":0,"max_hp_gain":0,"max_hp_loss":0,"event_name":"Back to Basics","floor":29,"gold_loss":0},{"damage_healed":0,"gold_gain":0,"player_choice":"Paid","damage_taken":0,"relics_obtained":["Red Mask"],"max_hp_gain":0,"max_hp_loss":0,"event_name":"Tomb of Lord Red Mask","floor":37,"gold_loss":19},{"damage_healed":0,"gold_gain":0,"player_choice":"Memory 1","damage_taken":0,"max_hp_gain":0,"max_hp_loss":0,"event_name":"SensoryStone","floor":38,"gold_loss":0},{"damage_healed":23,"gold_gain":0,"player_choice":"Writhe","damage_taken":0,"max_hp_gain":0,"max_hp_loss":0,"event_name":"Winding Halls","floor":45,"gold_loss":0,"cards_obtained":["Writhe"]}],"is_beta":false,"boss_relics":[{"not_picked":["Calling Bell","Black Star"],"picked":"Ectoplasm"},{"not_picked":["Fusion Hammer","White Beast Statue"],"picked":"Inserter"}],"items_purged_floors":[],"is_endless":false,"potions_floor_spawned":[1,4,12,24,27,31,33,35,47,54],"killed_by":"The Heart","ascension_level":1}