{"gold_per_floor":[117,117,192,204,204,204,204,204,227,257,6,19,19,39,39,39],"floor_reached":16,"playtime":679,"items_purged":["Clumsy"],"score":167,"play_id":"bee6c766-af81-40ed-99b8-3efd7962d748","local_time":"20190503231929","is_ascension_mode":true,"campfire_choices":[{"data":"Flame Barrier","floor":6,"key":"SMITH"},{"data":"True Grit","floor":8,"key":"SMITH"},{"data":"Bandage Up","floor":13,"key":"SMITH"},{"floor":15,"key":"REST"}],"neow_cost":"CURSE","seed_source_timestamp":343281120092000,"circlet_count":0,"master_deck":["AscendersBane","Strike_R","Strike_R","Strike_R","Strike_R","Strike_R","Defend_R","Defend_R","Defend_R","Defend_R","Bash","Offering","Flame Barrier+1","True Grit+1","Feel No Pain","Bandage Up+1","Uppercut","Havoc","Limit Break"],"relics":["Burning Blood","Bag of Marbles","Paper Frog","Lantern","Mummified Hand"],"potions_floor_usage":[10,16,16],"damage_taken":[{"damage":6,"enemies":"Small Slimes","floor":1,"turns":3},{"damage":7,"enemies":"Jaw Worm","floor":4,"turns":3},{"damage":38,"enemies":"Gremlin Nob","floor":10,"turns":6},{"damage":0,"enemies":"2 Louse","floor":12,"turns":1},{"damage":1,"enemies":"Red Slaver","floor":14,"turns":4},{"damage":73,"enemies":"Slime Boss","floor":16,"turns":11}],"seed_played":"4998072042875687523","potions_obtained":[{"floor":4,"key":"SpeedPotion"},{"floor":10,"key":"Energy Potion"},{"floor":14,"key":"BloodPotion"}],"is_trial":false,"path_per_floor":["M","?","?","M","?","R","T","R","T","E","$","M","R","M","R","B"],"character_chosen":"IRONCLAD","items_purchased":["Bandage Up","Uppercut"],"campfire_rested":1,"item_purchase_floors":[11,11],"current_hp_per_floor":[68,68,57,56,49,49,49,49,49,17,17,23,23,34,56,0],"gold":39,"neow_bonus":"THREE_RARE_CARDS","is_prod":false,"is_daily":false,"chose_seed":false,"campfire_upgraded":3,"win_rate":0,"timestamp":1556918369,"path_taken":["M","?","?","M","?","R","?","R","T","E","$","M","R","M","R","BOSS"],"build_version":"2019-01-23","purchased_purges":1,"victory":false,"max_hp_per_floor":[75,75,75,75,75,75,75,75,75,75,75,75,75,75,75,75],"card_choices":[{"not_picked":["Fiend Fire","Dark Embrace"],"picked":"Offering","floor":0},{"not_picked":["Seeing Red","Flex"],"picked":"Flame Barrier","floor":1},{"not_picked":["Evolve","Pommel Strike"],"picked":"True Grit","floor":4},{"not_picked":["Warcry","Burning Pact"],"picked":"Feel No Pain","floor":10},{"not_picked":["Flex","Anger"],"picked":"Havoc","floor":12},{"not_picked":["Havoc","Iron Wave"],"picked":"Limit Break","floor":14}],"player_experience":1049068,"relics_obtained":[{"floor":7,"key":"Paper Frog"},{"floor":9,"key":"Lantern"},{"floor":10,"key":"Mummified Hand"}],"event_choices":[{"damage_healed":0,"gold_gain":0,"player_choice":"Box","damage_taken":0,"relics_obtained":["Bag of Marbles"],"max_hp_gain":0,"max_hp_loss":0,"event_name":"Big Fish","floor":2,"gold_loss":0,"cards_obtained":["Regret"]},{"damage_healed":0,"gold_gain":75,"player_choice":"Gather Gold","damage_taken":11,"max_hp_gain":0,"max_hp_loss":0,"event_name":"World of Goop","floor":3,"gold_loss":0},{"cards_removed":["Regret"],"damage_healed":0,"gold_gain":0,"player_choice":"Card Removal","damage_taken":7,"max_hp_gain":0,"max_hp_loss":0,"event_name":"Golden Wing","floor":5,"gold_loss":0}],"is_beta":false,"boss_relics":[],"items_purged_floors":[11],"is_endless":false,"potions_floor_spawned":[4,10,14],"killed_by":"Slime Boss","ascension_level":14}