{"gold_per_floor":[114,128,138,150,164,164,189,245,245,245,256,268,284,295,295,395,395,412,425,276,291,216,245,262,262,262,262,273,307,323,340,340,435,435,448,467,467,249,249,280,280,299,299,329,429,444,490,46,46,46],"floor_reached":51,"playtime":3108,"items_purged":["Strike_R","Strike_R"],"score":830,"play_id":"1a9b52d8-e8d3-43d0-9065-beed08146dbe","local_time":"20190203161047","is_ascension_mode":false,"campfire_choices":[{"data":"Bash","floor":6,"key":"SMITH"},{"floor":10,"key":"REST"},{"data":"Armaments","floor":15,"key":"SMITH"},{"data":"Flame Barrier","floor":25,"key":"SMITH"},{"data":"Limit Break","floor":32,"key":"SMITH"},{"data":"Limit Break","floor":41,"key":"SMITH"},{"floor":49,"key":"REST"}],"neow_cost":"NONE","seed_source_timestamp":2142328674734212,"circlet_count":0,"master_deck":["Defend_R","Defend_R","Defend_R","Defend_R","Bash+1","Clothesline","Spot Weakness","Second Wind","Seeing Red","Armaments+1","Feel No Pain","Flame Barrier+1","Limit Break+1","Corruption","Limit Break+1","Infernal Blade+1","Clumsy","Juggernaut","Juggernaut","Reaper","True Grit+1","Impervious","Decay","Disarm+1","Feel No Pain+1","Regret","Whirlwind+1","Reaper","Transmutation","Dual Wield"],"relics":["Burning Blood","Oddly Smooth Stone","Pocketwatch","Torii","Cursed Key","Du-Vu Doll","Dream Catcher","Orichalcum","Empty Cage","Paper Frog","Pantograph","Gambling Chip","Happy Flower","Magic Flower","Thread and Needle"],"potions_floor_usage":[7,8,16,16,23,23,29,33,33,33,40,50],"damage_taken":[{"damage":4,"enemies":"Cultist","floor":1,"turns":4},{"damage":9,"enemies":"Jaw Worm","floor":2,"turns":4},{"damage":5,"enemies":"Small Slimes","floor":3,"turns":4},{"damage":6,"enemies":"3 Louse","floor":4,"turns":4},{"damage":27,"enemies":"Gremlin Gang","floor":5,"turns":4},{"damage":35,"enemies":"3 Sentries","floor":7,"turns":7},{"damage":24,"enemies":"Gremlin Nob","floor":8,"turns":5},{"damage":3,"enemies":"Lots of Slimes","floor":11,"turns":4},{"damage":6,"enemies":"Large Slime","floor":12,"turns":6},{"damage":7,"enemies":"Exordium Thugs","floor":13,"turns":4},{"damage":1,"enemies":"Red Slaver","floor":14,"turns":3},{"damage":5,"enemies":"Hexaghost","floor":16,"turns":9},{"damage":14,"enemies":"3 Byrds","floor":18,"turns":5},{"damage":10,"enemies":"Spheric Guardian","floor":19,"turns":5},{"damage":11,"enemies":"Shelled Parasite and Fungi","floor":21,"turns":9},{"damage":16,"enemies":"Book of Stabbing","floor":23,"turns":5},{"damage":1,"enemies":"Snake Plant","floor":24,"turns":3},{"damage":2,"enemies":"Chosen and Byrds","floor":28,"turns":4},{"damage":40,"enemies":"Gremlin Leader","floor":29,"turns":7},{"damage":7,"enemies":"Centurion and Healer","floor":30,"turns":5},{"damage":8,"enemies":"Shelled Parasite and Fungi","floor":31,"turns":3},{"damage":18,"enemies":"Collector","floor":33,"turns":7},{"damage":1,"enemies":"3 Shapes","floor":35,"turns":5},{"damage":11,"enemies":"3 Darklings","floor":36,"turns":6},{"damage":60,"enemies":"Reptomancer","floor":40,"turns":6},{"damage":52,"enemies":"Writhing Mass","floor":42,"turns":7},{"damage":3,"enemies":"Giant Head","floor":44,"turns":8},{"damage":5,"enemies":"Mind Bloom Boss Battle","floor":45,"turns":6},{"damage":32,"enemies":"Transient","floor":46,"turns":5},{"damage":34,"enemies":"2 Orb Walkers","floor":47,"turns":5},{"damage":0,"enemies":"Time Eater","floor":50,"turns":11}],"seed_played":"-358313580363994299","potions_obtained":[{"floor":3,"key":"SpeedPotion"},{"floor":4,"key":"GamblersBrew"},{"floor":5,"key":"Weak Potion"},{"floor":8,"key":"Poison Potion"},{"floor":11,"key":"LiquidBronze"},{"floor":14,"key":"LiquidBronze"},{"floor":16,"key":"Poison Potion"},{"floor":18,"key":"Weak Potion"},{"floor":24,"key":"Fire Potion"},{"floor":29,"key":"Strength Potion"},{"floor":31,"key":"Strength Potion"},{"floor":35,"key":"Block Potion"},{"floor":44,"key":"Strength Potion"},{"floor":47,"key":"Swift Potion"}],"is_trial":false,"path_per_floor":["M","M","M","M","M","R","E","?","T","R","M","M","M","M","R","B",null,"M","M","$","M","?","E","M","R","T","?","M","E","M","M","R","B",null,"M","M","?","$","T","E","R","M","T","E","?","M","?","$","R","B",null],"character_chosen":"IRONCLAD","items_purchased":["Corruption","Limit Break","Impervious","Reaper","Transmutation"],"campfire_rested":2,"item_purchase_floors":[20,20,38,48,48],"current_hp_per_floor":[80,77,78,78,57,57,28,10,10,34,37,37,36,41,41,42,80,72,68,68,63,63,53,58,58,58,58,62,28,27,25,25,13,80,80,80,80,80,80,59,59,13,13,80,80,80,55,55,79,80],"gold":46,"neow_bonus":"ONE_RANDOM_RARE_CARD","is_prod":false,"is_daily":false,"chose_seed":false,"campfire_upgraded":5,"win_rate":0,"timestamp":1549239047,"path_taken":["M","?","M","M","M","R","E","?","T","R","M","M","M","M","R","BOSS","M","M","$","M","?","E","M","R","T","?","?","E","?","M","R","BOSS","M","M","?","$","?","E","R","?","T","E","?","M","?","$","R","BOSS"],"build_version":"2019-01-23","purchased_purges":2,"victory":true,"max_hp_per_floor":[80,80,80,80,80,80,80,80,80,80,80,80,80,80,80,80,80,80,80,80,80,80,80,80,80,80,80,80,80,80,80,80,80,80,80,80,80,80,80,80,80,80,80,80,80,80,80,80,80,80],"card_choices":[{"not_picked":["Carnage","Rupture"],"picked":"Clothesline","floor":1},{"not_picked":["Cleave","Twin Strike","Uppercut"],"picked":"SKIP","floor":2},{"not_picked":["Anger","Clothesline"],"picked":"Spot Weakness","floor":3},{"not_picked":["Power Through","Twin Strike","Iron Wave"],"picked":"SKIP","floor":4},{"not_picked":["Twin Strike","Havoc"],"picked":"Second Wind","floor":5},{"not_picked":["Hemokinesis","Headbutt"],"picked":"Seeing Red","floor":7},{"not_picked":["Fire Breathing","Pommel Strike"],"picked":"Armaments","floor":8},{"not_picked":["Rampage","Armaments","Rupture"],"picked":"SKIP","floor":11},{"not_picked":["Sentinel","Reckless Charge"],"picked":"Feel No Pain","floor":12},{"not_picked":["Perfected Strike","Twin Strike"],"picked":"Flame Barrier","floor":13},{"not_picked":["Cleave","Clothesline","Pommel Strike"],"picked":"SKIP","floor":14},{"not_picked":["Brutality","Double Tap"],"picked":"Limit Break","floor":16},{"not_picked":["Cleave","Hemokinesis","Twin Strike"],"picked":"SKIP","floor":18},{"not_picked":["Cleave+1","Uppercut","Anger"],"picked":"SKIP","floor":19},{"not_picked":["Wild Strike","Clash"],"picked":"Infernal Blade+1","floor":21},{"not_picked":["Entrench","Iron Wave","Battle Trance"],"picked":"SKIP","floor":23},{"not_picked":["Rampage","Inflame","Bloodletting+1"],"picked":"SKIP","floor":24},{"not_picked":["Bloodletting","Sever Soul+1","Iron Wave"],"picked":"SKIP","floor":28},{"not_picked":["Evolve","Perfected Strike","Iron Wave"],"picked":"SKIP","floor":29},{"not_picked":["Warcry","Sentinel"],"picked":"Juggernaut","floor":30},{"not_picked":["Heavy Blade+1","Armaments","Twin Strike+1"],"picked":"SKIP","floor":31},{"not_picked":["Limit Break","Demon Form"],"picked":"Reaper","floor":33},{"not_picked":["Fire Breathing","Wild Strike"],"picked":"True Grit+1","floor":35},{"not_picked":["Sword Boomerang+1","Pommel Strike+1"],"picked":"Evolve+1","floor":36},{"not_picked":["Cleave","Bloodletting+1"],"picked":"Disarm+1","floor":40},{"not_picked":["Cleave+1","Warcry"],"picked":"Feel No Pain+1","floor":42},{"not_picked":["Bloodletting","Wild Strike+1"],"picked":"Whirlwind+1","floor":44},{"not_picked":["Havoc","Whirlwind+1","Thunderclap+1"],"picked":"SKIP","floor":46},{"not_picked":["Twin Strike+1","Iron Wave"],"picked":"Dual Wield","floor":49}],"player_experience":401599,"relics_obtained":[{"floor":7,"key":"Oddly Smooth Stone"},{"floor":8,"key":"Pocketwatch"},{"floor":9,"key":"Torii"},{"floor":23,"key":"Du-Vu Doll"},{"floor":26,"key":"Dream Catcher"},{"floor":29,"key":"Orichalcum"},{"floor":39,"key":"Paper Frog"},{"floor":40,"key":"Pantograph"},{"floor":43,"key":"Gambling Chip"},{"floor":44,"key":"Happy Flower"},{"floor":45,"key":"Magic Flower"},{"floor":47,"key":"Thread and Needle"}],"event_choices":[{"damage_healed":0,"gold_gain":30,"player_choice":"Searched \u00273\u0027 times","damage_taken":0,"max_hp_gain":0,"max_hp_loss":0,"event_name":"Dead Adventurer","floor":8,"gold_loss":0},{"cards_removed":["Strike_R"],"damage_healed":0,"gold_gain":0,"player_choice":"Gave Gold","damage_taken":0,"max_hp_gain":0,"max_hp_loss":0,"event_name":"Beggar","floor":22,"gold_loss":75},{"damage_healed":0,"gold_gain":0,"cards_transformed":["Dark Embrace"],"player_choice":"Transformed","damage_taken":0,"max_hp_gain":0,"max_hp_loss":0,"event_name":"Transmorgrifier","floor":27,"gold_loss":0,"cards_obtained":["Juggernaut"]},{"cards_removed":["Evolve"],"damage_healed":0,"gold_gain":0,"player_choice":"Offered Uncommon","damage_taken":0,"max_hp_gain":0,"max_hp_loss":0,"event_name":"Bonfire Elementals","floor":37,"gold_loss":0},{"damage_healed":0,"gold_gain":0,"player_choice":"Fight","damage_taken":0,"max_hp_gain":0,"max_hp_loss":0,"event_name":"MindBloom","floor":45,"gold_loss":0},{"damage_healed":0,"gold_gain":0,"player_choice":"Fight","damage_taken":0,"max_hp_gain":0,"max_hp_loss":0,"event_name":"Mysterious Sphere","floor":47,"gold_loss":0}],"is_beta":false,"boss_relics":[{"not_picked":["Snecko Eye","Runic Cube"],"picked":"Cursed Key"},{"not_picked":["Orrery","Tiny House"],"picked":"Empty Cage"}],"items_purged_floors":[38,48],"is_endless":false,"potions_floor_spawned":[3,4,5,8,11,14,16,18,24,29,31,35,44,47],"ascension_level":0}