{"gold_per_floor":[118,130,148,165,177,203,203,230,230,121,135,35,69,80,80,179,179,190,155,165,90,90,90,116,116,141,141,167,167,181,207,207,207],"floor_reached":33,"playtime":1230,"items_purged":["Strike_R","Strike_R"],"score":295,"play_id":"054e04c0-6016-4b03-b849-f932eca78c92","local_time":"20180917111844","is_ascension_mode":false,"campfire_choices":[{"data":"Bash","floor":7,"key":"SMITH"},{"data":"Bludgeon","floor":15,"key":"SMITH"},{"floor":23,"key":"REST"},{"floor":25,"key":"REST"},{"floor":29,"key":"REST"},{"floor":32,"key":"REST"}],"neow_cost":"NONE","seed_source_timestamp":304994596502359,"circlet_count":0,"master_deck":["Strike_R","Strike_R","Defend_R","Defend_R","Defend_R","Defend_R","Bash+1","Clash","Rampage","Iron Wave","Rage","Bludgeon+1","Clash","Metallicize","Fiend Fire","Sentinel","Feel No Pain+1","Flame Barrier+1","Seeing Red+1"],"relics":["Burning Blood","NeowsBlessing","Vajra","Odd Mushroom","Dead Branch","Thread and Needle","Fusion Hammer","Pocketwatch","Juzu Bracelet","Art of War","Red Mask"],"potions_floor_usage":[8,20,20,28],"damage_taken":[{"damage":0,"enemies":"Cultist","floor":1,"turns":1},{"damage":0,"enemies":"Small Slimes","floor":2,"turns":1},{"damage":0,"enemies":"2 Louse","floor":3,"turns":1},{"damage":1,"enemies":"2 Fungi Beasts","floor":4,"turns":3},{"damage":4,"enemies":"Blue Slaver","floor":5,"turns":3},{"damage":17,"enemies":"Gremlin Nob","floor":6,"turns":4},{"damage":5,"enemies":"The Mushroom Lair","floor":8,"turns":5},{"damage":12,"enemies":"Gremlin Gang","floor":11,"turns":4},{"damage":10,"enemies":"Lagavulin","floor":13,"turns":5},{"damage":0,"enemies":"Exordium Wildlife","floor":14,"turns":3},{"damage":9,"enemies":"Slime Boss","floor":16,"turns":10},{"damage":0,"enemies":"Spheric Guardian","floor":18,"turns":2},{"damage":0,"enemies":"3 Byrds","floor":20,"turns":4},{"damage":7,"enemies":"Book of Stabbing","floor":24,"turns":6},{"damage":25,"enemies":"Gremlin Leader","floor":28,"turns":5},{"damage":0,"enemies":"Centurion and Healer","floor":30,"turns":6},{"damage":0,"enemies":"Masked Bandits","floor":31,"turns":3},{"damage":93,"enemies":"Automaton","floor":33,"turns":12}],"seed_played":"8002187324041164345","potions_obtained":[{"floor":2,"key":"SmokeBomb"},{"floor":3,"key":"Regen Potion"},{"floor":5,"key":"EssenceOfSteel"},{"floor":6,"key":"Strength Potion"},{"floor":14,"key":"Weak Potion"},{"floor":20,"key":"Ancient Potion"}],"is_trial":false,"path_per_floor":["M","M","M","M","M","E","R","?","T","$","M","$","E","M","R","B",null,"M","$","M","?","?","R","E","R","T","$","E","R","M","?","R"],"character_chosen":"IRONCLAD","items_purchased":["Metallicize","Feel No Pain"],"campfire_rested":4,"item_purchase_floors":[10,19],"current_hp_per_floor":[80,80,80,80,80,69,69,80,80,80,74,74,70,76,76,73,80,80,80,80,80,80,80,79,80,80,80,61,80,80,80,80,0],"gold":207,"neow_bonus":"THREE_ENEMY_KILL","is_prod":false,"is_daily":false,"chose_seed":false,"campfire_upgraded":2,"win_rate":0,"timestamp":1537208324,"path_taken":["M","M","M","M","M","E","R","?","T","$","?","?","E","M","R","BOSS","M","$","M","?","?","R","E","R","T","$","E","R","M","?","R","BOSS"],"build_version":"2018-09-06","purchased_purges":2,"victory":false,"max_hp_per_floor":[80,80,80,80,80,80,80,80,80,80,80,80,80,80,80,80,80,80,80,80,80,80,80,80,80,80,80,80,80,80,80,80,80],"card_choices":[{"not_picked":["Wild Strike","Sentinel"],"picked":"Clash","floor":1},{"not_picked":["Anger","Shrug It Off"],"picked":"Rampage","floor":2},{"not_picked":["Corruption","Blood for Blood"],"picked":"Iron Wave","floor":3},{"not_picked":["Intimidate","Rampage"],"picked":"Rage","floor":4},{"not_picked":["Sword Boomerang","Pommel Strike"],"picked":"Bludgeon","floor":5},{"not_picked":["Cleave","Combust","Bludgeon"],"picked":"SKIP","floor":6},{"not_picked":["Flex","Thunderclap"],"picked":"Clash","floor":8},{"not_picked":["Second Wind","Twin Strike","Bloodletting"],"picked":"SKIP","floor":11},{"not_picked":["Iron Wave","Entrench","Clash"],"picked":"SKIP","floor":13},{"not_picked":["Entrench","Warcry","Twin Strike"],"picked":"SKIP","floor":14},{"not_picked":["Exhume","Reaper"],"picked":"Fiend Fire","floor":16},{"not_picked":["Armaments","Pommel Strike+1"],"picked":"Sentinel","floor":18},{"not_picked":["Heavy Blade+1","Metallicize"],"picked":"Flame Barrier+1","floor":20},{"not_picked":["Twin Strike","Clothesline"],"picked":"Seeing Red+1","floor":24},{"not_picked":["Blood for Blood","Twin Strike","Havoc+1"],"picked":"SKIP","floor":28},{"not_picked":["Anger","Heavy Blade","Clash+1"],"picked":"SKIP","floor":30}],"player_experience":235203,"relics_obtained":[{"floor":6,"key":"Vajra"},{"floor":8,"key":"Odd Mushroom"},{"floor":9,"key":"Dead Branch"},{"floor":13,"key":"Thread and Needle"},{"floor":24,"key":"Pocketwatch"},{"floor":26,"key":"Juzu Bracelet"},{"floor":28,"key":"Art of War"},{"floor":31,"key":"Red Mask"}],"event_choices":[{"event_name":"Mushrooms","player_choice":"Fought Mushrooms","floor":8,"damage_taken":0},{"event_name":"Beggar","player_choice":"Gave Gold","floor":21,"damage_taken":0},{"event_name":"Accursed Blacksmith","player_choice":"Forge","floor":22,"damage_taken":0},{"event_name":"Masked Bandits","player_choice":"Fought Bandits","floor":31,"damage_taken":0}],"is_beta":false,"boss_relics":[{"not_picked":["Lizard Tail","Tiny House"],"picked":"Fusion Hammer"}],"items_purged_floors":[10,12],"is_endless":false,"potions_floor_spawned":[2,3,5,6,14,16,18,20],"killed_by":"Automaton","ascension_level":0}