{"gold_per_floor":[115,125,125,143,143,143,177,38,63,97,97,97,108,121,121,217,217,232,182,202,165,183,183],"floor_reached":23,"playtime":2586,"items_purged":[],"score":251,"play_id":"cd43697b-b358-44eb-9b3c-d520d42e7630","local_time":"20190426114801","is_ascension_mode":true,"campfire_choices":[{"data":"Coolheaded","floor":6,"key":"SMITH"},{"data":"Electrodynamics","floor":11,"key":"SMITH"},{"floor":15,"key":"REST"}],"neow_cost":"NONE","seed_source_timestamp":1428575017341500,"circlet_count":0,"master_deck":["Strike_B","Strike_B","Defend_B","Defend_B","Defend_B","Defend_B","Zap+1","Dualcast","Blizzard","Coolheaded+1","Cold Snap","Electrodynamics+1","Ball Lightning","Ball Lightning","Electrodynamics","Barrage","Creative AI","Glacier","Capacitor+1","Defragment","Hologram+1"],"relics":["Cracked Core","NeowsBlessing","Strawberry","Orichalcum","Dream Catcher","Sozu"],"potions_floor_usage":[7,16,16,16],"damage_taken":[{"damage":0,"enemies":"2 Louse","floor":1,"turns":1},{"damage":0,"enemies":"Cultist","floor":2,"turns":1},{"damage":0,"enemies":"Small Slimes","floor":4,"turns":1},{"damage":38,"enemies":"Lagavulin","floor":7,"turns":7},{"damage":13,"enemies":"Gremlin Nob","floor":10,"turns":5},{"damage":5,"enemies":"Blue Slaver","floor":13,"turns":2},{"damage":9,"enemies":"Red Slaver","floor":14,"turns":2},{"damage":25,"enemies":"The Guardian","floor":16,"turns":10},{"damage":10,"enemies":"3 Byrds","floor":18,"turns":2},{"damage":15,"enemies":"Spheric Guardian","floor":20,"turns":4},{"damage":33,"enemies":"Snake Plant","floor":22,"turns":4},{"damage":4,"enemies":"Book of Stabbing","floor":23,"turns":2}],"seed_played":"-6042864250864755946","potions_obtained":[{"floor":2,"key":"PowerPotion"},{"floor":7,"key":"SpeedPotion"},{"floor":10,"key":"Energy Potion"},{"floor":13,"key":"FearPotion"}],"is_trial":false,"path_per_floor":["M","M","?","M","?","R","E","$","T","E","R","?","M","M","R","B",null,"M","?","M","$","M","E"],"character_chosen":"DEFECT","items_purchased":["Electrodynamics","Defragment"],"campfire_rested":1,"item_purchase_floors":[8,21],"current_hp_per_floor":[75,75,75,75,68,68,37,37,37,24,24,24,19,10,34,9,64,54,54,39,39,6,2],"gold":183,"neow_bonus":"THREE_ENEMY_KILL","is_prod":false,"is_daily":false,"chose_seed":false,"campfire_upgraded":2,"win_rate":0,"timestamp":1556272081,"path_taken":["M","M","?","?","?","R","E","$","T","E","R","?","M","M","R","BOSS","M","?","?","$","M","E"],"build_version":"2019-01-23","purchased_purges":0,"victory":false,"max_hp_per_floor":[75,75,75,75,75,75,82,82,82,82,82,82,82,82,82,82,82,82,82,82,82,82,82],"card_choices":[{"not_picked":["Redo","Hologram"],"picked":"Blizzard","floor":1},{"not_picked":["Force Field","Rebound","Lockon"],"picked":"SKIP","floor":2},{"not_picked":["Storm","Scrape"],"picked":"Coolheaded","floor":4},{"not_picked":["Conserve Battery","Stack"],"picked":"Cold Snap","floor":7},{"not_picked":["Storm","Melter"],"picked":"Ball Lightning","floor":10},{"not_picked":["Hologram","Chaos"],"picked":"Ball Lightning","floor":13},{"not_picked":["Gash","Coolheaded"],"picked":"Electrodynamics","floor":14},{"not_picked":["Leap","Gash"],"picked":"Barrage","floor":15},{"not_picked":["Rainbow","Electrodynamics"],"picked":"Creative AI","floor":16},{"not_picked":["Beam Cell","Stack+1"],"picked":"Glacier","floor":18},{"not_picked":["Rebound","Glacier+1"],"picked":"Capacitor+1","floor":20},{"not_picked":["Conserve Battery","Compile Driver"],"picked":"Hologram+1","floor":22}],"player_experience":718115,"relics_obtained":[{"floor":7,"key":"Strawberry"},{"floor":9,"key":"Orichalcum"},{"floor":10,"key":"Dream Catcher"}],"event_choices":[{"damage_healed":0,"gold_gain":0,"player_choice":"Upgraded","damage_taken":0,"max_hp_gain":0,"max_hp_loss":0,"event_name":"Upgrade Shrine","floor":3,"gold_loss":0,"cards_upgraded":["Zap"]},{"cards_removed":["Strike_B"],"damage_healed":0,"gold_gain":0,"player_choice":"Card Removal","damage_taken":7,"max_hp_gain":0,"max_hp_loss":0,"event_name":"Golden Wing","floor":5,"gold_loss":0},{"cards_removed":["Strike_B"],"damage_healed":0,"gold_gain":0,"player_choice":"Offered Basic","damage_taken":0,"max_hp_gain":0,"max_hp_loss":0,"event_name":"Bonfire Elementals","floor":12,"gold_loss":0},{"damage_healed":0,"gold_gain":0,"player_choice":"Bet on Owner","damage_taken":0,"max_hp_gain":0,"max_hp_loss":0,"event_name":"The Joust","floor":19,"gold_loss":50}],"is_beta":false,"boss_relics":[{"not_picked":["Runic Pyramid","Velvet Choker"],"picked":"Sozu"}],"items_purged_floors":[],"is_endless":false,"potions_floor_spawned":[2,7,10,13,20],"killed_by":"Book of Stabbing","ascension_level":5}