{"gold_per_floor":[115,126,139,214,100,100,119,119,119,136,151,151,79,93,93,196,196,176,190,90,90,102,102,102,121,144,177,177,192,0,0],"floor_reached":31,"playtime":1530,"items_purged":["Strike_B","Defend_B"],"score":298,"play_id":"822c9195-b601-46da-b722-15ed3c92c8fb","local_time":"20181127133028","is_ascension_mode":true,"campfire_choices":[{"data":"Storm","floor":6,"key":"SMITH"},{"data":"Conserve Battery","floor":8,"key":"SMITH"},{"floor":15,"key":"REST"},{"floor":23,"key":"REST"},{"floor":28,"key":"REST"}],"neow_cost":"NONE","seed_source_timestamp":710951849160247,"circlet_count":0,"master_deck":["Strike_B","Strike_B","Defend_B","Defend_B","Defend_B","Zap","Dualcast","Storm+1","Conserve Battery+1","Capacitor","Auto Shields","Reboot","Defragment","Biased Cognition","Defragment+1","Writhe","Amplify"],"relics":["Cracked Core","Bag of Preparation","Inserter","Symbiotic Virus","DataDisk","Red Mask","Toy Ornithopter"],"potions_floor_usage":[10,14,16,22,27],"damage_taken":[{"damage":2,"enemies":"Small Slimes","floor":1,"turns":3},{"damage":2,"enemies":"2 Louse","floor":2,"turns":2},{"damage":3,"enemies":"Jaw Worm","floor":3,"turns":4},{"damage":0,"enemies":"Large Slime","floor":7,"turns":5},{"damage":2,"enemies":"Red Slaver","floor":10,"turns":5},{"damage":27,"enemies":"Lots of Slimes","floor":11,"turns":7},{"damage":17,"enemies":"Large Slime","floor":14,"turns":5},{"damage":20,"enemies":"Hexaghost","floor":16,"turns":10},{"damage":21,"enemies":"2 Thieves","floor":18,"turns":4},{"damage":9,"enemies":"3 Byrds","floor":19,"turns":3},{"damage":11,"enemies":"Centurion and Healer","floor":22,"turns":5},{"damage":24,"enemies":"Chosen and Byrds","floor":25,"turns":4},{"damage":5,"enemies":"Masked Bandits","floor":27,"turns":4},{"damage":29,"enemies":"Shelled Parasite and Fungi","floor":29,"turns":5},{"damage":24,"enemies":"Slavers","floor":31,"turns":2}],"seed_played":"3612041495558877384","potions_obtained":[{"floor":1,"key":"Dexterity Potion"},{"floor":10,"key":"FearPotion"},{"floor":14,"key":"Regen Potion"},{"floor":19,"key":"Explosive Potion"},{"floor":25,"key":"SkillPotion"}],"is_trial":false,"path_per_floor":["M","M","M","?","$","R","M","R","T","M","M","?","$","M","R","B",null,"M","M","$","?","M","R","?","M","T","?","R","M","$","E"],"character_chosen":"DEFECT","items_purchased":["Capacitor","Defragment","Toy Ornithopter"],"campfire_rested":3,"item_purchase_floors":[5,13,30],"current_hp_per_floor":[73,71,68,57,57,57,57,57,57,55,28,28,28,11,35,30,69,48,39,39,39,28,52,52,28,28,23,47,18,18,0],"gold":0,"neow_bonus":"TEN_PERCENT_HP_BONUS","is_prod":false,"is_daily":false,"chose_seed":false,"campfire_upgraded":2,"win_rate":0,"timestamp":1543321828,"path_taken":["M","M","M","?","$","R","M","R","T","M","M","?","$","M","R","BOSS","M","M","$","?","M","R","?","M","T","?","R","M","$","E"],"build_version":"2018-11-15","purchased_purges":2,"victory":false,"max_hp_per_floor":[82,82,82,82,82,82,82,82,82,82,82,82,82,82,82,82,82,82,82,82,82,82,82,82,82,82,82,82,82,82,82],"card_choices":[{"not_picked":["Heatsinks","Hologram"],"picked":"Storm","floor":1},{"not_picked":["Rebound","Undo","Beam Cell"],"picked":"SKIP","floor":2},{"not_picked":["Sweeping Beam","Turbo"],"picked":"Conserve Battery","floor":3},{"not_picked":["Hello World","Double Energy","Hologram"],"picked":"SKIP","floor":7},{"not_picked":["Rebound","Steam"],"picked":"Auto Shields","floor":10},{"not_picked":["Gash","Glacier"],"picked":"Reboot","floor":11},{"not_picked":["Cold Snap","Sweeping Beam","Hologram"],"picked":"SKIP","floor":14},{"not_picked":["Reboot","Meteor Strike"],"picked":"Biased Cognition","floor":16},{"not_picked":["Sweeping Beam","Loop+1"],"picked":"Defragment+1","floor":18},{"not_picked":["Gash+1","Sweeping Beam","Conserve Battery"],"picked":"SKIP","floor":19},{"not_picked":["Steam+1","Stack","Hologram"],"picked":"SKIP","floor":22},{"not_picked":["Sweeping Beam+1","Turbo","Steam+1"],"picked":"SKIP","floor":25},{"not_picked":["Go for the Eyes","Fusion"],"picked":"Amplify","floor":29}],"player_experience":258301,"relics_obtained":[{"floor":9,"key":"Bag of Preparation"},{"floor":26,"key":"DataDisk"},{"floor":27,"key":"Red Mask"}],"event_choices":[{"damage_healed":0,"gold_gain":75,"player_choice":"Gather Gold","damage_taken":11,"max_hp_gain":0,"max_hp_loss":0,"event_name":"World of Goop","floor":4,"gold_loss":0},{"damage_healed":0,"gold_gain":0,"player_choice":"Ignored","damage_taken":0,"max_hp_gain":0,"max_hp_loss":0,"event_name":"Liars Game","floor":12,"gold_loss":0},{"damage_healed":0,"gold_gain":0,"player_choice":"Opened","damage_taken":0,"relics_obtained":["Symbiotic Virus"],"max_hp_gain":0,"max_hp_loss":0,"event_name":"The Mausoleum","floor":21,"gold_loss":0,"cards_obtained":["Writhe"]},{"cards_removed":["Strike_B"],"damage_healed":0,"gold_gain":0,"player_choice":"Elegance","damage_taken":0,"max_hp_gain":0,"max_hp_loss":0,"event_name":"Back to Basics","floor":24,"gold_loss":0},{"damage_healed":0,"gold_gain":0,"player_choice":"Fought Bandits","damage_taken":0,"max_hp_gain":0,"max_hp_loss":0,"event_name":"Masked Bandits","floor":27,"gold_loss":0}],"is_beta":false,"boss_relics":[{"not_picked":["Busted Crown","Calling Bell"],"picked":"Inserter"}],"items_purged_floors":[5,20],"is_endless":false,"potions_floor_spawned":[1,10,14,19,25],"killed_by":"Slavers","ascension_level":6}