{"gold_per_floor":[117,1,13,29,29,54,74,74,74,101,111,111,122,87,87,190,190,205,15,15,15,15,40,40,38,38,38,13,13],"floor_reached":29,"playtime":932,"items_purged":["Strike_B"],"score":264,"play_id":"b3f7fe2e-2508-4713-b61e-2649ea1bdedb","local_time":"20181214203741","is_ascension_mode":true,"campfire_choices":[{"floor":8,"key":"RECALL"},{"floor":12,"key":"REST"},{"data":"Auto Shields","floor":15,"key":"SMITH"}],"neow_cost":"NONE","seed_source_timestamp":5253242456013,"circlet_count":0,"master_deck":["Strike_B","Strike_B","Strike_B","Defend_B","Defend_B","Defend_B","Defend_B","Zap","Dualcast","Stack","Melter","Gash","Glacier","Zap","Reboot","Reprogram","Buffer+1","Static Discharge+1","Auto Shields+1","Conserve Battery","Self Repair+1","Thunder Strike","Gash+1","Doom and Gloom","Capacitor+1","RitualDagger","Gash","Barrage","Conserve Battery"],"relics":["Cracked Core","Frozen Egg 2","Happy Flower","Sozu","Thread and Needle","Dream Catcher","Ornamental Fan"],"potions_floor_usage":[6,10,10,13,16,16],"damage_taken":[{"damage":6,"enemies":"Cultist","floor":1,"turns":3},{"damage":6,"enemies":"Jaw Worm","floor":3,"turns":2},{"damage":1,"enemies":"2 Louse","floor":4,"turns":2},{"damage":23,"enemies":"Lagavulin","floor":6,"turns":6},{"damage":0,"enemies":"2 Fungi Beasts","floor":7,"turns":3},{"damage":16,"enemies":"Gremlin Nob","floor":10,"turns":3},{"damage":0,"enemies":"Exordium Wildlife","floor":11,"turns":4},{"damage":0,"enemies":"Blue Slaver","floor":13,"turns":3},{"damage":15,"enemies":"The Guardian","floor":16,"turns":10},{"damage":0,"enemies":"Spheric Guardian","floor":18,"turns":2},{"damage":33,"enemies":"Book of Stabbing","floor":23,"turns":6},{"damage":29,"enemies":"2 Thieves","floor":25,"turns":4},{"damage":40,"enemies":"3 Cultists","floor":29,"turns":4}],"seed_played":"9068997434904754430","potions_obtained":[{"floor":6,"key":"Swift Potion"},{"floor":7,"key":"AttackPotion"},{"floor":10,"key":"Dexterity Potion"},{"floor":11,"key":"AttackPotion"},{"floor":13,"key":"Swift Potion"}],"is_trial":false,"path_per_floor":["M","$","M","M","?","E","M","R","T","E","M","R","M","?","R","B",null,"M","$","?","?","$","E","$","M","T","T","$","M"],"character_chosen":"DEFECT","items_purchased":["Melter","FearPotion","Doom and Gloom","Capacitor+1","Conserve Battery"],"campfire_rested":1,"item_purchase_floors":[2,2,19,19,28],"current_hp_per_floor":[76,76,70,69,69,46,46,46,46,30,30,54,54,74,74,69,82,82,82,76,76,76,53,53,34,34,34,34,0],"gold":13,"neow_bonus":"TEN_PERCENT_HP_BONUS","is_prod":false,"is_daily":false,"chose_seed":false,"campfire_upgraded":1,"win_rate":0,"timestamp":1544848661,"path_taken":["M","$","?","M","?","E","?","R","T","E","M","R","M","?","R","BOSS","M","$","?","?","$","E","?","M","T","?","?","?"],"build_version":"2018-12-13","purchased_purges":1,"victory":false,"max_hp_per_floor":[82,82,82,82,82,82,82,82,82,82,82,82,82,82,82,82,82,82,82,82,82,82,82,82,82,82,82,82,82],"card_choices":[{"not_picked":["Barrage","Turbo"],"picked":"Stack","floor":1},{"not_picked":["Hologram","Compile Driver"],"picked":"Gash","floor":3},{"not_picked":["Beam Cell","Turbo"],"picked":"Glacier","floor":4},{"not_picked":["Go for the Eyes","Biased Cognition"],"picked":"Buffer","floor":6},{"not_picked":["Stack","Compile Driver"],"picked":"Static Discharge+1","floor":7},{"not_picked":["Barrage","Recycle"],"picked":"Auto Shields","floor":10},{"not_picked":["Steam","Chill"],"picked":"Conserve Battery","floor":11},{"not_picked":["Glacier","Conserve Battery"],"picked":"Self Repair+1","floor":13},{"not_picked":["Reboot","Hyperbeam"],"picked":"Thunder Strike","floor":16},{"not_picked":["Go for the Eyes","Undo+1"],"picked":"Gash+1","floor":18},{"not_picked":["Conserve Battery","Cold Snap"],"picked":"Gash","floor":23},{"not_picked":["Stack","Steam Power"],"picked":"Barrage","floor":25}],"player_experience":264212,"relics_obtained":[{"floor":6,"key":"Frozen Egg 2"},{"floor":10,"key":"Happy Flower"},{"floor":23,"key":"Thread and Needle"},{"floor":26,"key":"Dream Catcher"},{"floor":27,"key":"Ornamental Fan"}],"event_choices":[{"damage_healed":0,"gold_gain":0,"player_choice":"3 cards matched","damage_taken":0,"max_hp_gain":0,"max_hp_loss":0,"event_name":"Match and Keep!","floor":5,"gold_loss":0,"cards_obtained":["Zap","Reboot","Reprogram"]},{"damage_healed":20,"gold_gain":0,"player_choice":"Healed","damage_taken":0,"max_hp_gain":0,"max_hp_loss":0,"event_name":"The Cleric","floor":14,"gold_loss":35},{"damage_healed":0,"gold_gain":0,"player_choice":"Joined the Cult","damage_taken":6,"max_hp_gain":0,"max_hp_loss":0,"event_name":"Nest","floor":20,"gold_loss":0,"cards_obtained":["RitualDagger"]}],"is_beta":false,"boss_relics":[{"not_picked":["Snecko Eye","Black Star"],"picked":"Sozu"}],"items_purged_floors":[19],"is_endless":false,"potions_floor_spawned":[6,7,10,11,13,23,25],"killed_by":"3 Cultists","ascension_level":1}