{"gold_per_floor":[116,134,151,166,179,205,205,218,218,218,249,249,262,281,281,281],"floor_reached":16,"playtime":610,"items_purged":[],"score":186,"play_id":"0f12208d-3eeb-4ef1-9f4b-405af202a7ba","local_time":"20190408084429","is_ascension_mode":true,"campfire_choices":[{"floor":7,"key":"REST"},{"floor":10,"key":"REST"},{"floor":12,"key":"REST"},{"floor":15,"key":"REST"}],"neow_cost":"NONE","seed_source_timestamp":176313538012102,"circlet_count":0,"master_deck":["AscendersBane","Strike_R","Strike_R","Strike_R","Strike_R","Strike_R","Defend_R","Defend_R","Defend_R","Defend_R","Bash","Spot Weakness","Spot Weakness","Headbutt","Heavy Blade","Dark Embrace","True Grit","Warcry","True Grit","Thunderclap","Inflame"],"relics":["Burning Blood","Bag of Preparation","Unceasing Top","Paper Frog","Vajra"],"potions_floor_usage":[4,16],"damage_taken":[{"damage":1,"enemies":"Cultist","floor":1,"turns":4},{"damage":13,"enemies":"2 Louse","floor":2,"turns":3},{"damage":2,"enemies":"Jaw Worm","floor":3,"turns":3},{"damage":30,"enemies":"Large Slime","floor":4,"turns":5},{"damage":6,"enemies":"Looter","floor":5,"turns":2},{"damage":37,"enemies":"Gremlin Nob","floor":6,"turns":4},{"damage":10,"enemies":"2 Fungi Beasts","floor":8,"turns":3},{"damage":50,"enemies":"3 Sentries","floor":11,"turns":7},{"damage":25,"enemies":"Exordium Wildlife","floor":13,"turns":3},{"damage":10,"enemies":"Gremlin Gang","floor":14,"turns":7},{"damage":56,"enemies":"Hexaghost","floor":16,"turns":9}],"seed_played":"8399285625118452318","potions_obtained":[{"floor":1,"key":"BloodPotion"},{"floor":2,"key":"LiquidBronze"},{"floor":6,"key":"EssenceOfSteel"},{"floor":8,"key":"SkillPotion"}],"is_trial":false,"path_per_floor":["M","M","M","M","M","E","R","M","T","R","E","R","M","M","R","B"],"character_chosen":"IRONCLAD","items_purchased":[],"campfire_rested":4,"item_purchase_floors":[],"current_hp_per_floor":[77,70,74,58,58,27,51,47,47,71,27,51,32,28,52,0],"gold":281,"neow_bonus":"RANDOM_COMMON_RELIC","is_prod":false,"is_daily":false,"chose_seed":false,"campfire_upgraded":0,"win_rate":0,"timestamp":1554738269,"path_taken":["M","?","M","M","?","E","R","M","T","R","E","R","M","M","R","BOSS"],"build_version":"2019-01-23","purchased_purges":0,"victory":false,"max_hp_per_floor":[80,80,80,80,80,80,80,80,80,80,80,80,80,80,80,80],"card_choices":[{"not_picked":["Sever Soul","Blood for Blood"],"picked":"Spot Weakness","floor":1},{"not_picked":["Pommel Strike","Wild Strike"],"picked":"Spot Weakness","floor":2},{"not_picked":["Intimidate","Armaments"],"picked":"Headbutt","floor":3},{"not_picked":["Spot Weakness","Uppercut"],"picked":"Heavy Blade","floor":4},{"not_picked":["Sword Boomerang","Pommel Strike"],"picked":"Dark Embrace","floor":5},{"not_picked":["Power Through","Body Slam"],"picked":"True Grit","floor":6},{"not_picked":["Armaments","Hemokinesis"],"picked":"Warcry","floor":8},{"not_picked":["Infernal Blade","Intimidate"],"picked":"True Grit","floor":11},{"not_picked":["Perfected Strike","Clash"],"picked":"Thunderclap","floor":13},{"not_picked":["Berserk","Clash"],"picked":"Inflame","floor":14}],"player_experience":388819,"relics_obtained":[{"floor":6,"key":"Unceasing Top"},{"floor":9,"key":"Paper Frog"},{"floor":11,"key":"Vajra"}],"event_choices":[],"is_beta":false,"boss_relics":[],"items_purged_floors":[],"is_endless":false,"potions_floor_spawned":[1,2,6,8],"killed_by":"Hexaghost","ascension_level":12}