{"gold_per_floor":[118,134,147,5,25,25,40,59,85,85,85,105,105,105,105,233,233,248,75,75,91,91,91],"floor_reached":23,"playtime":1201,"items_purged":["Defend_B"],"score":192,"play_id":"00ffeaf9-103f-4433-86f5-4b876be913e9","local_time":"20190315221815","is_ascension_mode":true,"campfire_choices":[{"data":"Streamline","floor":6,"key":"SMITH"},{"floor":11,"key":"REST"},{"floor":13,"key":"REST"},{"floor":15,"key":"REST"}],"neow_cost":"NONE","seed_source_timestamp":92972829222485,"circlet_count":0,"master_deck":["Strike_B","Strike_B","Strike_B","Defend_B","Defend_B","Defend_B","Zap+1","Dualcast","Redo","Streamline","Hologram","Biased Cognition","Streamline+1","Chaos","Beam Cell","Hologram","Creative AI","Self Repair","Defragment","Conserve Battery","Chill","Lockon","RitualDagger"],"relics":["Cracked Core","Art of War","Golden Idol","Velvet Choker"],"potions_floor_usage":[16,18,23],"damage_taken":[{"damage":0,"enemies":"Cultist","floor":1,"turns":4},{"damage":0,"enemies":"2 Louse","floor":2,"turns":2},{"damage":0,"enemies":"Small Slimes","floor":3,"turns":2},{"damage":7,"enemies":"Exordium Thugs","floor":5,"turns":4},{"damage":49,"enemies":"Gremlin Gang","floor":7,"turns":4},{"damage":11,"enemies":"2 Fungi Beasts","floor":8,"turns":3},{"damage":10,"enemies":"Lots of Slimes","floor":12,"turns":3},{"damage":12,"enemies":"Slime Boss","floor":16,"turns":7},{"damage":27,"enemies":"Shell Parasite","floor":18,"turns":6},{"damage":15,"enemies":"Spheric Guardian","floor":21,"turns":4},{"damage":38,"enemies":"Gremlin Leader","floor":23,"turns":6}],"seed_played":"-6096498828493469521","potions_obtained":[{"floor":1,"key":"SpeedPotion"},{"floor":8,"key":"Strength Potion"},{"floor":16,"key":"Ancient Potion"},{"floor":18,"key":"Swift Potion"}],"is_trial":false,"path_per_floor":["M","M","M","$","M","R","M","M","T","?","R","M","R","?","R","B",null,"M","$","?","M","?","E"],"character_chosen":"DEFECT","items_purchased":["Biased Cognition","Defragment","Conserve Battery"],"campfire_rested":3,"item_purchase_floors":[4,19,19],"current_hp_per_floor":[75,75,75,75,68,68,19,8,8,8,28,18,38,38,58,46,69,42,42,42,41,35,0],"gold":91,"neow_bonus":"UPGRADE_CARD","is_prod":false,"is_daily":false,"chose_seed":false,"campfire_upgraded":1,"win_rate":0,"timestamp":1552655895,"path_taken":["M","M","M","$","M","R","M","M","T","?","R","M","R","?","R","BOSS","M","$","?","M","?","E"],"build_version":"2019-01-23","purchased_purges":1,"victory":false,"max_hp_per_floor":[75,75,75,75,75,75,75,75,75,69,69,69,69,69,69,69,69,69,69,69,69,69,69],"card_choices":[{"not_picked":["Static Discharge","Compile Driver"],"picked":"Redo","floor":1},{"not_picked":["Consume","Recycle"],"picked":"Streamline","floor":2},{"not_picked":["Steam","Fusion"],"picked":"Hologram","floor":3},{"not_picked":["Ball Lightning","Aggregate"],"picked":"Streamline","floor":5},{"not_picked":["Turbo","Consume"],"picked":"Chaos","floor":7},{"not_picked":["Hologram","Gash"],"picked":"Beam Cell","floor":8},{"not_picked":["Capacitor","Redo"],"picked":"Hologram","floor":12},{"not_picked":["Rainbow","Thunder Strike"],"picked":"Creative AI","floor":16},{"not_picked":["Conserve Battery","Steam+1"],"picked":"Self Repair","floor":18},{"not_picked":["Compile Driver","Storm"],"picked":"Lockon","floor":21}],"player_experience":98434,"relics_obtained":[{"floor":9,"key":"Art of War"}],"event_choices":[{"damage_healed":0,"gold_gain":0,"player_choice":"Lose Max HP","damage_taken":0,"relics_obtained":["Golden Idol"],"max_hp_gain":0,"max_hp_loss":6,"event_name":"Golden Idol","floor":10,"gold_loss":0},{"cards_removed":["Strike_B"],"damage_healed":0,"gold_gain":0,"player_choice":"Forget","damage_taken":0,"max_hp_gain":0,"max_hp_loss":0,"event_name":"Living Wall","floor":14,"gold_loss":0},{"damage_healed":0,"gold_gain":0,"player_choice":"Read","damage_taken":0,"max_hp_gain":0,"max_hp_loss":0,"event_name":"The Library","floor":20,"gold_loss":0,"cards_obtained":["Chill"]},{"damage_healed":0,"gold_gain":0,"player_choice":"Joined the Cult","damage_taken":6,"max_hp_gain":0,"max_hp_loss":0,"event_name":"Nest","floor":22,"gold_loss":0,"cards_obtained":["RitualDagger"]}],"is_beta":false,"boss_relics":[{"not_picked":["Cursed Key","Astrolabe"],"picked":"Velvet Choker"}],"items_purged_floors":[19],"is_endless":false,"potions_floor_spawned":[1,8,16,18],"killed_by":"Gremlin Leader","ascension_level":1}