{"gold_per_floor":[110,42,42,60,60,60,92,105,105,105,124,159,159,159,159,287,287,308,322,322],"floor_reached":20,"playtime":533,"items_purged":[],"score":411,"play_id":"cbf4429a-087c-4b2e-95ba-30ae98952a86","local_time":"20190419152249","is_ascension_mode":true,"campfire_choices":[{"data":"Bash","floor":6,"key":"SMITH"},{"data":"Anger","floor":10,"key":"SMITH"},{"data":"Rupture","floor":13,"key":"SMITH"},{"floor":15,"key":"REST"}],"neow_cost":"NONE","seed_source_timestamp":533281553299534,"circlet_count":0,"master_deck":["AscendersBane","Strike_R","Strike_R","Strike_R","Strike_R","Defend_R","Defend_R","Defend_R","Defend_R","Bash+1","Combust","Rupture+1","Anger+1","Headbutt","Disarm","Sword Boomerang","Fiend Fire","Armaments"],"relics":["Burning Blood","NeowsBlessing","Ornamental Fan","Sundial","Question Card","Golden Idol","Eternal Feather"],"potions_floor_usage":[16,16,19],"damage_taken":[{"damage":0,"enemies":"Jaw Worm","floor":1,"turns":1},{"damage":0,"enemies":"Cultist","floor":4,"turns":1},{"damage":0,"enemies":"Lagavulin","floor":7,"turns":1},{"damage":21,"enemies":"Small Slimes","floor":8,"turns":5},{"damage":14,"enemies":"Blue Slaver","floor":11,"turns":4},{"damage":39,"enemies":"3 Sentries","floor":12,"turns":6},{"damage":3,"enemies":"Slime Boss","floor":16,"turns":5},{"damage":53,"enemies":"2 Thieves","floor":18,"turns":5},{"damage":18,"enemies":"Shell Parasite","floor":19,"turns":5},{"damage":18,"enemies":"Centurion and Healer","floor":20,"turns":2}],"seed_played":"-2137425509962867278","potions_obtained":[{"floor":1,"key":"Fire Potion"},{"floor":4,"key":"SteroidPotion"},{"floor":16,"key":"GamblersBrew"},{"floor":18,"key":"Weak Potion"}],"is_trial":false,"path_per_floor":["M","$","?","M","$","R","E","M","T","R","M","E","R","?","R","B",null,"M","M","M"],"character_chosen":"IRONCLAD","items_purchased":["Rupture"],"campfire_rested":1,"item_purchase_floors":[2],"current_hp_per_floor":[78,78,78,80,80,80,80,65,65,65,57,24,24,4,28,31,68,21,9,0],"gold":322,"neow_bonus":"THREE_ENEMY_KILL","is_prod":false,"is_daily":false,"chose_seed":false,"campfire_upgraded":3,"win_rate":0,"timestamp":1555712569,"path_taken":["M","$","?","?","$","R","E","M","T","R","M","E","R","?","R","BOSS","M","M","M"],"build_version":"2019-01-23","purchased_purges":0,"victory":false,"max_hp_per_floor":[80,80,80,80,80,80,80,80,80,80,80,80,80,80,80,80,80,80,80,80],"card_choices":[{"not_picked":["Second Wind","Body Slam"],"picked":"Combust","floor":1},{"not_picked":["Clash","Twin Strike"],"picked":"Anger","floor":4},{"not_picked":["Evolve","Twin Strike","Rampage"],"picked":"SKIP","floor":7},{"not_picked":["Hemokinesis","True Grit"],"picked":"Headbutt","floor":8},{"not_picked":["Clash","Headbutt"],"picked":"Disarm","floor":11},{"not_picked":["Evolve","Dropkick"],"picked":"Sword Boomerang","floor":12},{"not_picked":["Berserk","Demon Form","Barricade"],"picked":"Fiend Fire","floor":16},{"not_picked":["Perfected Strike","Cleave","Havoc"],"picked":"Armaments","floor":18},{"not_picked":["Reckless Charge","Sword Boomerang","Anger","Headbutt"],"picked":"SKIP","floor":19}],"player_experience":273844,"relics_obtained":[{"floor":7,"key":"Ornamental Fan"},{"floor":9,"key":"Sundial"},{"floor":12,"key":"Question Card"}],"event_choices":[{"cards_removed":["Strike_R"],"damage_healed":0,"gold_gain":0,"player_choice":"Offered Basic","damage_taken":0,"max_hp_gain":0,"max_hp_loss":0,"event_name":"Bonfire Elementals","floor":3,"gold_loss":0},{"damage_healed":0,"gold_gain":0,"player_choice":"Take Damage","damage_taken":20,"relics_obtained":["Golden Idol"],"max_hp_gain":0,"max_hp_loss":0,"event_name":"Golden Idol","floor":14,"gold_loss":0}],"is_beta":false,"boss_relics":[{"not_picked":["Pandora\u0027s Box","Runic Dome"],"picked":"Eternal Feather"}],"items_purged_floors":[],"is_endless":false,"potions_floor_spawned":[1,4,12,16,18],"killed_by":"Centurion and Healer","ascension_level":12}