{"gold_per_floor":[217,231,88,107,117,449,449,468,491,95,125,125,144,161,161,263,263,283,283,303,323,334,334,121,121,145,145,145,161,181,195,195,195],"floor_reached":33,"playtime":1997,"items_purged":["Strike_B","Strike_B"],"score":316,"play_id":"4541e5f3-2e49-459b-8907-f70d60563781","local_time":"20190403215710","is_ascension_mode":true,"campfire_choices":[{"floor":15,"key":"REST"},{"floor":23,"key":"REST"},{"data":"Coolheaded","floor":25,"key":"SMITH"},{"data":"Seek","floor":27,"key":"SMITH"},{"floor":32,"key":"REST"}],"neow_cost":"NONE","seed_source_timestamp":1732608068285859,"circlet_count":0,"master_deck":["Strike_B","Strike_B","Defend_B","Defend_B","Defend_B+1","Defend_B","Zap","Dualcast","Hologram","Rebound","Defragment","Sunder+1","Conserve Battery","Redo","Coolheaded+1","Cold Snap","Fusion","Tempest","Seek+1","Compile Driver","Cold Snap","Beam Cell","Steam+1","Seek","Cold Snap+1","Coolheaded+1","Double Energy+1"],"relics":["Cracked Core","Old Coin","Blood Vial","Oddly Smooth Stone","Frozen Egg 2","Sozu","Strawberry","Regal Pillow","Bag of Preparation"],"potions_floor_usage":[5,8,13],"damage_taken":[{"damage":3,"enemies":"Small Slimes","floor":1,"turns":3},{"damage":3,"enemies":"2 Louse","floor":2,"turns":2},{"damage":1,"enemies":"Cultist","floor":4,"turns":3},{"damage":6,"enemies":"Looter","floor":5,"turns":2},{"damage":16,"enemies":"Lagavulin","floor":6,"turns":6},{"damage":0,"enemies":"2 Fungi Beasts","floor":8,"turns":2},{"damage":0,"enemies":"Blue Slaver","floor":13,"turns":2},{"damage":1,"enemies":"Red Slaver","floor":14,"turns":4},{"damage":23,"enemies":"Slime Boss","floor":16,"turns":12},{"damage":12,"enemies":"Chosen","floor":18,"turns":3},{"damage":16,"enemies":"2 Thieves","floor":20,"turns":3},{"damage":22,"enemies":"Snake Plant","floor":21,"turns":4},{"damage":3,"enemies":"Sentry and Sphere","floor":22,"turns":7},{"damage":13,"enemies":"Snecko","floor":29,"turns":4},{"damage":0,"enemies":"3 Cultists","floor":30,"turns":5},{"damage":0,"enemies":"Snake Plant","floor":31,"turns":2},{"damage":82,"enemies":"Collector","floor":33,"turns":13}],"seed_played":"-5803960130840692902","potions_obtained":[{"floor":2,"key":"Energy Potion"},{"floor":6,"key":"PowerPotion"},{"floor":8,"key":"Fire Potion"},{"floor":16,"key":"FearPotion"}],"is_trial":false,"path_per_floor":["M","M","$","M","M","E","?","M","T","$","?","?","M","M","R","B",null,"M","?","M","M","M","R","$","R","T","R","?","M","M","M","R","B"],"character_chosen":"DEFECT","items_purchased":["Defragment","Frozen Egg 2","Cold Snap","Seek","Regal Pillow"],"campfire_rested":3,"item_purchase_floors":[3,10,10,24,24],"current_hp_per_floor":[72,69,69,68,62,46,43,45,45,45,45,30,32,33,55,34,65,55,62,48,28,27,51,51,51,51,51,51,40,42,44,82,0],"gold":195,"neow_bonus":"HUNDRED_GOLD","is_prod":false,"is_daily":false,"chose_seed":false,"campfire_upgraded":2,"win_rate":0,"timestamp":1554296230,"path_taken":["M","M","$","M","M","E","?","M","T","$","?","?","M","M","R","BOSS","M","?","M","M","?","R","$","R","T","R","?","M","M","M","R","BOSS"],"build_version":"2019-01-23","purchased_purges":2,"victory":false,"max_hp_per_floor":[75,75,75,75,75,75,75,75,75,75,75,75,75,75,75,75,75,75,82,82,82,82,82,82,82,82,82,82,82,82,82,82,82],"card_choices":[{"not_picked":["Beam Cell","Scrape"],"picked":"Hologram","floor":1},{"not_picked":["Gash","Barrage"],"picked":"Rebound","floor":2},{"not_picked":["Turbo","Hologram"],"picked":"Sunder","floor":4},{"not_picked":["Amplify","Stack"],"picked":"Conserve Battery","floor":5},{"not_picked":["Compile Driver","Doom and Gloom"],"picked":"Redo","floor":6},{"not_picked":["Reinforced Body","Conserve Battery"],"picked":"Coolheaded","floor":8},{"not_picked":["Skim","Coolheaded"],"picked":"Fusion","floor":13},{"not_picked":["Static Discharge+1","Force Field"],"picked":"Tempest","floor":14},{"not_picked":["Machine Learning+1","Hyperbeam"],"picked":"Seek","floor":16},{"not_picked":["Stack","Beam Cell+1"],"picked":"Compile Driver","floor":18},{"not_picked":["Rebound+1","Conserve Battery"],"picked":"Cold Snap","floor":20},{"not_picked":["Streamline","Cold Snap"],"picked":"Beam Cell","floor":21},{"not_picked":["Turbo+1","Stack+1"],"picked":"Steam+1","floor":22},{"not_picked":["Redo","Hologram"],"picked":"Cold Snap+1","floor":29},{"not_picked":["Gash","Scrape+1"],"picked":"Coolheaded+1","floor":30},{"not_picked":["Barrage","Leap"],"picked":"Double Energy+1","floor":31}],"player_experience":239372,"relics_obtained":[{"floor":6,"key":"Old Coin"},{"floor":9,"key":"Oddly Smooth Stone"},{"floor":26,"key":"Bag of Preparation"}],"event_choices":[{"damage_healed":0,"gold_gain":0,"player_choice":"Success","damage_taken":3,"relics_obtained":["Blood Vial"],"max_hp_gain":0,"max_hp_loss":0,"event_name":"Scrap Ooze","floor":7,"gold_loss":0},{"damage_healed":0,"gold_gain":30,"player_choice":"Searched \u00271\u0027 times","damage_taken":0,"max_hp_gain":0,"max_hp_loss":0,"event_name":"Dead Adventurer","floor":11,"gold_loss":0},{"damage_healed":0,"gold_gain":0,"player_choice":"Entered Light","damage_taken":15,"max_hp_gain":0,"max_hp_loss":0,"event_name":"Shining Light","floor":12,"gold_loss":0,"cards_upgraded":["Sunder","Defend_B"]},{"damage_healed":0,"gold_gain":0,"player_choice":"Gave Potion","damage_taken":0,"relics_obtained":["Strawberry"],"max_hp_gain":0,"max_hp_loss":0,"event_name":"WeMeetAgain","floor":19,"gold_loss":0},{"damage_healed":0,"gold_gain":0,"player_choice":"Ignored","damage_taken":0,"max_hp_gain":0,"max_hp_loss":0,"event_name":"Vampires","floor":28,"gold_loss":0}],"is_beta":false,"boss_relics":[{"not_picked":["Empty Cage","Snecko Eye"],"picked":"Sozu"}],"items_purged_floors":[3,10],"is_endless":false,"potions_floor_spawned":[2,6,8,16,18,30],"killed_by":"Collector","ascension_level":5}