{"gold_per_floor":[119,130,106,122,122,155,172,197,254,269,269,287,302,316,316,420,420,431,13,87,162,40,74,74],"floor_reached":24,"playtime":1590,"items_purged":[],"score":228,"play_id":"9a4057dc-e97c-4354-a897-ac3415d56f49","local_time":"20181213171457","is_ascension_mode":false,"campfire_choices":[{"floor":11,"key":"REST"},{"floor":15,"key":"REST"}],"neow_cost":"NONE","seed_source_timestamp":72259587371019,"circlet_count":0,"master_deck":["Strike_B","Strike_B","Strike_B","Defend_B","Defend_B+1","Defend_B","Zap","FTL","Conserve Battery+1","Barrage","Streamline","Reinforced Body","Go for the Eyes","Echo Form","Redo","Ball Lightning","Loop","Ball Lightning","Electrodynamics","Fusion+1","Leap+1","White Noise+1","Genetic Algorithm","Static Discharge","Undo","Redo","BootSequence"],"relics":["Cracked Core","NeowsBlessing","SsserpentHead","Vajra","War Paint","Tiny Chest","Astrolabe","Turnip","Omamori","Juzu Bracelet","Bag of Marbles","Bag of Preparation"],"potions_floor_usage":[6,10,16,23],"damage_taken":[{"damage":0,"enemies":"Cultist","floor":1,"turns":1},{"damage":0,"enemies":"Jaw Worm","floor":2,"turns":1},{"damage":0,"enemies":"Small Slimes","floor":4,"turns":1},{"damage":43,"enemies":"Lagavulin","floor":6,"turns":7},{"damage":7,"enemies":"Blue Slaver","floor":7,"turns":3},{"damage":15,"enemies":"3 Sentries","floor":8,"turns":6},{"damage":0,"enemies":"2 Fungi Beasts","floor":10,"turns":4},{"damage":5,"enemies":"3 Louse","floor":12,"turns":3},{"damage":12,"enemies":"Blue Slaver","floor":13,"turns":3},{"damage":0,"enemies":"2 Fungi Beasts","floor":14,"turns":3},{"damage":9,"enemies":"The Guardian","floor":16,"turns":9},{"damage":10,"enemies":"3 Byrds","floor":18,"turns":3},{"damage":60,"enemies":"Slavers","floor":23,"turns":5},{"damage":14,"enemies":"Spheric Guardian","floor":24,"turns":3}],"seed_played":"-4846105499023184510","potions_obtained":[{"floor":1,"key":"Strength Potion"},{"floor":6,"key":"SpeedPotion"},{"floor":8,"key":"LiquidBronze"},{"floor":13,"key":"Ancient Potion"},{"floor":16,"key":"Explosive Potion"},{"floor":18,"key":"FearPotion"},{"floor":23,"key":"LiquidBronze"}],"is_trial":false,"path_per_floor":["M","M","$","M","?","E","M","E","T","M","R","M","M","M","R","B",null,"M","$","T","T","$","E","M"],"character_chosen":"DEFECT","items_purchased":["Barrage","Turnip","Static Discharge","Undo","Bag of Marbles","Redo"],"campfire_rested":2,"item_purchase_floors":[3,19,19,19,22,22],"current_hp_per_floor":[75,75,75,75,75,32,25,10,10,10,32,27,15,15,37,28,75,65,65,65,65,65,5,0],"gold":74,"neow_bonus":"THREE_ENEMY_KILL","is_prod":false,"is_daily":false,"chose_seed":false,"campfire_upgraded":0,"win_rate":0,"timestamp":1544750097,"path_taken":["M","M","$","?","?","E","M","E","T","M","R","M","M","M","R","BOSS","M","$","?","?","?","E","M"],"build_version":"2018-12-13","purchased_purges":0,"victory":false,"max_hp_per_floor":[75,75,75,75,75,75,75,75,75,75,75,75,75,75,75,75,75,75,75,75,75,75,75,75],"card_choices":[{"not_picked":["Rip and Tear","Gash"],"picked":"FTL","floor":1},{"not_picked":["Coolheaded","Sweeping Beam"],"picked":"Conserve Battery","floor":2},{"not_picked":["Rebound","Barrage"],"picked":"Streamline","floor":4},{"not_picked":["Barrage","Conserve Battery"],"picked":"Reinforced Body","floor":6},{"not_picked":["Cold Snap","Steam Power"],"picked":"Go for the Eyes","floor":7},{"not_picked":["Hologram","Hello World"],"picked":"Echo Form","floor":8},{"not_picked":["Turbo","Glacier"],"picked":"Redo","floor":10},{"not_picked":["Gash","Undo"],"picked":"Ball Lightning","floor":12},{"not_picked":["Darkness","Glacier"],"picked":"Loop","floor":13},{"not_picked":["Leap","Gash"],"picked":"Ball Lightning","floor":14},{"not_picked":["Hyperbeam","Reboot"],"picked":"Electrodynamics","floor":16},{"not_picked":["Rip and Tear","Melter"],"picked":"Genetic Algorithm","floor":18},{"not_picked":["Compile Driver","Leap"],"picked":"BootSequence","floor":23}],"player_experience":244260,"relics_obtained":[{"floor":6,"key":"Vajra"},{"floor":8,"key":"War Paint"},{"floor":9,"key":"Tiny Chest"},{"floor":20,"key":"Omamori"},{"floor":21,"key":"Juzu Bracelet"},{"floor":23,"key":"Bag of Preparation"}],"event_choices":[{"damage_healed":0,"gold_gain":0,"player_choice":"Trade","damage_taken":0,"relics_obtained":["SsserpentHead"],"max_hp_gain":0,"max_hp_loss":0,"event_name":"FaceTrader","floor":5,"gold_loss":0}],"is_beta":false,"boss_relics":[{"not_picked":["FrozenCore","Empty Cage"],"picked":"Astrolabe"}],"items_purged_floors":[],"is_endless":false,"potions_floor_spawned":[1,6,8,13,16,18,23],"killed_by":"Spheric Guardian","ascension_level":0}