{"gold_per_floor":[119,135,155,173,184,184,184,184,184,184,195,223,223,238,238,335,335,354,2,14,14,14],"floor_reached":22,"playtime":900,"items_purged":[],"score":207,"play_id":"6944a457-9bad-47c9-a917-1db789ebf18e","local_time":"20190410103314","is_ascension_mode":true,"campfire_choices":[{"data":"Fiend Fire","floor":6,"key":"SMITH"},{"data":"Inflame","floor":8,"key":"SMITH"},{"data":"Anger","floor":10,"key":"SMITH"},{"data":"Entrench","floor":13,"key":"SMITH"},{"data":"Bloodletting","floor":15,"key":"SMITH"}],"neow_cost":"TEN_PERCENT_HP_LOSS","seed_source_timestamp":43374961680700,"circlet_count":0,"master_deck":["Strike_R","Strike_R","Strike_R","Strike_R","Strike_R","Defend_R","Defend_R","Defend_R","Defend_R","Bash","Fiend Fire+1","Iron Wave","Inflame+1","Anger+1","Thunderclap","Berserk","Bloodletting+1","Entrench+1","Dropkick","Limit Break","Pommel Strike+1","Rage"],"relics":["Burning Blood","CultistMask","Unceasing Top","Black Star","Sling","PreservedInsect"],"potions_floor_usage":[12,16,16,16],"damage_taken":[{"damage":0,"enemies":"2 Louse","floor":1,"turns":2},{"damage":1,"enemies":"Cultist","floor":2,"turns":3},{"damage":7,"enemies":"Jaw Worm","floor":3,"turns":2},{"damage":21,"enemies":"3 Louse","floor":4,"turns":4},{"damage":11,"enemies":"Looter","floor":5,"turns":2},{"damage":15,"enemies":"Large Slime","floor":11,"turns":3},{"damage":21,"enemies":"3 Sentries","floor":12,"turns":5},{"damage":3,"enemies":"2 Fungi Beasts","floor":14,"turns":3},{"damage":23,"enemies":"Slime Boss","floor":16,"turns":9},{"damage":44,"enemies":"3 Byrds","floor":18,"turns":5},{"damage":28,"enemies":"Shell Parasite","floor":20,"turns":5},{"damage":3,"enemies":"Centurion and Healer","floor":22,"turns":1}],"seed_played":"5774073937979299063","potions_obtained":[{"floor":4,"key":"Energy Potion"},{"floor":5,"key":"SkillPotion"},{"floor":11,"key":"Poison Potion"},{"floor":14,"key":"SkillPotion"}],"is_trial":false,"path_per_floor":["M","M","M","M","M","R","?","R","T","R","M","E","R","M","R","B",null,"M","$","M","$","M"],"character_chosen":"IRONCLAD","items_purchased":["Sling","PreservedInsect"],"campfire_rested":0,"item_purchase_floors":[19,19],"current_hp_per_floor":[72,72,71,56,51,51,51,51,51,51,42,27,27,30,30,13,72,34,34,12,12,9],"gold":14,"neow_bonus":"THREE_RARE_CARDS","is_prod":false,"is_daily":false,"chose_seed":false,"campfire_upgraded":5,"win_rate":0,"timestamp":1554885194,"path_taken":["M","M","M","M","M","R","?","R","T","R","M","E","R","M","R","BOSS","M","$","?","$","M"],"build_version":"2019-01-23","purchased_purges":0,"victory":false,"max_hp_per_floor":[72,72,72,72,72,72,72,72,72,72,72,72,72,72,72,72,72,72,72,72,72,72],"card_choices":[{"not_picked":["Demon Form","Juggernaut"],"picked":"Fiend Fire","floor":0},{"not_picked":["Shrug It Off","Blood for Blood"],"picked":"Iron Wave","floor":1},{"not_picked":["Carnage","Flex"],"picked":"Inflame","floor":2},{"not_picked":["Clothesline","Uppercut"],"picked":"Anger","floor":3},{"not_picked":["Clash","Armaments"],"picked":"Thunderclap","floor":4},{"not_picked":["Headbutt","Warcry"],"picked":"Berserk","floor":5},{"not_picked":["Carnage","Perfected Strike"],"picked":"Bloodletting","floor":11},{"not_picked":["Flame Barrier","Power Through"],"picked":"Entrench","floor":12},{"not_picked":["Armaments","Iron Wave"],"picked":"Dropkick","floor":14},{"not_picked":["Fiend Fire","Demon Form"],"picked":"Limit Break","floor":16},{"not_picked":["Clash+1","Thunderclap"],"picked":"Pommel Strike+1","floor":18},{"not_picked":["Sword Boomerang","Clash"],"picked":"Rage","floor":20}],"player_experience":332340,"relics_obtained":[{"floor":12,"key":"Unceasing Top"}],"event_choices":[{"damage_healed":0,"gold_gain":0,"player_choice":"Trade","damage_taken":0,"relics_obtained":["CultistMask"],"max_hp_gain":0,"max_hp_loss":0,"event_name":"FaceTrader","floor":7,"gold_loss":0}],"is_beta":false,"boss_relics":[{"not_picked":["Cursed Key","White Beast Statue"],"picked":"Black Star"}],"items_purged_floors":[],"is_endless":false,"potions_floor_spawned":[4,5,11,14],"killed_by":"Centurion and Healer","ascension_level":2}