{"gold_per_floor":[14,14,14,34,46,46,63,63,143,161,178,188,269,289,289,394,394,414,414,339,356,218,218,232,246,246,256,284,284,319,337,337,337],"floor_reached":33,"playtime":2071,"items_purged":["Defend_B"],"score":342,"play_id":"b35598bb-1d1b-4dfd-8920-1b4a7c9fb5c5","local_time":"20190407202940","is_ascension_mode":true,"campfire_choices":[{"data":"Chaos","floor":6,"key":"SMITH"},{"data":"Dualcast","floor":8,"key":"SMITH"},{"floor":15,"key":"REST"},{"data":"Echo Form","floor":23,"key":"SMITH"},{"floor":29,"key":"REST"},{"floor":32,"key":"REST"}],"neow_cost":"NO_GOLD","seed_source_timestamp":96087904291779,"circlet_count":0,"master_deck":["Strike_B","Defend_B","Defend_B","Zap+1","Dualcast+1","Coolheaded","Chaos+1","Rebound","Skim","Consume","Conserve Battery","Echo Form+1","Cold Snap","Conserve Battery","Undo","Melter","Compile Driver","Ball Lightning+1","Cold Snap+1","Ball Lightning+1","Compile Driver+1"],"relics":["Cracked Core","Mango","Symbiotic Virus","Empty Cage","Bag of Marbles","Red Mask","Pen Nib"],"potions_floor_usage":[16,16,25,28,28,30,30],"damage_taken":[{"damage":2,"enemies":"Small Slimes","floor":1,"turns":3},{"damage":7,"enemies":"2 Louse","floor":4,"turns":2},{"damage":0,"enemies":"Cultist","floor":5,"turns":3},{"damage":26,"enemies":"Exordium Thugs","floor":7,"turns":4},{"damage":10,"enemies":"Exordium Wildlife","floor":10,"turns":4},{"damage":4,"enemies":"Red Slaver","floor":11,"turns":2},{"damage":6,"enemies":"3 Louse","floor":12,"turns":4},{"damage":0,"enemies":"2 Fungi Beasts","floor":14,"turns":2},{"damage":25,"enemies":"Hexaghost","floor":16,"turns":11},{"damage":2,"enemies":"Chosen","floor":18,"turns":4},{"damage":4,"enemies":"Spheric Guardian","floor":21,"turns":3},{"damage":31,"enemies":"Shelled Parasite and Fungi","floor":24,"turns":5},{"damage":9,"enemies":"Snecko","floor":25,"turns":4},{"damage":0,"enemies":"Snake Plant","floor":27,"turns":3},{"damage":6,"enemies":"Masked Bandits","floor":28,"turns":4},{"damage":5,"enemies":"Book of Stabbing","floor":30,"turns":4},{"damage":31,"enemies":"Chosen and Byrds","floor":31,"turns":5},{"damage":49,"enemies":"Champ","floor":33,"turns":10}],"seed_played":"-8834736307281285754","potions_obtained":[{"floor":1,"key":"FairyPotion"},{"floor":7,"key":"Poison Potion"},{"floor":11,"key":"EssenceOfSteel"},{"floor":12,"key":"FearPotion"},{"floor":14,"key":"Energy Potion"},{"floor":21,"key":"LiquidBronze"},{"floor":24,"key":"Block Potion"},{"floor":27,"key":"Block Potion"},{"floor":28,"key":"Energy Potion"}],"is_trial":false,"path_per_floor":["M","?","?","M","M","R","M","R","T","M","M","M","T","M","R","B",null,"M","?","$","M","$","R","M","M","T","M","?","R","E","M","R","B"],"character_chosen":"DEFECT","items_purchased":["Undo","Melter"],"campfire_rested":3,"item_purchase_floors":[22,22],"current_hp_per_floor":[80,80,80,73,73,73,47,47,47,37,33,27,27,27,53,28,74,72,72,72,68,68,68,37,28,28,28,22,48,43,12,38,0],"gold":337,"neow_bonus":"ONE_RARE_RELIC","is_prod":false,"is_daily":false,"chose_seed":false,"campfire_upgraded":3,"win_rate":0,"timestamp":1554636580,"path_taken":["M","?","?","M","M","R","M","R","T","M","M","?","?","M","R","BOSS","M","?","$","M","$","R","M","M","T","?","?","R","E","M","R","BOSS"],"build_version":"2019-01-23","purchased_purges":1,"victory":false,"max_hp_per_floor":[89,89,89,89,89,89,89,89,89,89,89,89,89,89,89,89,89,89,89,89,89,89,89,89,89,89,89,89,89,89,89,89,89],"card_choices":[{"not_picked":["Heatsinks","Hologram"],"picked":"Coolheaded","floor":1},{"not_picked":["Go for the Eyes","Fusion"],"picked":"Chaos","floor":4},{"not_picked":["Barrage","Gash"],"picked":"Rebound","floor":5},{"not_picked":["Coolheaded","Stack","Gash"],"picked":"SKIP","floor":7},{"not_picked":["Fusion","Beam Cell"],"picked":"Skim","floor":10},{"not_picked":["Rebound","Recycle","Fusion"],"picked":"SKIP","floor":11},{"not_picked":["Force Field","Coolheaded"],"picked":"Consume","floor":12},{"not_picked":["Static Discharge","Hello World"],"picked":"Conserve Battery","floor":14},{"not_picked":["Thunder Strike","Core Surge"],"picked":"Echo Form","floor":16},{"not_picked":["Streamline","Beam Cell+1"],"picked":"Cold Snap","floor":18},{"not_picked":["Gash","Stack"],"picked":"Conserve Battery","floor":21},{"not_picked":["Stack+1","Sweeping Beam"],"picked":"Compile Driver","floor":24},{"not_picked":["Conserve Battery","Beam Cell"],"picked":"Ball Lightning+1","floor":25},{"not_picked":["Hologram+1","Leap"],"picked":"Cold Snap+1","floor":27},{"not_picked":["Steam+1","Tempest+1"],"picked":"Ball Lightning+1","floor":28},{"not_picked":["Turbo","Compile Driver","Blizzard"],"picked":"SKIP","floor":30},{"not_picked":["Conserve Battery","Stack"],"picked":"Compile Driver+1","floor":31}],"player_experience":289041,"relics_obtained":[{"floor":9,"key":"Symbiotic Virus"},{"floor":26,"key":"Bag of Marbles"},{"floor":28,"key":"Red Mask"},{"floor":30,"key":"Pen Nib"}],"event_choices":[{"damage_healed":0,"gold_gain":0,"player_choice":"Grow","damage_taken":0,"max_hp_gain":0,"max_hp_loss":0,"event_name":"Living Wall","floor":2,"gold_loss":0,"cards_upgraded":["Zap"]},{"cards_removed":["Strike_B"],"damage_healed":0,"gold_gain":0,"player_choice":"Offered Basic","damage_taken":0,"max_hp_gain":0,"max_hp_loss":0,"event_name":"Bonfire Elementals","floor":3,"gold_loss":0},{"cards_removed":["Defend_B"],"damage_healed":0,"gold_gain":0,"player_choice":"Purged","damage_taken":0,"max_hp_gain":0,"max_hp_loss":0,"event_name":"Purifier","floor":19,"gold_loss":0},{"damage_healed":0,"gold_gain":0,"player_choice":"Fought Bandits","damage_taken":0,"max_hp_gain":0,"max_hp_loss":0,"event_name":"Masked Bandits","floor":28,"gold_loss":0}],"is_beta":false,"boss_relics":[{"not_picked":["Philosopher\u0027s Stone","Velvet Choker"],"picked":"Empty Cage"}],"items_purged_floors":[20],"is_endless":false,"potions_floor_spawned":[1,7,11,12,14,21,24,27,28],"killed_by":"Champ","ascension_level":6}