{"gold_per_floor":[116,128,128,128,138,138,63,81,135,152,152,152,176,206,206,283,283,295,295,295,305,315,315],"floor_reached":23,"playtime":808,"items_purged":["Pain"],"score":334,"play_id":"e52067df-12cc-4259-b0d7-73b313e8692f","local_time":"20190502161930","is_ascension_mode":true,"campfire_choices":[{"data":"Poisoned Stab","floor":6,"key":"SMITH"},{"data":"Neutralize","floor":12,"key":"SMITH"},{"floor":15,"key":"REST"}],"neow_cost":"NONE","seed_source_timestamp":1659608226578083,"circlet_count":0,"master_deck":["AscendersBane","Defend_G","Defend_G","Defend_G","Defend_G","Defend_G","Strike_G","Strike_G+1","Strike_G+1","Strike_G+1","Strike_G+1","Survivor","Neutralize+1","Poisoned Stab+1","Infinite Blades","Poisoned Stab","Caltrops","Cloak And Dagger","Tools of the Trade","Crippling Poison","Malaise","Noxious Fumes+1"],"relics":["Ring of the Snake","WarpedTongs","Art of War","Odd Mushroom","Whetstone","Sozu","Enchiridion","Nloth\u0027s Gift"],"potions_floor_usage":[13,16],"damage_taken":[{"damage":0,"enemies":"2 Louse","floor":1,"turns":3},{"damage":0,"enemies":"Small Slimes","floor":2,"turns":3},{"damage":3,"enemies":"Cultist","floor":5,"turns":3},{"damage":0,"enemies":"Looter","floor":8,"turns":4},{"damage":0,"enemies":"Large Slime","floor":10,"turns":4},{"damage":7,"enemies":"The Mushroom Lair","floor":13,"turns":4},{"damage":20,"enemies":"3 Sentries","floor":14,"turns":8},{"damage":7,"enemies":"Hexaghost","floor":16,"turns":9},{"damage":18,"enemies":"2 Thieves","floor":18,"turns":5},{"damage":0,"enemies":"3 Byrds","floor":21,"turns":3},{"damage":15,"enemies":"Snake Plant","floor":22,"turns":5},{"damage":11,"enemies":"Slavers","floor":23,"turns":1}],"seed_played":"3193973702713700929","potions_obtained":[{"floor":2,"key":"Explosive Potion"},{"floor":8,"key":"Strength Potion"},{"floor":13,"key":"FearPotion"}],"is_trial":false,"path_per_floor":["M","M","?","?","M","R","$","M","T","M","?","R","?","E","R","B",null,"M","?","?","M","M","E"],"character_chosen":"THE_SILENT","items_purchased":[],"campfire_rested":1,"item_purchase_floors":[],"current_hp_per_floor":[59,59,64,64,61,61,61,61,61,61,40,40,33,13,34,27,60,42,21,21,21,6,0],"gold":315,"neow_bonus":"RANDOM_COMMON_RELIC","is_prod":false,"is_daily":false,"chose_seed":false,"campfire_upgraded":2,"win_rate":0,"timestamp":1556839170,"path_taken":["M","M","?","?","M","R","$","M","T","?","?","R","?","E","R","BOSS","M","?","?","M","?","E"],"build_version":"2019-01-23","purchased_purges":1,"victory":false,"max_hp_per_floor":[66,66,71,71,71,71,71,71,71,71,71,71,71,71,71,71,71,71,71,71,71,71,71],"card_choices":[{"not_picked":["Backflip","Distraction"],"picked":"Poisoned Stab","floor":1},{"not_picked":["Dagger Throw","Dodge and Roll"],"picked":"Infinite Blades","floor":2},{"not_picked":["Cloak And Dagger","Prepared"],"picked":"Poisoned Stab","floor":5},{"not_picked":["Flying Knee","Acrobatics","Bane"],"picked":"SKIP","floor":8},{"not_picked":["Bane","Endless Agony"],"picked":"Caltrops","floor":10},{"not_picked":["Expertise","Poisoned Stab"],"picked":"Cloak And Dagger","floor":13},{"not_picked":["Catalyst","Underhanded Strike"],"picked":"Tools of the Trade","floor":14},{"not_picked":["Deflect","Bane"],"picked":"Crippling Poison","floor":15},{"not_picked":["A Thousand Cuts","Envenom"],"picked":"Malaise","floor":16},{"not_picked":["Eviscerate","Escape Plan","All Out Attack"],"picked":"SKIP","floor":18},{"not_picked":["Quick Slash","Dodge and Roll"],"picked":"Noxious Fumes+1","floor":21},{"not_picked":["Deadly Poison","Blade Dance","Bane+1"],"picked":"SKIP","floor":22}],"player_experience":380850,"relics_obtained":[{"floor":9,"key":"Art of War"},{"floor":13,"key":"Odd Mushroom"},{"floor":14,"key":"Whetstone"},{"floor":19,"key":"Enchiridion"}],"event_choices":[{"damage_healed":0,"gold_gain":0,"player_choice":"Donut","damage_taken":0,"max_hp_gain":5,"max_hp_loss":0,"event_name":"Big Fish","floor":3,"gold_loss":0},{"damage_healed":0,"gold_gain":0,"player_choice":"Rummage","damage_taken":0,"relics_obtained":["WarpedTongs"],"max_hp_gain":0,"max_hp_loss":0,"event_name":"Accursed Blacksmith","floor":4,"gold_loss":0,"cards_obtained":["Pain"]},{"damage_healed":0,"gold_gain":0,"player_choice":"Entered Light","damage_taken":21,"max_hp_gain":0,"max_hp_loss":0,"event_name":"Shining Light","floor":11,"gold_loss":0,"cards_upgraded":["Strike_G","Strike_G"]},{"damage_healed":0,"gold_gain":0,"player_choice":"Fought Mushrooms","damage_taken":0,"max_hp_gain":0,"max_hp_loss":0,"event_name":"Mushrooms","floor":13,"gold_loss":0},{"damage_healed":0,"gold_gain":0,"player_choice":"Obtained Book","damage_taken":21,"max_hp_gain":0,"max_hp_loss":0,"event_name":"Cursed Tome","floor":19,"gold_loss":0},{"damage_healed":0,"gold_gain":0,"player_choice":"Traded Relic","damage_taken":0,"relics_obtained":["Nloth\u0027s Gift"],"max_hp_gain":0,"max_hp_loss":0,"event_name":"N\u0027loth","floor":20,"relics_lost":["Dream Catcher"],"gold_loss":0}],"is_beta":false,"boss_relics":[{"not_picked":["Busted Crown","Philosopher\u0027s Stone"],"picked":"Sozu"}],"items_purged_floors":[7],"is_endless":false,"potions_floor_spawned":[2,8,13,14,22],"killed_by":"Slavers","ascension_level":15}