{"gold_per_floor":[116,129,142,157,171,171,206,206,229,248,248,260,260,335,335,407,407,418,418,418,435,450,450,465,476,523,523],"floor_reached":27,"playtime":1203,"items_purged":[],"score":419,"play_id":"e866ca76-983a-41f2-89cb-064a750f1bfd","local_time":"20190505130407","is_ascension_mode":true,"campfire_choices":[{"data":"Armaments","floor":6,"key":"SMITH"},{"data":"Seeing Red","floor":11,"key":"SMITH"},{"floor":13,"key":"REST"},{"floor":15,"key":"REST"},{"data":"Demon Form","floor":23,"key":"SMITH"}],"neow_cost":"NONE","seed_source_timestamp":478635357461800,"circlet_count":0,"master_deck":["AscendersBane","Bash","Infernal Blade","Offering","Demon Form+1","Power Through","Bludgeon","Headbutt","Evolve","Sever Soul","Armaments","Armaments+1","Shrug It Off+1","Whirlwind","Intimidate","Offering","Seeing Red+1","Feed","Battle Trance","Bite","Bite","Bite","Bite","Bite","Warcry+1","Flame Barrier","Battle Trance+1"],"relics":["Pandora\u0027s Box","Smiling Mask","Juzu Bracelet","Coffee Dripper","Omamori"],"potions_floor_usage":[16,22,27,27],"damage_taken":[{"damage":10,"enemies":"Small Slimes","floor":1,"turns":3},{"damage":1,"enemies":"Cultist","floor":2,"turns":3},{"damage":7,"enemies":"Jaw Worm","floor":3,"turns":2},{"damage":5,"enemies":"Blue Slaver","floor":4,"turns":2},{"damage":13,"enemies":"Large Slime","floor":5,"turns":4},{"damage":12,"enemies":"Lagavulin","floor":7,"turns":6},{"damage":0,"enemies":"Exordium Thugs","floor":10,"turns":4},{"damage":0,"enemies":"Looter","floor":12,"turns":2},{"damage":36,"enemies":"Hexaghost","floor":16,"turns":11},{"damage":12,"enemies":"Shell Parasite","floor":18,"turns":4},{"damage":6,"enemies":"Spheric Guardian","floor":21,"turns":3},{"damage":18,"enemies":"Centurion and Healer","floor":22,"turns":4},{"damage":28,"enemies":"Snecko","floor":24,"turns":5},{"damage":19,"enemies":"3 Cultists","floor":25,"turns":4},{"damage":36,"enemies":"Book of Stabbing","floor":27,"turns":4}],"seed_played":"-3257276677617913949","potions_obtained":[{"floor":2,"key":"Block Potion"},{"floor":3,"key":"Swift Potion"},{"floor":16,"key":"Weak Potion"},{"floor":25,"key":"Fire Potion"}],"is_trial":false,"path_per_floor":["M","M","M","M","M","R","E","?","T","M","R","M","R","?","R","B",null,"M","?","?","M","M","R","M","M","T","E"],"character_chosen":"IRONCLAD","items_purchased":[],"campfire_rested":2,"item_purchase_floors":[],"current_hp_per_floor":[58,57,50,45,32,32,20,20,20,20,20,20,42,31,53,17,61,49,49,49,49,48,48,32,25,25,0],"gold":523,"neow_bonus":"BOSS_RELIC","is_prod":false,"is_daily":false,"chose_seed":false,"campfire_upgraded":3,"win_rate":0,"timestamp":1557054247,"path_taken":["M","M","M","M","M","R","E","?","T","M","R","M","R","?","R","BOSS","M","?","?","M","M","R","M","M","T","E"],"build_version":"2019-01-23","purchased_purges":0,"victory":false,"max_hp_per_floor":[75,75,75,75,75,75,75,75,75,75,75,75,75,75,75,75,75,75,52,52,55,55,55,58,58,58,58],"card_choices":[{"not_picked":["Iron Wave","Rage"],"picked":"Armaments","floor":1},{"not_picked":["Clash","Havoc"],"picked":"Armaments","floor":2},{"not_picked":["True Grit","Wild Strike"],"picked":"Shrug It Off","floor":3},{"not_picked":["Anger","Hemokinesis"],"picked":"Whirlwind","floor":4},{"not_picked":["Hemokinesis","Perfected Strike"],"picked":"Intimidate","floor":5},{"not_picked":["Dual Wield","Hemokinesis"],"picked":"Offering","floor":7},{"not_picked":["Heavy Blade","Bloodletting"],"picked":"Seeing Red","floor":10},{"not_picked":["Iron Wave","Thunderclap","Rupture"],"picked":"SKIP","floor":12},{"not_picked":["Brutality","Berserk"],"picked":"Feed","floor":16},{"not_picked":["Rupture+1","Dropkick"],"picked":"Battle Trance","floor":18},{"not_picked":["Seeing Red","Sword Boomerang+1"],"picked":"Warcry+1","floor":21},{"not_picked":["Iron Wave","Pummel"],"picked":"Flame Barrier","floor":22},{"not_picked":["Sentinel+1","Rampage"],"picked":"Battle Trance+1","floor":24},{"not_picked":["Headbutt","Searing Blow","Rage"],"picked":"SKIP","floor":25}],"player_experience":1103473,"relics_obtained":[{"floor":7,"key":"Smiling Mask"},{"floor":9,"key":"Juzu Bracelet"},{"floor":26,"key":"Omamori"}],"event_choices":[{"damage_healed":0,"gold_gain":0,"player_choice":"Upgraded","damage_taken":0,"max_hp_gain":0,"max_hp_loss":0,"event_name":"Upgrade Shrine","floor":8,"gold_loss":0,"cards_upgraded":["Shrug It Off"]},{"damage_healed":0,"gold_gain":75,"player_choice":"Gather Gold","damage_taken":11,"max_hp_gain":0,"max_hp_loss":0,"event_name":"World of Goop","floor":14,"gold_loss":0},{"damage_healed":0,"gold_gain":0,"player_choice":"Became a vampire","damage_taken":0,"max_hp_gain":0,"max_hp_loss":23,"event_name":"Vampires","floor":19,"gold_loss":0,"cards_obtained":["Bite","Bite","Bite","Bite","Bite"]},{"cards_removed":["Barricade"],"damage_healed":0,"gold_gain":0,"player_choice":"Elegance","damage_taken":0,"max_hp_gain":0,"max_hp_loss":0,"event_name":"Back to Basics","floor":20,"gold_loss":0}],"is_beta":false,"boss_relics":[{"not_picked":["Astrolabe","Philosopher\u0027s Stone"],"picked":"Coffee Dripper"}],"items_purged_floors":[],"is_endless":false,"potions_floor_spawned":[2,3,5,16,21,25],"killed_by":"Book of Stabbing","ascension_level":16}