{"gold_per_floor":[114,134,186,24,24,24,41,57,81,108,108,124,149,13,13,112,112,131,150,165,175,175,175,209,229,302,328,328,347,364,364,364,467,467,479,489,506,524,292,292,318,334,334,334,334,334,334,352,352,352,352,352,37,62,62],"floor_reached":56,"playtime":3118,"items_purged":["Perfected Strike"],"score":1683,"play_id":"51c8d105-90ac-4d18-b84d-4356dbaa44bb","local_time":"20190402174010","is_ascension_mode":true,"campfire_choices":[{"data":"Bash","floor":6.0,"key":"SMITH"},{"data":"Shockwave","floor":11.0,"key":"SMITH"},{"floor":15.0,"key":"REST"},{"data":"Disarm","floor":23,"key":"SMITH"},{"floor":28,"key":"REST"},{"data":"Spot Weakness","floor":32,"key":"SMITH"},{"floor":40,"key":"REST"},{"floor":44,"key":"REST"},{"floor":47,"key":"RECALL"},{"floor":49,"key":"REST"},{"data":"Feel No Pain","floor":52,"key":"SMITH"}],"neow_cost":"NONE","seed_source_timestamp":0,"circlet_count":0,"master_deck":["Bash+1","Disarm+1","Shockwave+1","Feel No Pain+1","Feel No Pain","Combust","Offering","Combust","Metallicize","Impervious","Shrug It Off+1","Spot Weakness+1","Shrug It Off+1","Anger+1","Flame Barrier+1","Warcry+1","Feed","Iron Wave","Double Tap+1","Feed","Flex+1","Anger","Infernal Blade+1","Juggernaut","Corruption","Flex+1","Warcry+1","Madness+1","Madness+1","Barricade","Sentinel+1"],"special_seed":0,"relics":["Burning Blood","Anchor","Regal Pillow","Ornamental Fan","Busted Crown","Enchiridion","PreservedInsect","Toxic Egg 2","Champion Belt","Pandora\u0027s Box","Bronze Scales","Dead Branch","Mummified Hand","Thread and Needle"],"potions_floor_usage":[21,27,33,41,41,55,55,55],"damage_taken":[{"damage":8.0,"enemies":"Jaw Worm","floor":1.0,"turns":5.0},{"damage":0.0,"enemies":"Small Slimes","floor":2.0,"turns":3.0},{"damage":2.0,"enemies":"2 Louse","floor":7.0,"turns":3.0},{"damage":19.0,"enemies":"Exordium Thugs","floor":8.0,"turns":4.0},{"damage":24.0,"enemies":"Lagavulin","floor":10.0,"turns":7.0},{"damage":8.0,"enemies":"2 Fungi Beasts","floor":12.0,"turns":3.0},{"damage":19.0,"enemies":"3 Sentries","floor":13.0,"turns":6.0},{"damage":34.0,"enemies":"Slime Boss","floor":16.0,"turns":8.0},{"damage":11,"enemies":"3 Byrds","floor":18,"turns":5},{"damage":23,"enemies":"2 Thieves","floor":19,"turns":5},{"damage":8,"enemies":"Cultist and Chosen","floor":20,"turns":6},{"damage":7,"enemies":"3 Cultists","floor":21,"turns":5},{"damage":12,"enemies":"Gremlin Leader","floor":24,"turns":5},{"damage":10,"enemies":"Centurion and Healer","floor":25,"turns":6},{"damage":10,"enemies":"Slavers","floor":27,"turns":4},{"damage":12,"enemies":"Snake Plant","floor":29,"turns":5},{"damage":6,"enemies":"3 Cultists","floor":30,"turns":5},{"damage":73,"enemies":"Automaton","floor":33,"turns":9},{"damage":8,"enemies":"3 Darklings","floor":35,"turns":5},{"damage":13,"enemies":"Orb Walker","floor":36,"turns":3},{"damage":29,"enemies":"Transient","floor":37,"turns":5},{"damage":35,"enemies":"3 Darklings","floor":38,"turns":3},{"damage":14,"enemies":"Reptomancer","floor":41,"turns":6},{"damage":27,"enemies":"Maw","floor":42,"turns":6},{"damage":5,"enemies":"4 Shapes","floor":48,"turns":5},{"damage":65,"enemies":"Awakened One","floor":50,"turns":8},{"damage":6,"enemies":"Shield and Spear","floor":54,"turns":5},{"damage":38,"enemies":"The Heart","floor":55,"turns":6}],"seed_played":"743385812454041293","potions_obtained":[{"floor":2.0,"key":"SpeedPotion"},{"floor":10.0,"key":"GamblersBrew"},{"floor":12.0,"key":"Weak Potion"},{"floor":18,"key":"SkillPotion"},{"floor":20,"key":"Regen Potion"},{"floor":25,"key":"PowerPotion"},{"floor":29,"key":"PowerPotion"},{"floor":35,"key":"Poison Potion"},{"floor":42,"key":"Poison Potion"},{"floor":48,"key":"Dexterity Potion"}],"is_trial":false,"path_per_floor":["M","M","?","$","?","R","M","M","T","E","R","M","E","$","R","B",null,"M","M","M","M","?","R","E","M","T","E","R","M","M","?","R","B",null,"M","M","M","M","$","R","E","M","T","R","?","T","R","M","R","B",null,"R","$","E","B",null],"character_chosen":"IRONCLAD","items_purchased":["Shockwave","Feel No Pain","Metallicize","Fruit Juice","Bronze Scales","Corruption","Barricade","Sentinel+1"],"campfire_rested":5,"item_purchase_floors":[4,4,14,14,39,39,53,53],"current_hp_per_floor":[78,84,84,84,66,66,70,57,57,39,39,37,24,24,71,43,81,76,59,57,70,54,54,48,44,44,40,82,76,76,76,76,9,72,70,66,43,14,14,57,52,31,31,75,63,63,63,70,105,49,93,93,93,96,64],"gold":62,"neow_bonus":"TEN_PERCENT_HP_BONUS","is_prod":false,"is_daily":false,"chose_seed":false,"campfire_upgraded":5,"win_rate":0,"timestamp":1554252010,"path_taken":["M","M","?","$","?","R","M","M","T","E","R","M","E","?","R","BOSS","M","M","M","M","?","R","E","M","T","E","R","M","M","?","R","BOSS","M","M","M","M","$","R","E","M","T","R","?","?","R","M","R","BOSS","R","$","E","BOSS"],"build_version":"2019-01-23","purchased_purges":1,"victory":true,"max_hp_per_floor":[88,88,88,88,88,88,88,88,88,88,88,88,88,88,93,93,93,93,93,93,93,93,93,93,93,93,93,93,93,93,93,93,93,93,93,96,96,96,96,96,99,99,99,99,99,99,99,105,105,108,108,108,108,111,111],"card_choices":[{"not_picked":["Shrug It Off","Twin Strike"],"picked":"Disarm","floor":1.0},{"not_picked":["Headbutt","Searing Blow"],"picked":"Clash","floor":2.0},{"not_picked":["Heavy Blade","Rage"],"picked":"Feel No Pain","floor":7.0},{"not_picked":["Second Wind","Havoc"],"picked":"Combust","floor":8.0},{"not_picked":["Sentinel","Headbutt"],"picked":"Offering","floor":10.0},{"not_picked":["Heavy Blade","Headbutt"],"picked":"Combust","floor":12.0},{"not_picked":["Sword Boomerang","Uppercut","Headbutt"],"picked":"SKIP","floor":13.0},{"not_picked":["Double Tap","Dark Embrace"],"picked":"Impervious","floor":16.0},{"not_picked":["Thunderclap"],"picked":"SKIP","floor":18},{"not_picked":[],"picked":"Shrug It Off+1","floor":19},{"not_picked":[],"picked":"Spot Weakness","floor":20},{"not_picked":["Thunderclap"],"picked":"SKIP","floor":21},{"not_picked":["Clothesline"],"picked":"SKIP","floor":24},{"not_picked":["Wild Strike+1"],"picked":"SKIP","floor":25},{"not_picked":[],"picked":"Shrug It Off+1","floor":27},{"not_picked":[],"picked":"Anger+1","floor":29},{"not_picked":["Headbutt"],"picked":"SKIP","floor":30},{"not_picked":[],"picked":"Feed","floor":33},{"not_picked":["Pommel Strike+1"],"picked":"SKIP","floor":35},{"not_picked":["Wild Strike+1"],"picked":"SKIP","floor":36},{"not_picked":["Thunderclap"],"picked":"SKIP","floor":37},{"not_picked":["Cleave"],"picked":"SKIP","floor":38},{"not_picked":[],"picked":"Flex+1","floor":41},{"not_picked":[],"picked":"Warcry+1","floor":42},{"not_picked":["Clothesline"],"picked":"SKIP","floor":48},{"not_picked":["Clothesline+1"],"picked":"SKIP","floor":54}],"player_experience":133763,"relics_obtained":[{"floor":9.0,"key":"Anchor"},{"floor":10.0,"key":"Regal Pillow"},{"floor":13.0,"key":"Ornamental Fan"},{"floor":22,"key":"Enchiridion"},{"floor":24,"key":"PreservedInsect"},{"floor":26,"key":"Toxic Egg 2"},{"floor":27,"key":"Champion Belt"},{"floor":41,"key":"Dead Branch"},{"floor":46,"key":"Mummified Hand"},{"floor":54,"key":"Thread and Needle"}],"event_choices":[{"damage_healed":0.0,"max_hp_gain":0.0,"max_hp_loss":0.0,"gold_gain":52.0,"event_name":"Golden Wing","player_choice":"Gained Gold","floor":3.0,"gold_loss":0.0,"damage_taken":0.0},{"damage_healed":0.0,"max_hp_gain":0.0,"max_hp_loss":0.0,"gold_gain":0.0,"event_name":"Shining Light","player_choice":"Entered Light","floor":5.0,"gold_loss":0.0,"damage_taken":18.0,"cards_upgraded":["Defend_R","Defend_R"]},{"damage_healed":0,"gold_gain":0,"player_choice":"Obtained Book","damage_taken":16,"max_hp_gain":0,"max_hp_loss":0,"event_name":"Cursed Tome","floor":22,"gold_loss":0},{"damage_healed":0,"gold_gain":0,"cards_transformed":["Clash","Strike_R"],"player_choice":"Became Test Subject","damage_taken":0,"max_hp_gain":0,"max_hp_loss":0,"event_name":"Drug Dealer","floor":31,"gold_loss":0,"cards_obtained":["Flame Barrier","Warcry"]},{"damage_healed":0,"gold_gain":0,"player_choice":"Embrace Madness","damage_taken":12,"max_hp_gain":0,"max_hp_loss":0,"event_name":"Winding Halls","floor":45,"gold_loss":0,"cards_obtained":["Madness","Madness"]}],"is_beta":false,"boss_relics":[{"not_picked":["Runic Pyramid","Tiny House"],"picked":"Busted Crown"},{"not_picked":["Eternal Feather","White Beast Statue"],"picked":"Pandora\u0027s Box"}],"items_purged_floors":[53],"is_endless":false,"potions_floor_spawned":[2,10,12,13,18,20,25,29,30,35,42,48],"ascension_level":7}