{"gold_per_floor":[110,126,47,12,12,46,46,46,119,133,159,170,170,190,190,292,292,310,235,435,452,464,464,489,500,500,513,513,162,162,177,177,177],"floor_reached":33,"playtime":1874,"items_purged":["Strike_B"],"score":393,"play_id":"56955a99-c75a-4251-afed-6979d3c54a5e","local_time":"20190502133923","is_ascension_mode":true,"campfire_choices":[{"data":"Streamline","floor":7,"key":"SMITH"},{"data":"Dualcast","floor":13,"key":"SMITH"},{"data":"Defragment","floor":15,"key":"SMITH"},{"data":"Fission","floor":23,"key":"SMITH"},{"floor":28,"key":"REST"},{"floor":32,"key":"REST"}],"neow_cost":"NONE","seed_source_timestamp":14078818438966,"circlet_count":0,"master_deck":["Strike_B","Strike_B","Defend_B","Defend_B","Defend_B","Zap","Dualcast+1","Sweeping Beam","Hologram","Defragment+1","Streamline+1","Rebound","Undo","Glacier","Fission+1","Rainbow","Ball Lightning+1","Conserve Battery+1","Streamline","Cold Snap+1"],"relics":["Cracked Core","NeowsBlessing","Strawberry","DataDisk","Darkstone Periapt","Singing Bowl","Nuclear Battery","Blood Vial","Molten Egg 2","Membership Card","Kunai"],"potions_floor_usage":[11,16,18,21,24,33],"damage_taken":[{"damage":0,"enemies":"Small Slimes","floor":1,"turns":1},{"damage":0,"enemies":"2 Louse","floor":2,"turns":1},{"damage":0,"enemies":"3 Sentries","floor":6,"turns":1},{"damage":0,"enemies":"Cultist","floor":10,"turns":2},{"damage":19,"enemies":"Gremlin Nob","floor":11,"turns":4},{"damage":7,"enemies":"3 Louse","floor":12,"turns":3},{"damage":6,"enemies":"Blue Slaver","floor":14,"turns":4},{"damage":3,"enemies":"The Guardian","floor":16,"turns":15},{"damage":0,"enemies":"2 Thieves","floor":18,"turns":4},{"damage":16,"enemies":"3 Byrds","floor":21,"turns":4},{"damage":15,"enemies":"Snake Plant","floor":22,"turns":4},{"damage":22,"enemies":"Slavers","floor":24,"turns":6},{"damage":10,"enemies":"Chosen and Byrds","floor":25,"turns":6},{"damage":13,"enemies":"Cultist and Chosen","floor":27,"turns":5},{"damage":3,"enemies":"Centurion and Healer","floor":31,"turns":5},{"damage":65,"enemies":"Collector","floor":33,"turns":11}],"seed_played":"443698360885974405","potions_obtained":[{"floor":2,"key":"FocusPotion"},{"floor":6,"key":"FocusPotion"},{"floor":8,"key":"Block Potion"},{"floor":8,"key":"FearPotion"},{"floor":11,"key":"Poison Potion"},{"floor":14,"key":"Explosive Potion"},{"floor":22,"key":"SkillPotion"},{"floor":25,"key":"Dexterity Potion"},{"floor":31,"key":"Swift Potion"}],"is_trial":false,"path_per_floor":["M","M","$","?","?","E","R","?","T","M","E","M","R","M","R","B",null,"M","?","?","M","M","R","E","M","T","M","R","$","?","M","R","B"],"character_chosen":"DEFECT","items_purchased":["Defragment","Membership Card","Kunai"],"campfire_rested":2,"item_purchase_floors":[3,29,29],"current_hp_per_floor":[68,68,68,75,75,75,75,75,75,75,56,49,49,43,43,40,72,72,72,72,56,43,43,21,15,15,4,29,29,29,30,56,0],"gold":177,"neow_bonus":"THREE_ENEMY_KILL","is_prod":false,"is_daily":false,"chose_seed":false,"campfire_upgraded":4,"win_rate":0,"timestamp":1556797163,"path_taken":["M","M","$","?","?","E","R","?","T","M","E","?","R","M","R","BOSS","M","?","?","?","M","R","E","?","T","M","R","?","?","M","R","BOSS"],"build_version":"2019-01-23","purchased_purges":1,"victory":false,"max_hp_per_floor":[75,75,75,75,82,82,82,82,82,82,82,82,82,82,82,82,82,82,82,82,82,84,84,84,86,86,86,86,86,86,88,88,88],"card_choices":[{"not_picked":["Go for the Eyes","Rip and Tear"],"picked":"Sweeping Beam","floor":1},{"not_picked":["Steam Power","BootSequence"],"picked":"Hologram","floor":2},{"not_picked":["Steam","Redo"],"picked":"Streamline","floor":6},{"not_picked":["Storm","Rip and Tear"],"picked":"Rebound","floor":10},{"not_picked":["Double Energy","Ball Lightning"],"picked":"Undo","floor":11},{"not_picked":["Blizzard","Redo"],"picked":"Glacier","floor":12},{"not_picked":["Redo","Chaos"],"picked":"Fission","floor":14},{"not_picked":["All For One","Multi-Cast"],"picked":"Rainbow","floor":16},{"not_picked":["Steam","Hologram+1"],"picked":"Ball Lightning+1","floor":18},{"not_picked":["Consume","Sweeping Beam"],"picked":"Conserve Battery+1","floor":21},{"not_picked":["Hologram","Turbo","Sunder"],"picked":"Singing Bowl","floor":22},{"not_picked":["Barrage","Cold Snap"],"picked":"Streamline","floor":24},{"not_picked":["Hologram","Compile Driver","Beam Cell"],"picked":"Singing Bowl","floor":25},{"not_picked":["Double Energy+1","All For One+1"],"picked":"Cold Snap+1","floor":27},{"not_picked":["Go for the Eyes+1","Cold Snap+1","Steam"],"picked":"Singing Bowl","floor":31}],"player_experience":378734,"relics_obtained":[{"floor":6,"key":"DataDisk"},{"floor":9,"key":"Darkstone Periapt"},{"floor":11,"key":"Singing Bowl"},{"floor":24,"key":"Blood Vial"},{"floor":26,"key":"Molten Egg 2"}],"event_choices":[{"damage_healed":18,"gold_gain":0,"player_choice":"Healed","damage_taken":0,"max_hp_gain":0,"max_hp_loss":0,"event_name":"The Cleric","floor":4,"gold_loss":35},{"damage_healed":0,"gold_gain":0,"player_choice":"Success","damage_taken":7,"relics_obtained":["Strawberry"],"max_hp_gain":0,"max_hp_loss":0,"event_name":"Scrap Ooze","floor":5,"gold_loss":0},{"damage_healed":0,"gold_gain":0,"player_choice":"Got Potions","damage_taken":0,"max_hp_gain":0,"max_hp_loss":0,"event_name":"Lab","floor":8,"gold_loss":0},{"cards_removed":["Strike_B"],"damage_healed":0,"gold_gain":0,"player_choice":"Gave Gold","damage_taken":0,"max_hp_gain":0,"max_hp_loss":0,"event_name":"Beggar","floor":19,"gold_loss":75},{"damage_healed":0,"gold_gain":200,"player_choice":"Gold","damage_taken":0,"max_hp_gain":0,"max_hp_loss":0,"event_name":"Wheel of Change","floor":20,"gold_loss":0},{"cards_removed":["Defend_B"],"damage_healed":0,"gold_gain":0,"player_choice":"Elegance","damage_taken":0,"max_hp_gain":0,"max_hp_loss":0,"event_name":"Back to Basics","floor":30,"gold_loss":0}],"is_beta":false,"boss_relics":[{"not_picked":["Coffee Dripper","Black Star"],"picked":"Nuclear Battery"}],"items_purged_floors":[29],"is_endless":false,"potions_floor_spawned":[2,6,11,14,22,25,31],"killed_by":"Collector","ascension_level":6}