{"gold_per_floor":[116,116,128,53,73,98,98,114,114,114,129,1,1,14,14,115,165,182,182,182,182,201,232,232,262,308,327,327,346,346,358,358,453,453,463,479,257,267,282,328,328,363,418,449,449,192,152,165,165,165],"floor_reached":50,"playtime":3460,"items_purged":["Regret","Zap"],"score":619,"play_id":"09b1ae5b-85f6-4b5a-9301-00481b9d6296","local_time":"20190317215639","is_ascension_mode":true,"campfire_choices":[{"data":"Defragment","floor":7.0,"key":"SMITH"},{"data":"Sunder","floor":13.0,"key":"SMITH"},{"floor":15.0,"key":"REST"},{"data":"Chill","floor":24.0,"key":"SMITH"},{"data":"Beam Cell","floor":28.0,"key":"SMITH"},{"data":"Electrodynamics","floor":30.0,"key":"SMITH"},{"data":"Static Discharge","floor":32.0,"key":"SMITH"},{"data":"Buffer","floor":41,"key":"SMITH"},{"data":"Go for the Eyes","floor":45,"key":"SMITH"},{"floor":49,"key":"RECALL"}],"neow_cost":"NONE","seed_source_timestamp":0,"circlet_count":0,"master_deck":["Strike_B+1","Strike_B+1","Strike_B+1","Strike_B+1","Defend_B+1","Defend_B+1","Defend_B+1","Defend_B+1","Dualcast","Gash","Melter","Defragment+1","Doom and Gloom","Reprogram","Sunder+1","Self Repair+1","Go for the Eyes+1","Beam Cell+1","Echo Form","Chill+1","FTL","Hologram","Leap","Auto Shields","Sunder","Electrodynamics+1","Static Discharge+1","Creative AI+1","Stack+1","Consume+1","Capacitor","Conserve Battery","Turbo+1","Buffer+1","Redo+1","Glacier","Fusion+1"],"special_seed":0,"relics":["Cracked Core","Regal Pillow","Happy Flower","Gremlin Horn","War Paint","Tiny House","Orichalcum","Mango","Bronze Scales","Black Star","Ancient Tea Set","Mummified Hand","Blood Vial","Juzu Bracelet","Art of War","Ornamental Fan"],"potions_floor_usage":[38,39,42],"damage_taken":[{"damage":3.0,"enemies":"Jaw Worm","floor":1.0,"turns":3.0},{"damage":3.0,"enemies":"Cultist","floor":3.0,"turns":3.0},{"damage":0.0,"enemies":"Small Slimes","floor":5.0,"turns":2.0},{"damage":32.0,"enemies":"Gremlin Nob","floor":6.0,"turns":4.0},{"damage":0.0,"enemies":"2 Fungi Beasts","floor":8.0,"turns":1.0},{"damage":0.0,"enemies":"Exordium Thugs","floor":11.0,"turns":4.0},{"damage":12.0,"enemies":"Gremlin Gang","floor":14.0,"turns":3.0},{"damage":37.0,"enemies":"Hexaghost","floor":16.0,"turns":7.0},{"damage":0.0,"enemies":"Spheric Guardian","floor":18.0,"turns":2.0},{"damage":0.0,"enemies":"Chosen","floor":22.0,"turns":3.0},{"damage":33.0,"enemies":"Book of Stabbing","floor":23.0,"turns":6.0},{"damage":1.0,"enemies":"Gremlin Leader","floor":25.0,"turns":4.0},{"damage":15.0,"enemies":"Snake Plant","floor":27.0,"turns":4.0},{"damage":9.0,"enemies":"Sentry and Sphere","floor":29.0,"turns":3.0},{"damage":0.0,"enemies":"Snecko","floor":31.0,"turns":3.0},{"damage":16.0,"enemies":"Automaton","floor":33.0,"turns":6.0},{"damage":6,"enemies":"3 Darklings","floor":35,"turns":5},{"damage":5,"enemies":"3 Shapes","floor":36,"turns":3},{"damage":9,"enemies":"Maw","floor":38,"turns":8},{"damage":29,"enemies":"Transient","floor":39,"turns":5},{"damage":6,"enemies":"Reptomancer","floor":42,"turns":8},{"damage":25,"enemies":"Nemesis","floor":44,"turns":9},{"damage":3,"enemies":"Sphere and 2 Shapes","floor":48,"turns":4},{"damage":65,"enemies":"Awakened One","floor":50,"turns":7}],"seed_played":"-8087877804586349106","potions_obtained":[{"floor":3.0,"key":"SmokeBomb"},{"floor":6.0,"key":"SkillPotion"},{"floor":8.0,"key":"SneckoOil"},{"floor":11.0,"key":"Dexterity Potion"},{"floor":16.0,"key":"SkillPotion"},{"floor":17.0,"key":"Strength Potion"},{"floor":23.0,"key":"SteroidPotion"},{"floor":25.0,"key":"SkillPotion"},{"floor":27.0,"key":"Explosive Potion"},{"floor":33.0,"key":"SkillPotion"},{"floor":39,"key":"Block Potion"}],"is_trial":false,"path_per_floor":["M","?","M","$","M","E","R","M","T","?","M","$","R","M","R","B",null,"M","?","?","?","M","E","R","E","T","M","R","M","R","M","R","B",null,"M","M","$","M","M","T","R","E","T","E","R","$","?","M","R","B"],"character_chosen":"DEFECT","items_purchased":["Self Repair","Go for the Eyes","Capacitor","Conserve Battery","Ornamental Fan"],"campfire_rested":1,"item_purchase_floors":[12,12,37,37,46],"current_hp_per_floor":[72,72,69,69,69,37,37,37,37,37,37,37,37,32,69,32,80,80,80,80,65,65,42,42,75,75,60,60,61,61,71,71,55,99,99,94,94,95,66,66,66,70,70,57,57,57,57,56,56,0],"gold":165,"neow_bonus":"RANDOM_COMMON_RELIC","is_prod":false,"is_daily":false,"chose_seed":false,"campfire_upgraded":8,"win_rate":0,"timestamp":1552827399,"path_taken":["M","?","M","$","M","E","R","M","T","?","M","$","R","?","R","BOSS","M","?","?","?","?","E","R","E","T","M","R","M","R","M","R","BOSS","M","M","$","M","?","?","R","E","T","E","R","$","?","M","R","BOSS"],"build_version":"2019-01-23","purchased_purges":2,"victory":false,"max_hp_per_floor":[75,75,75,75,75,75,75,75,75,75,75,75,75,75,75,75,80,80,80,80,85,85,85,85,99,99,99,99,99,99,99,99,99,99,99,99,99,99,99,99,99,99,99,99,99,99,99,99,99,99],"card_choices":[{"not_picked":["Sweeping Beam","Rip and Tear"],"picked":"Gash","floor":1.0},{"not_picked":["Lockon","Gash"],"picked":"Melter","floor":3.0},{"not_picked":["Redo","Lockon"],"picked":"Defragment","floor":5.0},{"not_picked":["Double Energy","Tempest"],"picked":"Doom and Gloom","floor":6.0},{"not_picked":["Streamline","Scrape"],"picked":"Reprogram","floor":8.0},{"not_picked":["Sweeping Beam","Lockon"],"picked":"Sunder","floor":11.0},{"not_picked":["Darkness","Blizzard"],"picked":"Beam Cell","floor":14.0},{"not_picked":["All For One","Electrodynamics"],"picked":"Echo Form","floor":16.0},{"not_picked":["Sweeping Beam","Aggregate"],"picked":"Chill","floor":17.0},{"not_picked":["Reinforced Body","Leap+1"],"picked":"FTL","floor":18.0},{"not_picked":["Blizzard+1","Sweeping Beam"],"picked":"Hologram","floor":22.0},{"not_picked":["Lockon","Tempest"],"picked":"Leap","floor":23.0},{"not_picked":["Aggregate","Rip and Tear"],"picked":"Auto Shields","floor":25.0},{"not_picked":["Sweeping Beam","Leap"],"picked":"Sunder","floor":27.0},{"not_picked":["Double Energy","Go for the Eyes"],"picked":"Electrodynamics","floor":29.0},{"not_picked":["Force Field","Redo"],"picked":"Static Discharge","floor":31.0},{"not_picked":["Meteor Strike","Machine Learning"],"picked":"Creative AI","floor":33.0},{"not_picked":["Force Field","Heatsinks"],"picked":"Stack+1","floor":35},{"not_picked":["Cold Snap+1","Stack+1"],"picked":"Consume+1","floor":36},{"not_picked":["Beam Cell","Go for the Eyes+1"],"picked":"Turbo+1","floor":38},{"not_picked":["Stack","Consume"],"picked":"Buffer","floor":39},{"not_picked":["Leap+1","Consume"],"picked":"Redo+1","floor":42},{"not_picked":["Barrage","Ball Lightning"],"picked":"Glacier","floor":44},{"not_picked":["Turbo","Creative AI"],"picked":"Fusion+1","floor":48}],"player_experience":114108,"relics_obtained":[{"floor":6.0,"key":"Gremlin Horn"},{"floor":9.0,"key":"War Paint"},{"floor":23.0,"key":"Orichalcum"},{"floor":25.0,"key":"Mango"},{"floor":26.0,"key":"Bronze Scales"},{"floor":42,"key":"Ancient Tea Set"},{"floor":42,"key":"Mummified Hand"},{"floor":43,"key":"Blood Vial"},{"floor":44,"key":"Juzu Bracelet"},{"floor":44,"key":"Art of War"}],"event_choices":[{"damage_healed":0.0,"max_hp_gain":0.0,"max_hp_loss":0.0,"gold_gain":0.0,"event_name":"Big Fish","player_choice":"Box","floor":2.0,"gold_loss":0.0,"damage_taken":0.0,"relics_obtained":["Happy Flower"],"cards_obtained":["Regret"]},{"damage_healed":0.0,"max_hp_gain":0.0,"max_hp_loss":0.0,"gold_gain":0.0,"event_name":"The Woman in Blue","player_choice":"Bought 0 Potions","floor":10.0,"gold_loss":0.0,"damage_taken":0.0},{"damage_healed":0.0,"max_hp_gain":0.0,"max_hp_loss":0.0,"gold_gain":0.0,"event_name":"Ghosts","player_choice":"Ignored","floor":19.0,"gold_loss":0.0,"damage_taken":0.0},{"damage_healed":0.0,"max_hp_gain":0.0,"max_hp_loss":0.0,"gold_gain":0.0,"event_name":"Back to Basics","player_choice":"Simplicity","floor":20.0,"gold_loss":0.0,"damage_taken":0.0,"cards_upgraded":["Strike_B","Strike_B","Strike_B","Strike_B","Defend_B","Defend_B"]},{"damage_healed":0.0,"max_hp_gain":5.0,"max_hp_loss":0.0,"gold_gain":0.0,"event_name":"Forgotten Altar","player_choice":"Shed Blood","floor":21.0,"gold_loss":0.0,"damage_taken":20.0},{"damage_healed":0,"gold_gain":0,"player_choice":"Upgrade","damage_taken":0,"max_hp_gain":0,"max_hp_loss":0,"event_name":"Designer","floor":47,"gold_loss":40,"cards_upgraded":["Creative AI"]}],"is_beta":false,"boss_relics":[{"not_picked":["Cursed Key","Fusion Hammer"],"picked":"Tiny House"},{"not_picked":["Eternal Feather","Inserter"],"picked":"Black Star"}],"items_purged_floors":[4,37],"is_endless":false,"potions_floor_spawned":[3,6,8,11,16,23,25,27,33,38,39],"killed_by":"Awakened One","ascension_level":1}