{"gold_per_floor":[115,130,149,159,176,206,206,281,308,343,343,343,64,83,83,209,209,225,246,171,185,185,246,246,246,246,246,267,288,41,79,79,198,198,217,230,48,48,0,36,36,54,54,54,88,112,112,146,158,170],"floor_reached":51,"playtime":2827,"items_purged":["Strike_G","Strike_G"],"score":1092,"play_id":"6e7a82e8-b1a1-47f6-b3f9-c1ae57431a1d","local_time":"20180825221957","is_ascension_mode":true,"campfire_choices":[{"floor":11,"key":"REST"},{"data":"Storm of Steel","floor":15,"key":"SMITH"},{"floor":25,"key":"REST"},{"floor":27,"key":"REST"},{"floor":32,"key":"REST"},{"floor":44,"key":"REST"},{"floor":49,"key":"REST"}],"neow_cost":"NONE","seed_source_timestamp":629542935206690,"circlet_count":0,"master_deck":["Defend_G","Defend_G","Defend_G","Defend_G","Defend_G","Strike_G","Strike_G","Survivor","Neutralize","Backflip","Dagger Throw","Bullet Time","Storm of Steel+1","Caltrops","Flying Knee","Glass Knife","Dash+1","Well Laid Plans+1","Noxious Fumes+1","Unload+1","Calculated Gamble+1","Eviscerate+1","Flying Knee+1","Necronomicurse","Dash","Terror","Storm of Steel","Envenom","Dash","Backflip+1","Accuracy","Madness","Dash","Dash","Adrenaline","Dodge and Roll+1"],"relics":["Ring of the Snake","Mango","Bronze Scales","Centennial Puzzle","Golden Idol","Lee\u0027s Waffle","Fusion Hammer","Tiny Chest","Necronomicon","Bottled Lightning","Shuriken","StoneCalendar","WristBlade","Red Mask","Regal Pillow","Question Card","Dream Catcher","Bottled Tornado","MawBank"],"potions_floor_usage":[3,16,16,29,33,50,50,50],"damage_taken":[{"damage":0,"enemies":"Cultist","floor":1,"turns":5},{"damage":4,"enemies":"Small Slimes","floor":2,"turns":4},{"damage":1,"enemies":"Jaw Worm","floor":3,"turns":5},{"damage":0,"enemies":"Blue Slaver","floor":4,"turns":5},{"damage":5,"enemies":"Exordium Wildlife","floor":5,"turns":5},{"damage":39,"enemies":"Lagavulin","floor":6,"turns":8},{"damage":14,"enemies":"Gremlin Nob","floor":10,"turns":4},{"damage":6,"enemies":"Large Slime","floor":14,"turns":5},{"damage":39,"enemies":"Slime Boss","floor":16,"turns":10},{"damage":8,"enemies":"Shell Parasite","floor":18,"turns":4},{"damage":16,"enemies":"Spheric Guardian","floor":19,"turns":4},{"damage":4,"enemies":"Centurion and Healer","floor":21,"turns":5},{"damage":8,"enemies":"Book of Stabbing","floor":23,"turns":4},{"damage":21,"enemies":"Sentry and Sphere","floor":28,"turns":5},{"damage":19,"enemies":"Shelled Parasite and Fungi","floor":29,"turns":4},{"damage":5,"enemies":"Gremlin Leader","floor":31,"turns":5},{"damage":19,"enemies":"Collector","floor":33,"turns":6},{"damage":5,"enemies":"Orb Walker","floor":35,"turns":3},{"damage":9,"enemies":"3 Shapes","floor":36,"turns":6},{"damage":12,"enemies":"2 Orb Walkers","floor":40,"turns":4},{"damage":0,"enemies":"Maw","floor":42,"turns":6},{"damage":7,"enemies":"Nemesis","floor":45,"turns":5},{"damage":8,"enemies":"Flame Bruiser 2 Orb","floor":46,"turns":4},{"damage":28,"enemies":"2 Orb Walkers","floor":48,"turns":4},{"damage":6,"enemies":"Donu and Deca","floor":50,"turns":7}],"seed_played":"-8592819328814176895","potions_obtained":[{"floor":1,"key":"Fire Potion"},{"floor":4,"key":"LiquidBronze"},{"floor":5,"key":"Explosive Potion"},{"floor":10,"key":"Block Potion"},{"floor":16,"key":"PowerPotion"},{"floor":18,"key":"Dexterity Potion"},{"floor":31,"key":"PowerPotion"},{"floor":36,"key":"Swift Potion"},{"floor":45,"key":"Poison Potion"}],"is_trial":false,"path_per_floor":["M","M","M","M","M","E","?","?","T","E","R","?","$","M","R","B",null,"M","M","$","M","?","E","?","R","T","R","M","M","$","E","R","B",null,"M","M","$","?","?","E","T","M","T","R","E","M","?","E","R","B"],"character_chosen":"THE_SILENT","items_purchased":["Lee\u0027s Waffle","Caltrops","Shuriken","Accuracy"],"campfire_rested":6,"item_purchase_floors":[13,13,30,37],"current_hp_per_floor":[70,66,65,65,60,35,35,24,24,10,37,15,98,92,92,53,87,79,63,63,59,59,51,35,64,64,93,72,53,53,48,77,58,88,83,74,74,62,62,50,50,50,50,94,87,79,98,70,98,92],"gold":182,"neow_bonus":"TEN_PERCENT_HP_BONUS","is_prod":false,"is_daily":false,"chose_seed":false,"campfire_upgraded":1,"win_rate":0,"timestamp":1535260797,"path_taken":["M","M","M","?","M","E","?","?","T","E","R","?","$","M","R","BOSS","M","M","$","M","?","E","?","R","T","R","M","M","$","E","R","BOSS","M","M","$","?","?","E","?","M","T","R","E","?","?","E","R","BOSS"],"build_version":"2018-08-23v2","purchased_purges":2,"victory":true,"max_hp_per_floor":[77,77,77,77,77,91,91,91,91,91,91,91,98,98,98,98,98,98,98,98,98,98,98,98,98,98,98,98,98,98,98,98,98,98,98,98,98,98,98,98,98,98,98,98,98,98,98,98,98,98],"card_choices":[{"not_picked":["Choke","Dodge and Roll","Masterful Stab"],"picked":"SKIP","floor":1},{"not_picked":["Deflect","Calculated Gamble"],"picked":"Backflip","floor":2},{"not_picked":["Well Laid Plans","Deflect"],"picked":"Dagger Throw","floor":3},{"not_picked":["Bane","Bouncing Flask"],"picked":"Quick Slash","floor":4},{"not_picked":["Endless Agony","Terror"],"picked":"Poisoned Stab","floor":5},{"not_picked":["Acrobatics","Outmaneuver"],"picked":"Bullet Time","floor":6},{"not_picked":["Blade Dance","Concentrate"],"picked":"Slice","floor":10},{"not_picked":["Dodge and Roll","Heel Hook"],"picked":"Flying Knee","floor":14},{"not_picked":["Doppelganger","A Thousand Cuts"],"picked":"Glass Knife","floor":16},{"not_picked":["Outmaneuver","Dagger Throw+1"],"picked":"Dash+1","floor":18},{"not_picked":["Poisoned Stab","PiercingWail+1"],"picked":"Well Laid Plans+1","floor":19},{"not_picked":["Blade Dance+1","Deflect+1"],"picked":"Noxious Fumes+1","floor":21},{"not_picked":["All Out Attack","Poisoned Stab"],"picked":"Flying Knee+1","floor":23},{"not_picked":["Quick Slash","Sucker Punch+1"],"picked":"Dash","floor":28},{"not_picked":["Dagger Spray+1","Escape Plan"],"picked":"Terror","floor":29},{"not_picked":["Blur+1","Concentrate"],"picked":"Storm of Steel","floor":31},{"not_picked":["Venomology","Wraith Form v2"],"picked":"Envenom","floor":33},{"not_picked":["Deadly Poison","Blade Dance"],"picked":"Dash","floor":35},{"not_picked":["Poisoned Stab","Predator+1"],"picked":"Backflip+1","floor":36},{"not_picked":["Outmaneuver+1","Bane"],"picked":"Dash","floor":40},{"not_picked":["Quick Slash+1","Cloak And Dagger","Underhanded Strike"],"picked":"Dash","floor":42},{"not_picked":["Masterful Stab","Flying Knee+1","Acrobatics+1"],"picked":"Adrenaline","floor":44},{"not_picked":["Dagger Spray","Bane","Distraction","Sucker Punch"],"picked":"SKIP","floor":45},{"not_picked":["Flechettes+1","Escape Plan","Dagger Throw+1","Outmaneuver"],"picked":"SKIP","floor":46},{"not_picked":["Expertise","Prepared","Sucker Punch+1","Slice+1"],"picked":"SKIP","floor":48},{"not_picked":["Endless Agony","Cloak And Dagger","Bane"],"picked":"Dodge and Roll+1","floor":49}],"player_experience":153120,"relics_obtained":[{"floor":6,"key":"Mango"},{"floor":9,"key":"Bronze Scales"},{"floor":10,"key":"Centennial Puzzle"},{"floor":23,"key":"Tiny Chest"},{"floor":24,"key":"Necronomicon"},{"floor":26,"key":"Bottled Lightning"},{"floor":31,"key":"StoneCalendar"},{"floor":40,"key":"Regal Pillow"},{"floor":41,"key":"Question Card"},{"floor":43,"key":"Dream Catcher"},{"floor":45,"key":"Bottled Tornado"},{"floor":48,"key":"MawBank"}],"event_choices":[{"event_name":"Transmorgrifier","player_choice":"Transform","floor":7,"damage_taken":0},{"event_name":"World of Goop","player_choice":"Gather Gold","floor":8,"damage_taken":0},{"event_name":"Golden Idol","player_choice":"Take Damage","floor":12,"damage_taken":0},{"event_name":"Drug Dealer","player_choice":"Became Test Subject","floor":22,"damage_taken":0},{"event_name":"Cursed Tome","player_choice":"Obtained Book","floor":24,"damage_taken":0},{"event_name":"Winding Halls","player_choice":"Embrace Madness","floor":38,"damage_taken":0},{"event_name":"Tomb of Lord Red Mask","player_choice":"Paid","floor":39,"damage_taken":0},{"event_name":"Bonfire Elementals","player_choice":"UNCOMMON","floor":47,"damage_taken":0}],"is_beta":false,"boss_relics":[{"not_picked":["Busted Crown","Astrolabe"],"picked":"Fusion Hammer"},{"not_picked":["Philosopher\u0027s Stone","Runic Dome"],"picked":"WristBlade"}],"items_purged_floors":[20,37],"is_endless":false,"potions_floor_spawned":[1,4,5,10,16,18,31,36,40,45,48],"ascension_level":7}