{"gold_per_floor":[11,11,72,90,104,104,135,154,202,252,279,289,350,400,400,497,497,507,584,598,648,10,41,91,56,104,117,151,3,30,46,46,150,150,169,441,491,90,105,132,182,182,209,209,359,376,409,105,105,105],"floor_reached":51,"playtime":2048,"items_purged":["Pain","Defend_R","Defend_R","Injury"],"score":1197,"play_id":"0721c65f-386a-47ea-9cdf-34ec5ea77ebc","local_time":"20190114163739","is_ascension_mode":true,"campfire_choices":[{"data":"Feed","floor":6,"key":"SMITH"},{"data":"Disarm","floor":15,"key":"SMITH"},{"data":"Demon Form","floor":32,"key":"SMITH"},{"data":"Sword Boomerang","floor":42,"key":"SMITH"},{"data":"Pummel","floor":44,"key":"SMITH"},{"floor":49,"key":"REST"}],"neow_cost":"NO_GOLD","seed_source_timestamp":764505064729432,"circlet_count":0,"master_deck":["Strike_R","Strike_R+1","Defend_R","Defend_R","Bash","Feed+1","Pommel Strike","Pommel Strike","Uppercut","Sword Boomerang+1","Ghostly Armor","Disarm+1","Power Through+1","Rage+1","Shrug It Off+1","Bludgeon","Clash+1","Headbutt+1","Jack Of All Trades+1","Havoc+1","Demon Form+1","Shrug It Off+1","Pommel Strike","Pummel+1","Thunderclap+1","Rage+1","Headbutt+1","Deep Breath+1","Secret Technique+1","Sword Boomerang+1","Sword Boomerang+1","Apotheosis+1","Master of Strategy+1","Bandage Up+1","Bloodletting+1","Exhume+1"],"relics":["Burning Blood","SsserpentHead","Centennial Puzzle","Whetstone","WarpedTongs","Toxic Egg 2","Runic Dome","Red Mask","Sling","Paper Frog","Juzu Bracelet","Shuriken","Happy Flower","Bottled Tornado","Bottled Flame","Cursed Key","PreservedInsect","Smiling Mask","StoneCalendar","Ginger","Bag of Preparation"],"potions_floor_usage":[13,13,16,16,23,30,30],"damage_taken":[{"damage":4,"enemies":"Jaw Worm","floor":1,"turns":5},{"damage":1,"enemies":"Cultist","floor":3,"turns":3},{"damage":5,"enemies":"Small Slimes","floor":4,"turns":4},{"damage":10,"enemies":"Gremlin Gang","floor":5,"turns":5},{"damage":53,"enemies":"Lagavulin","floor":7,"turns":8},{"damage":4,"enemies":"Looter","floor":8,"turns":4},{"damage":30,"enemies":"3 Sentries","floor":11,"turns":7},{"damage":20,"enemies":"Large Slime","floor":12,"turns":8},{"damage":8,"enemies":"Gremlin Gang","floor":13,"turns":8},{"damage":11,"enemies":"Hexaghost","floor":16,"turns":9},{"damage":25,"enemies":"2 Thieves","floor":18,"turns":5},{"damage":5,"enemies":"Masked Bandits","floor":19,"turns":4},{"damage":12,"enemies":"Spheric Guardian","floor":20,"turns":3},{"damage":11,"enemies":"Slavers","floor":23,"turns":4},{"damage":4,"enemies":"3 Cultists","floor":27,"turns":6},{"damage":20,"enemies":"Gremlin Leader","floor":28,"turns":5},{"damage":11,"enemies":"Slavers","floor":30,"turns":3},{"damage":0,"enemies":"Snecko","floor":31,"turns":3},{"damage":3,"enemies":"Champ","floor":33,"turns":6},{"damage":5,"enemies":"3 Shapes","floor":35,"turns":3},{"damage":0,"enemies":"Orb Walker","floor":39,"turns":2},{"damage":0,"enemies":"Reptomancer","floor":40,"turns":3},{"damage":0,"enemies":"Mind Bloom Boss Battle","floor":45,"turns":3},{"damage":35,"enemies":"4 Shapes","floor":46,"turns":5},{"damage":6,"enemies":"Nemesis","floor":47,"turns":3},{"damage":38,"enemies":"Donu and Deca","floor":50,"turns":6}],"seed_played":"294818572137213843","potions_obtained":[{"floor":1,"key":"Dexterity Potion"},{"floor":7,"key":"Weak Potion"},{"floor":11,"key":"GamblersBrew"},{"floor":13,"key":"LiquidBronze"},{"floor":20,"key":"Fire Potion"},{"floor":27,"key":"SmokeBomb"},{"floor":28,"key":"Energy Potion"},{"floor":33,"key":"Weak Potion"},{"floor":47,"key":"FearPotion"}],"is_trial":false,"path_per_floor":["M","?","M","M","M","R","E","M","T","?","E","M","M","?","R","B",null,"M","?","M","?","$","E","?","?","T","M","E","$","E","M","R","B",null,"M","?","?","$","M","E","?","R","T","R","?","M","E","$","R","B",null],"character_chosen":"IRONCLAD","items_purchased":["Sling","Paper Frog","Jack Of All Trades+1","Havoc+1","SteroidPotion","Deep Breath+1","Secret Technique+1","Exhume+1","Bag of Preparation"],"campfire_rested":1,"item_purchase_floors":[22,22,22,22,29,38,38,48,48],"current_hp_per_floor":[77,77,82,86,85,85,42,44,44,44,24,10,12,12,12,7,78,63,68,62,109,109,108,108,108,108,114,100,100,99,105,105,108,118,123,123,123,123,125,125,115,115,115,115,125,106,106,106,129,107],"gold":105,"neow_bonus":"TRANSFORM_TWO_CARDS","is_prod":false,"is_daily":false,"chose_seed":false,"campfire_upgraded":5,"win_rate":0,"timestamp":1547483859,"path_taken":["M","?","?","M","M","R","E","M","T","?","E","M","?","?","R","BOSS","M","?","M","?","$","E","?","?","T","M","E","$","E","M","R","BOSS","M","?","?","$","M","E","?","R","T","R","?","M","E","?","R","BOSS"],"build_version":"2019-01-10","purchased_purges":4,"victory":true,"max_hp_per_floor":[83,83,83,86,89,89,93,93,93,93,97,97,101,101,101,101,101,105,109,109,109,109,113,113,113,113,117,117,117,121,121,121,121,121,125,125,125,125,125,125,125,125,125,125,125,129,129,129,129,133],"card_choices":[{"not_picked":["Dropkick","Flex"],"picked":"Pommel Strike","floor":1},{"not_picked":["Perfected Strike","Heavy Blade"],"picked":"Uppercut","floor":3},{"not_picked":["Corruption","Havoc"],"picked":"Sword Boomerang","floor":4},{"not_picked":["Dual Wield","Hemokinesis"],"picked":"Ghostly Armor","floor":5},{"not_picked":["Clash","Rampage"],"picked":"Disarm","floor":7},{"not_picked":["Warcry","Clothesline","Flex"],"picked":"SKIP","floor":8},{"not_picked":["Flex","Wild Strike"],"picked":"Power Through","floor":11},{"not_picked":["Feed","Heavy Blade"],"picked":"Rage+1","floor":12},{"not_picked":["Warcry+1","True Grit+1"],"picked":"Shrug It Off+1","floor":13},{"not_picked":["Juggernaut","Exhume+1"],"picked":"Bludgeon","floor":16},{"not_picked":["Second Wind+1","Rampage+1"],"picked":"Clash+1","floor":18},{"not_picked":["Rage+1","Sentinel+1"],"picked":"Headbutt+1","floor":20},{"not_picked":["Cleave","Heavy Blade"],"picked":"Demon Form","floor":23},{"not_picked":["Fire Breathing+1","Dual Wield+1"],"picked":"Pommel Strike","floor":27},{"not_picked":["Reckless Charge","Carnage"],"picked":"Pummel","floor":28},{"not_picked":["Anger","Armaments+1"],"picked":"Thunderclap+1","floor":30},{"not_picked":["Thunderclap","Inflame"],"picked":"Rage+1","floor":31},{"not_picked":["Wild Strike+1","Iron Wave+1"],"picked":"Headbutt+1","floor":35},{"not_picked":["Ghostly Armor+1","Perfected Strike"],"picked":"Sword Boomerang+1","floor":39},{"not_picked":["Iron Wave+1","Ghostly Armor+1"],"picked":"Sword Boomerang+1","floor":40},{"not_picked":["Chrysalis+1","Deep Breath+1"],"picked":"Apotheosis+1","floor":41},{"not_picked":["Good Instincts+1","Forethought+1"],"picked":"Master of Strategy+1","floor":41},{"not_picked":["Impatience+1","Forethought+1"],"picked":"Bandage Up+1","floor":41},{"not_picked":["Perfected Strike","Pommel Strike","Twin Strike+1"],"picked":"SKIP","floor":46},{"not_picked":["Armaments+1","Dropkick+1"],"picked":"Bloodletting+1","floor":47}],"player_experience":83143,"relics_obtained":[{"floor":7,"key":"Centennial Puzzle"},{"floor":9,"key":"Whetstone"},{"floor":11,"key":"Toxic Egg 2"},{"floor":19,"key":"Red Mask"},{"floor":23,"key":"Juzu Bracelet"},{"floor":26,"key":"Happy Flower"},{"floor":28,"key":"Bottled Tornado"},{"floor":30,"key":"Bottled Flame"},{"floor":40,"key":"PreservedInsect"},{"floor":43,"key":"Smiling Mask"},{"floor":45,"key":"StoneCalendar"},{"floor":47,"key":"Ginger"}],"event_choices":[{"damage_healed":0,"gold_gain":0,"player_choice":"Trade","damage_taken":0,"relics_obtained":["SsserpentHead"],"max_hp_gain":0,"max_hp_loss":0,"event_name":"FaceTrader","floor":2,"gold_loss":0},{"damage_healed":0,"gold_gain":0,"player_choice":"Rummage","damage_taken":0,"relics_obtained":["WarpedTongs"],"max_hp_gain":0,"max_hp_loss":0,"event_name":"Accursed Blacksmith","floor":10,"gold_loss":0,"cards_obtained":["Pain"]},{"damage_healed":0,"gold_gain":0,"player_choice":"Ignored","damage_taken":0,"max_hp_gain":0,"max_hp_loss":0,"event_name":"Shining Light","floor":14,"gold_loss":0},{"damage_healed":0,"gold_gain":0,"player_choice":"Fought Bandits","damage_taken":0,"max_hp_gain":0,"max_hp_loss":0,"event_name":"Masked Bandits","floor":19,"gold_loss":0},{"damage_healed":47,"gold_gain":0,"player_choice":"Full Heal","damage_taken":0,"max_hp_gain":0,"max_hp_loss":0,"event_name":"Wheel of Change","floor":21,"gold_loss":0},{"damage_healed":0,"gold_gain":0,"player_choice":"Read","damage_taken":0,"max_hp_gain":0,"max_hp_loss":0,"event_name":"The Library","floor":24,"gold_loss":0,"cards_obtained":["Shrug It Off"]},{"damage_healed":0,"gold_gain":0,"player_choice":"Obtained Relic","damage_taken":0,"relics_obtained":["Shuriken"],"max_hp_gain":0,"max_hp_loss":0,"event_name":"Addict","floor":25,"gold_loss":85},{"damage_healed":0,"gold_gain":222,"player_choice":"Wore Mask","damage_taken":0,"max_hp_gain":0,"max_hp_loss":0,"event_name":"Tomb of Lord Red Mask","floor":36,"gold_loss":0},{"cards_removed":["Strike_R"],"damage_healed":0,"gold_gain":0,"player_choice":"Removed Attack","damage_taken":0,"max_hp_gain":0,"max_hp_loss":0,"event_name":"Falling","floor":37,"gold_loss":0},{"damage_healed":0,"gold_gain":0,"player_choice":"Memory 3","damage_taken":10,"max_hp_gain":0,"max_hp_loss":0,"event_name":"SensoryStone","floor":41,"gold_loss":0},{"damage_healed":0,"gold_gain":0,"player_choice":"Fight","damage_taken":0,"max_hp_gain":0,"max_hp_loss":0,"event_name":"MindBloom","floor":45,"gold_loss":0}],"is_beta":false,"boss_relics":[{"not_picked":["Ectoplasm","Tiny House"],"picked":"Runic Dome"},{"not_picked":["Orrery","Eternal Feather"],"picked":"Cursed Key"}],"items_purged_floors":[22,29,38,48],"is_endless":false,"potions_floor_spawned":[1,7,11,13,20,27,28,33,47],"ascension_level":8}