{"gold_per_floor":[14,33,208,110,410,444,460,479,479,492,492,525,525,560,560,657,657,674,674,372,389,407,407,426,439,491,507,535,535,561,561,561,664,664,684,283,283,65,84,84,84,113,113,113,132,132,132,149,149,149],"floor_reached":51,"playtime":3892,"items_purged":["Doubt","Strike_B"],"score":797,"play_id":"a75f60bd-4b54-4f16-bd4f-d62aae46a88f","local_time":"20190415212451","is_ascension_mode":true,"campfire_choices":[{"data":"Zap","floor":11,"key":"SMITH"},{"data":"Seek","floor":13,"key":"SMITH"},{"data":"Dualcast","floor":15,"key":"SMITH"},{"floor":23,"key":"REST"},{"floor":29,"key":"REST"},{"floor":32,"key":"REST"},{"floor":40,"key":"REST"},{"floor":44,"key":"REST"},{"floor":46,"key":"REST"},{"floor":49,"key":"REST"}],"neow_cost":"NO_GOLD","seed_source_timestamp":76724135378362,"circlet_count":0,"master_deck":["Strike_B","Defend_B","Defend_B","Defend_B","Defend_B","Zap+1","Dualcast+1","Capacitor","All For One","White Noise","Coolheaded","Cold Snap","Seek+1","Beam Cell","FTL","Go for the Eyes","Core Surge","All For One","Blizzard+1","Metamorphosis","Compile Driver+1","Barrage","Ball Lightning","Gash+1","Chill","Beam Cell+1","Biased Cognition","BootSequence","FTL","Writhe","Gash","White Noise+1","Gash"],"relics":["Cracked Core","Old Coin","Meat on the Bone","Bottled Lightning","Art of War","Fusion Hammer","Potion Belt","DataDisk","Nloth\u0027s Gift","Eternal Feather","Whetstone","ClockworkSouvenir","Bronze Scales","Toxic Egg 2","Singing Bowl"],"potions_floor_usage":[12,24,25,28,50,50],"damage_taken":[{"damage":3,"enemies":"Jaw Worm","floor":1,"turns":4},{"damage":2,"enemies":"Small Slimes","floor":2,"turns":6},{"damage":8,"enemies":"3 Sentries","floor":6,"turns":4},{"damage":1,"enemies":"2 Louse","floor":7,"turns":3},{"damage":11,"enemies":"Red Slaver","floor":8,"turns":4},{"damage":8,"enemies":"Looter","floor":10,"turns":3},{"damage":3,"enemies":"Lagavulin","floor":12,"turns":5},{"damage":10,"enemies":"3 Sentries","floor":14,"turns":7},{"damage":13,"enemies":"The Guardian","floor":16,"turns":12},{"damage":5,"enemies":"Chosen","floor":18,"turns":3},{"damage":0,"enemies":"3 Byrds","floor":21,"turns":4},{"damage":2,"enemies":"Centurion and Healer","floor":22,"turns":4},{"damage":0,"enemies":"3 Cultists","floor":24,"turns":3},{"damage":18,"enemies":"Shelled Parasite and Fungi","floor":25,"turns":4},{"damage":18,"enemies":"Centurion and Healer","floor":27,"turns":3},{"damage":26,"enemies":"Book of Stabbing","floor":28,"turns":4},{"damage":0,"enemies":"Gremlin Leader","floor":30,"turns":4},{"damage":10,"enemies":"Automaton","floor":33,"turns":6},{"damage":2,"enemies":"3 Darklings","floor":35,"turns":5},{"damage":0,"enemies":"3 Shapes","floor":39,"turns":5},{"damage":11,"enemies":"Reptomancer","floor":42,"turns":4},{"damage":58,"enemies":"Writhing Mass","floor":45,"turns":5},{"damage":5,"enemies":"Sphere and 2 Shapes","floor":48,"turns":4},{"damage":71,"enemies":"Awakened One","floor":50,"turns":10}],"seed_played":"-3493154152012130161","potions_obtained":[{"floor":1,"key":"Regen Potion"},{"floor":2,"key":"EssenceOfSteel"},{"floor":12,"key":"EssenceOfSteel"},{"floor":14,"key":"SneckoOil"},{"floor":18,"key":"Regen Potion"},{"floor":21,"key":"AttackPotion"},{"floor":42,"key":"FearPotion"},{"floor":45,"key":"Dexterity Potion"}],"is_trial":false,"path_per_floor":["M","M","?","$","?","E","M","M","T","M","R","E","R","E","R","B",null,"M","?","$","M","M","R","M","M","T","M","E","R","E","?","R","B",null,"M","$","?","$","M","R","?","E","T","R","M","R","?","M","R","B",null],"character_chosen":"DEFECT","items_purchased":["Cold Snap","Metamorphosis","Compile Driver","FTL","Whetstone","ClockworkSouvenir","Bronze Scales","LiquidBronze"],"campfire_rested":7,"item_purchase_floors":[4,20,20,36,36,36,38,38],"current_hp_per_floor":[72,70,70,70,67,59,58,47,47,39,39,50,50,40,40,39,75,70,70,70,70,68,75,75,66,66,48,34,56,56,56,75,65,75,73,73,73,73,73,75,75,64,64,75,29,69,71,66,77,18],"gold":149,"neow_bonus":"TRANSFORM_TWO_CARDS","is_prod":false,"is_daily":false,"chose_seed":false,"campfire_upgraded":3,"win_rate":0,"timestamp":1555359891,"path_taken":["M","M","?","$","?","E","M","M","T","M","R","E","R","E","R","BOSS","M","?","$","M","M","R","?","M","T","M","E","R","E","?","R","BOSS","M","$","?","$","M","R","?","E","T","R","M","R","?","M","R","BOSS"],"build_version":"2019-01-23","purchased_purges":2,"victory":true,"max_hp_per_floor":[75,75,75,75,75,75,75,75,75,75,75,75,75,75,75,75,75,75,75,75,75,75,75,75,75,75,75,75,75,75,75,75,75,75,75,75,75,75,75,75,75,75,75,75,75,75,77,77,77,77],"card_choices":[{"not_picked":["Cold Snap","Reinforced Body"],"picked":"White Noise","floor":1},{"not_picked":["Blizzard","Barrage"],"picked":"Coolheaded","floor":2},{"not_picked":["Double Energy","Turbo"],"picked":"Seek","floor":6},{"not_picked":["Compile Driver","Chaos","Sunder"],"picked":"SKIP","floor":7},{"not_picked":["Sweeping Beam","Reprogram"],"picked":"Beam Cell","floor":8},{"not_picked":["Undo","Double Energy"],"picked":"FTL","floor":10},{"not_picked":["Rebound","Streamline"],"picked":"Go for the Eyes","floor":12},{"not_picked":["Turbo","Chaos"],"picked":"Core Surge","floor":14},{"not_picked":["Buffer","Reboot"],"picked":"All For One","floor":16},{"not_picked":["Steam Power","Storm+1"],"picked":"Blizzard+1","floor":18},{"not_picked":["Genetic Algorithm","Streamline"],"picked":"Barrage","floor":21},{"not_picked":["Turbo+1","Conserve Battery"],"picked":"Ball Lightning","floor":22},{"not_picked":["Steam","Ball Lightning"],"picked":"Gash","floor":24},{"not_picked":["Steam+1","Sweeping Beam"],"picked":"Chill","floor":25},{"not_picked":["Turbo+1","Compile Driver+1"],"picked":"Beam Cell+1","floor":27},{"not_picked":["Auto Shields","Rip and Tear","Cold Snap"],"picked":"SKIP","floor":28},{"not_picked":["Turbo","Lockon","Go for the Eyes"],"picked":"SKIP","floor":30},{"not_picked":["Hyperbeam","Multi-Cast"],"picked":"Biased Cognition","floor":33},{"not_picked":["Chaos+1","Sweeping Beam"],"picked":"BootSequence","floor":35},{"not_picked":["Sunder+1","Multi-Cast","Sweeping Beam"],"picked":"SKIP","floor":39},{"not_picked":["Beam Cell+1","Buffer"],"picked":"Gash","floor":42},{"not_picked":["Reprogram+1","Ball Lightning+1"],"picked":"White Noise+1","floor":45},{"not_picked":["Metamorphosis+1","Magnetism","Dramatic Entrance"],"picked":"Singing Bowl","floor":47},{"not_picked":["Steam+1","Sunder+1"],"picked":"Gash","floor":48}],"player_experience":1761574,"relics_obtained":[{"floor":9,"key":"Meat on the Bone"},{"floor":12,"key":"Bottled Lightning"},{"floor":14,"key":"Art of War"},{"floor":26,"key":"Potion Belt"},{"floor":28,"key":"DataDisk"},{"floor":30,"key":"Vajra"},{"floor":42,"key":"Toxic Egg 2"},{"floor":43,"key":"Singing Bowl"}],"event_choices":[{"damage_healed":0,"gold_gain":175,"player_choice":"AGREE","damage_taken":0,"max_hp_gain":0,"max_hp_loss":0,"event_name":"Liars Game","floor":3,"gold_loss":0,"cards_obtained":["Doubt"]},{"damage_healed":0,"gold_gain":0,"player_choice":"Success","damage_taken":3,"relics_obtained":["Old Coin"],"max_hp_gain":0,"max_hp_loss":0,"event_name":"Scrap Ooze","floor":5,"gold_loss":0},{"damage_healed":0,"gold_gain":0,"player_choice":"Bought 0 Potions","damage_taken":0,"max_hp_gain":0,"max_hp_loss":0,"event_name":"The Woman in Blue","floor":19,"gold_loss":0},{"damage_healed":0,"gold_gain":0,"player_choice":"Traded Relic","damage_taken":0,"relics_obtained":["Nloth\u0027s Gift"],"max_hp_gain":0,"max_hp_loss":0,"event_name":"N\u0027loth","floor":31,"relics_lost":["Vajra"],"gold_loss":0},{"damage_healed":0,"gold_gain":0,"player_choice":"Ignored","damage_taken":0,"max_hp_gain":0,"max_hp_loss":0,"event_name":"Mysterious Sphere","floor":37,"gold_loss":0},{"damage_healed":19,"gold_gain":0,"player_choice":"Writhe","damage_taken":0,"max_hp_gain":0,"max_hp_loss":0,"event_name":"Winding Halls","floor":41,"gold_loss":0,"cards_obtained":["Writhe"]},{"damage_healed":0,"gold_gain":0,"player_choice":"Memory 1","damage_taken":0,"max_hp_gain":0,"max_hp_loss":0,"event_name":"SensoryStone","floor":47,"gold_loss":0}],"is_beta":false,"boss_relics":[{"not_picked":["Snecko Eye","Runic Pyramid"],"picked":"Fusion Hammer"},{"not_picked":["Pandora\u0027s Box","Coffee Dripper"],"picked":"Eternal Feather"}],"items_purged_floors":[4,20],"is_endless":false,"potions_floor_spawned":[1,2,12,14,18,21,42,45],"ascension_level":1}