{"gold_per_floor":[111,131,151,41,41,70,87,99,147,164,7,27,45,57,57,153,153,163,83,103,43,55,82,82,94,94,107,120,148,148,166,166,269,269,283,296,296,296,396,424,424,424,447,476,75,88,99,127,127,127],"floor_reached":51,"playtime":3675,"items_purged":["Strike_R","Strike_R"],"score":949,"play_id":"978207d0-6ec1-4d20-a5a3-2b0f2a74d41c","local_time":"20190321234112","is_ascension_mode":true,"campfire_choices":[{"data":"Inflame","floor":15,"key":"SMITH"},{"floor":24,"key":"REST"},{"floor":30,"key":"REST"},{"data":"Flame Barrier","floor":32,"key":"SMITH"},{"floor":42,"key":"REST"},{"floor":49,"key":"REST"}],"neow_cost":"NONE","seed_source_timestamp":160281069081777,"circlet_count":0,"master_deck":["Strike_R","Strike_R","Defend_R","Defend_R","Defend_R","Defend_R","Bash","Exhume","Spot Weakness","Pommel Strike","Twin Strike","Pummel","Metallicize","Armaments","Whirlwind","Armaments","Pummel","Disarm","Inflame+1","Flame Barrier+1","Feed","Headbutt","Pummel","True Grit+1","Metallicize","Clothesline","Shockwave","Havoc","Bludgeon","Impervious","Blood for Blood+1","Demon Form","Whirlwind","Battle Trance+1","Discovery","True Grit","Ghostly Armor","Twin Strike+1","Inflame","Violence","Offering","Metallicize","Feel No Pain+1","Shrug It Off+1"],"relics":["Black Blood","WingedGreaves","Mummified Hand","Orichalcum","Eternal Feather","Vajra","Ornamental Fan","Juzu Bracelet","Charon\u0027s Ashes","Incense Burner","Boot","Centennial Puzzle","Dream Catcher"],"potions_floor_usage":[16,22,23,28,28,29,33,40,44,50],"damage_taken":[{"damage":16,"enemies":"Jaw Worm","floor":1,"turns":4},{"damage":1,"enemies":"Cultist","floor":2,"turns":4},{"damage":0,"enemies":"Small Slimes","floor":3,"turns":3},{"damage":30,"enemies":"Gremlin Nob","floor":6,"turns":4},{"damage":16,"enemies":"Exordium Thugs","floor":7,"turns":6},{"damage":7,"enemies":"Exordium Wildlife","floor":8,"turns":4},{"damage":0,"enemies":"Blue Slaver","floor":10,"turns":2},{"damage":5,"enemies":"Looter","floor":12,"turns":3},{"damage":8,"enemies":"Exordium Thugs","floor":13,"turns":4},{"damage":3,"enemies":"3 Louse","floor":14,"turns":2},{"damage":33,"enemies":"The Guardian","floor":16,"turns":10},{"damage":24,"enemies":"Spheric Guardian","floor":18,"turns":7},{"damage":0,"enemies":"3 Byrds","floor":20,"turns":5},{"damage":42,"enemies":"Snake Plant","floor":22,"turns":6},{"damage":32,"enemies":"Book of Stabbing","floor":23,"turns":5},{"damage":0,"enemies":"3 Cultists","floor":25,"turns":5},{"damage":27,"enemies":"Shelled Parasite and Fungi","floor":27,"turns":5},{"damage":16,"enemies":"Centurion and Healer","floor":28,"turns":6},{"damage":17,"enemies":"Gremlin Leader","floor":29,"turns":4},{"damage":30,"enemies":"Snake Plant","floor":31,"turns":7},{"damage":62,"enemies":"Collector","floor":33,"turns":13},{"damage":55,"enemies":"3 Darklings","floor":35,"turns":6},{"damage":3,"enemies":"3 Shapes","floor":36,"turns":45},{"damage":7,"enemies":"Mind Bloom Boss Battle","floor":39,"turns":13},{"damage":53,"enemies":"Giant Head","floor":40,"turns":8},{"damage":6,"enemies":"Nemesis","floor":44,"turns":7},{"damage":33,"enemies":"Jaw Worm Horde","floor":46,"turns":4},{"damage":29,"enemies":"Spire Growth","floor":47,"turns":5},{"damage":35,"enemies":"Reptomancer","floor":48,"turns":8},{"damage":66,"enemies":"Awakened One","floor":50,"turns":17}],"seed_played":"-5268956828246085596","potions_obtained":[{"floor":1,"key":"Poison Potion"},{"floor":7,"key":"EssenceOfSteel"},{"floor":8,"key":"FearPotion"},{"floor":10,"key":"Strength Potion"},{"floor":16,"key":"Strength Potion"},{"floor":25,"key":"AttackPotion"},{"floor":27,"key":"SkillPotion"},{"floor":29,"key":"Energy Potion"},{"floor":36,"key":"Energy Potion"},{"floor":40,"key":"Energy Potion"},{"floor":44,"key":"Block Potion"}],"is_trial":false,"path_per_floor":["M","M","M","$","?","E","M","M","T","M","$","M","M","M","R","B",null,"M","$","M","?","M","E","R","M","T","M","M","E","R","M","R","B",null,"M","M","?","?","?","E","?","R","T","E","$","M","M","E","R","B",null],"character_chosen":"IRONCLAD","items_purchased":["Pummel","Pummel","Disarm","Pummel","Inflame","Fire Potion","Violence"],"campfire_rested":4,"item_purchase_floors":[4,11,11,19,45,45,45],"current_hp_per_floor":[70,75,80,80,80,56,46,45,45,51,51,52,50,53,53,26,80,66,66,75,75,42,16,58,67,67,49,43,32,80,56,74,18,100,55,66,66,66,72,29,29,82,82,86,86,63,47,22,79,23],"gold":127,"neow_bonus":"ONE_RANDOM_RARE_CARD","is_prod":false,"is_daily":false,"chose_seed":false,"campfire_upgraded":2,"win_rate":0,"timestamp":1553233272,"path_taken":["M","M","M","$","?","E","M","M","T","M","?","M","M","M","R","BOSS","M","$","M","?","M","E","R","M","T","?","M","E","R","M","R","BOSS","M","M","?","?","?","E","?","R","T","E","?","M","M","E","R","BOSS"],"build_version":"2019-01-23","purchased_purges":2,"victory":true,"max_hp_per_floor":[80,80,80,80,80,80,80,80,80,80,80,80,80,80,80,80,80,84,84,87,87,90,90,90,93,93,96,100,100,100,100,100,100,100,100,104,104,104,107,107,107,107,107,107,107,107,110,110,110,110],"card_choices":[{"not_picked":["True Grit","Perfected Strike"],"picked":"Spot Weakness","floor":1},{"not_picked":["Warcry","Corruption"],"picked":"Pommel Strike","floor":2},{"not_picked":["Sword Boomerang","Warcry"],"picked":"Twin Strike","floor":3},{"not_picked":["Thunderclap","Uppercut"],"picked":"Metallicize","floor":6},{"not_picked":["Heavy Blade","Rage"],"picked":"Armaments","floor":7},{"not_picked":["Havoc","Warcry"],"picked":"Whirlwind","floor":8},{"not_picked":["Iron Wave","Pommel Strike"],"picked":"Armaments","floor":10},{"not_picked":["Limit Break","Wild Strike"],"picked":"Inflame","floor":12},{"not_picked":["Twin Strike","Pommel Strike"],"picked":"Flame Barrier","floor":13},{"not_picked":["Rage","Body Slam","Sword Boomerang"],"picked":"SKIP","floor":14},{"not_picked":["Double Tap","Demon Form"],"picked":"Feed","floor":16},{"not_picked":["Thunderclap","Wild Strike+1"],"picked":"Headbutt","floor":18},{"not_picked":["Intimidate","Seeing Red"],"picked":"True Grit+1","floor":20},{"not_picked":["Uppercut","Rampage"],"picked":"Metallicize","floor":22},{"not_picked":["Infernal Blade+1","Thunderclap"],"picked":"Clothesline","floor":23},{"not_picked":["Sword Boomerang+1","Spot Weakness"],"picked":"Shockwave","floor":25},{"not_picked":["Armaments","Body Slam"],"picked":"Havoc","floor":27},{"not_picked":["Anger","Body Slam+1"],"picked":"Bludgeon","floor":28},{"not_picked":["Bloodletting","Hemokinesis"],"picked":"Impervious","floor":29},{"not_picked":["Warcry","Intimidate+1"],"picked":"Blood for Blood+1","floor":31},{"not_picked":["Exhume","Double Tap"],"picked":"Demon Form","floor":33},{"not_picked":["Thunderclap","Iron Wave+1"],"picked":"Whirlwind","floor":35},{"not_picked":["Sword Boomerang","Wild Strike+1"],"picked":"Battle Trance+1","floor":36},{"not_picked":["Perfected Strike+1","Pommel Strike+1"],"picked":"True Grit","floor":39},{"not_picked":["Flex","Intimidate"],"picked":"Ghostly Armor","floor":40},{"not_picked":["Body Slam","Bloodletting"],"picked":"Twin Strike+1","floor":44},{"not_picked":["Cleave+1","Clash"],"picked":"Offering","floor":46},{"not_picked":["Iron Wave","Pommel Strike"],"picked":"Metallicize","floor":47},{"not_picked":["Body Slam","Shockwave+1"],"picked":"Feel No Pain+1","floor":48},{"not_picked":["Heavy Blade+1","Sword Boomerang+1"],"picked":"Shrug It Off+1","floor":49}],"player_experience":317312,"relics_obtained":[{"floor":6,"key":"Mummified Hand"},{"floor":9,"key":"Orichalcum"},{"floor":23,"key":"Vajra"},{"floor":26,"key":"Ornamental Fan"},{"floor":29,"key":"Juzu Bracelet"},{"floor":39,"key":"Charon\u0027s Ashes"},{"floor":40,"key":"Incense Burner"},{"floor":43,"key":"Boot"},{"floor":44,"key":"Centennial Puzzle"},{"floor":48,"key":"Dream Catcher"}],"event_choices":[{"damage_healed":0,"gold_gain":0,"player_choice":"Gave Potion","damage_taken":0,"relics_obtained":["WingedGreaves"],"max_hp_gain":0,"max_hp_loss":0,"event_name":"WeMeetAgain","floor":5,"gold_loss":0},{"cards_removed":["Strike_R"],"damage_healed":0,"gold_gain":0,"player_choice":"Single Remove","damage_taken":0,"max_hp_gain":0,"max_hp_loss":0,"event_name":"Designer","floor":21,"gold_loss":60},{"damage_healed":0,"gold_gain":0,"player_choice":"Ignored","damage_taken":0,"max_hp_gain":0,"max_hp_loss":0,"event_name":"Mysterious Sphere","floor":37,"gold_loss":0},{"damage_healed":0,"gold_gain":0,"player_choice":"1 cards matched","damage_taken":0,"max_hp_gain":0,"max_hp_loss":0,"event_name":"Match and Keep!","floor":38,"gold_loss":0,"cards_obtained":["Discovery"]},{"damage_healed":0,"gold_gain":0,"player_choice":"Fight","damage_taken":0,"max_hp_gain":0,"max_hp_loss":0,"event_name":"MindBloom","floor":39,"gold_loss":0},{"damage_healed":0,"gold_gain":0,"player_choice":"Ignored","damage_taken":0,"max_hp_gain":0,"max_hp_loss":0,"event_name":"Tomb of Lord Red Mask","floor":41,"gold_loss":0}],"is_beta":false,"boss_relics":[{"not_picked":["Philosopher\u0027s Stone","Lizard Tail"],"picked":"Eternal Feather"},{"not_picked":["Astrolabe","Runic Cube"],"picked":"Black Blood"}],"items_purged_floors":[4,45],"is_endless":false,"potions_floor_spawned":[1,7,8,10,16,18,25,27,29,36,40,44],"ascension_level":3}