{"gold_per_floor":[110,120,138,213,213,213,225,551,625,635,635,646,657,673,673,776,776,788,788,801,801],"floor_reached":21,"playtime":687,"items_purged":[],"score":315,"play_id":"a5f98a70-51d0-4c2d-9036-e80523226ae2","local_time":"20190414121803","is_ascension_mode":true,"campfire_choices":[{"data":"Neutralize","floor":6.0,"key":"SMITH"},{"data":"Glass Knife","floor":11.0,"key":"SMITH"},{"floor":15.0,"key":"REST"}],"neow_cost":"NONE","seed_source_timestamp":0,"circlet_count":0,"master_deck":["AscendersBane","Defend_G","Defend_G","Defend_G","Defend_G","Defend_G","Strike_G","Strike_G","Strike_G","Strike_G","Survivor","Neutralize+1","Sucker Punch","Flying Knee","Dagger Spray","A Thousand Cuts","Glass Knife+1","Dodge and Roll","Dagger Throw","Corpse Explosion","Necronomicurse"],"special_seed":0,"relics":["Ring of the Snake","Old Coin","Eternal Feather","Necronomicon"],"potions_floor_usage":[16,16,20],"damage_taken":[{"damage":3.0,"enemies":"Cultist","floor":1.0,"turns":6.0},{"damage":0.0,"enemies":"2 Louse","floor":2.0,"turns":3.0},{"damage":0.0,"enemies":"Small Slimes","floor":3.0,"turns":3.0},{"damage":0.0,"enemies":"2 Fungi Beasts","floor":7.0,"turns":4.0},{"damage":0.0,"enemies":"Gremlin Nob","floor":8.0,"turns":2.0},{"damage":0.0,"enemies":"Exordium Wildlife","floor":10.0,"turns":3.0},{"damage":6.0,"enemies":"3 Louse","floor":12.0,"turns":3.0},{"damage":4.0,"enemies":"Blue Slaver","floor":13.0,"turns":3.0},{"damage":12.0,"enemies":"Gremlin Gang","floor":14.0,"turns":4.0},{"damage":9,"enemies":"Slime Boss","floor":16,"turns":7},{"damage":22,"enemies":"2 Thieves","floor":18,"turns":2},{"damage":23,"enemies":"Shell Parasite","floor":20,"turns":7},{"damage":10,"enemies":"Snecko","floor":21,"turns":2}],"seed_played":"1058065676555610150","potions_obtained":[{"floor":0.0,"key":"FearPotion"},{"floor":0.0,"key":"Energy Potion"},{"floor":0.0,"key":"Fire Potion"},{"floor":8.0,"key":"FearPotion"},{"floor":12.0,"key":"SteroidPotion"},{"floor":18,"key":"Strength Potion"}],"is_trial":false,"path_per_floor":["M","M","M","?","?","R","M","E","T","M","R","M","M","M","R","B",null,"M","?","M","M"],"character_chosen":"THE_SILENT","items_purchased":[],"campfire_rested":1,"item_purchase_floors":[],"current_hp_per_floor":[60,60,60,49,49,49,49,49,49,49,49,43,39,27,48,39,62,40,24,1,0],"gold":801,"neow_bonus":"THREE_SMALL_POTIONS","is_prod":false,"is_daily":false,"chose_seed":false,"campfire_upgraded":2,"win_rate":0,"timestamp":1555269483,"path_taken":["M","M","M","?","?","R","M","E","T","M","R","M","?","M","R","BOSS","M","?","M","M"],"build_version":"2019-01-23","purchased_purges":0,"victory":false,"max_hp_per_floor":[70,70,70,70,70,70,70,70,70,70,70,70,70,70,70,70,70,70,70,70,70],"card_choices":[{"not_picked":["Calculated Gamble","Acrobatics"],"picked":"Sucker Punch","floor":1.0},{"not_picked":["Setup","Dodge and Roll"],"picked":"Flying Knee","floor":2.0},{"not_picked":["Concentrate","PiercingWail"],"picked":"Dagger Spray","floor":3.0},{"not_picked":["Poisoned Stab","Distraction"],"picked":"Glass Knife","floor":7.0},{"not_picked":["Accuracy","Deadly Poison","Quick Slash"],"picked":"SKIP","floor":8.0},{"not_picked":["All Out Attack","Masterful Stab"],"picked":"Dodge and Roll","floor":10.0},{"not_picked":["Underhanded Strike","Flying Knee"],"picked":"Dagger Throw","floor":12.0},{"not_picked":["Deadly Poison","Acrobatics","Outmaneuver"],"picked":"SKIP","floor":13.0},{"not_picked":["Masterful Stab","Choke","Deflect"],"picked":"SKIP","floor":14.0},{"not_picked":["Doppelganger","Burst"],"picked":"Corpse Explosion","floor":16},{"not_picked":["Distraction","All Out Attack","Dagger Throw"],"picked":"SKIP","floor":18},{"not_picked":["Quick Slash","Acrobatics+1","Underhanded Strike"],"picked":"SKIP","floor":20}],"player_experience":234986,"relics_obtained":[{"floor":8.0,"key":"Old Coin"},{"floor":19,"key":"Necronomicon"}],"event_choices":[{"damage_healed":0.0,"max_hp_gain":0.0,"max_hp_loss":0.0,"gold_gain":75.0,"event_name":"World of Goop","player_choice":"Gather Gold","floor":4.0,"gold_loss":0.0,"damage_taken":11.0},{"damage_healed":0.0,"max_hp_gain":0.0,"max_hp_loss":0.0,"gold_gain":0.0,"cards_transformed":["Strike_G"],"event_name":"Transmorgrifier","player_choice":"Transformed","floor":5.0,"gold_loss":0.0,"damage_taken":0.0,"cards_obtained":["A Thousand Cuts"]},{"damage_healed":0,"gold_gain":0,"player_choice":"Obtained Book","damage_taken":16,"max_hp_gain":0,"max_hp_loss":0,"event_name":"Cursed Tome","floor":19,"gold_loss":0}],"is_beta":false,"boss_relics":[{"not_picked":["Runic Dome","Orrery"],"picked":"Eternal Feather"}],"items_purged_floors":[],"is_endless":false,"potions_floor_spawned":[2,8,12,14,18],"killed_by":"Snecko","ascension_level":10}