{"gold_per_floor":[360,86,96,112,123,123,152,172,172,172,172,192,267,293,293,293],"floor_reached":16,"playtime":1743,"items_purged":["Shame"],"score":196,"play_id":"9baf9ebc-3756-4409-80fe-271fb0e444ec","local_time":"20190329182156","is_ascension_mode":true,"campfire_choices":[{"data":"Double Tap","floor":6,"key":"SMITH"},{"floor":10,"key":"REST"},{"floor":15,"key":"REST"}],"neow_cost":"CURSE","seed_source_timestamp":1554163538675692,"circlet_count":0,"master_deck":["AscendersBane","Strike_R","Strike_R","Strike_R","Strike_R","Strike_R","Defend_R","Defend_R","Defend_R","Defend_R","Bash","Flame Barrier","Cleave","Armaments","Double Tap+1","Pummel","Shrug It Off","Sever Soul+1","Headbutt+1","Uppercut+1"],"relics":["Burning Blood","Anchor","Molten Egg 2","Art of War","Boot"],"potions_floor_usage":[7,7,14],"damage_taken":[{"damage":18,"enemies":"Small Slimes","floor":1,"turns":5},{"damage":1,"enemies":"Cultist","floor":3,"turns":3},{"damage":0,"enemies":"2 Louse","floor":4,"turns":3},{"damage":6,"enemies":"Looter","floor":5,"turns":4},{"damage":45,"enemies":"3 Sentries","floor":7,"turns":11},{"damage":15,"enemies":"Gremlin Gang","floor":8,"turns":5},{"damage":4,"enemies":"2 Fungi Beasts","floor":12,"turns":3},{"damage":17,"enemies":"Lagavulin","floor":14,"turns":6},{"damage":45,"enemies":"The Guardian","floor":16,"turns":6}],"seed_played":"-5408670772919301252","potions_obtained":[{"floor":3,"key":"GamblersBrew"},{"floor":4,"key":"SkillPotion"},{"floor":12,"key":"EssenceOfSteel"}],"is_trial":false,"path_per_floor":["M","$","M","M","M","R","E","M","T","R","?","M","?","E","R","B"],"character_chosen":"IRONCLAD","items_purchased":["Cleave","Anchor"],"campfire_rested":2,"item_purchase_floors":[2,2],"current_hp_per_floor":[56,56,61,67,67,67,28,19,19,41,41,43,32,21,43,0],"gold":293,"neow_bonus":"TWO_FIFTY_GOLD","is_prod":false,"is_daily":false,"chose_seed":false,"campfire_upgraded":1,"win_rate":0,"timestamp":1553883716,"path_taken":["M","$","M","M","M","R","E","M","T","R","?","M","?","E","R","BOSS"],"build_version":"2019-01-23","purchased_purges":1,"victory":false,"max_hp_per_floor":[75,75,75,75,75,75,75,75,75,75,75,75,75,75,75,75],"card_choices":[{"not_picked":["True Grit","Body Slam"],"picked":"Flame Barrier","floor":1},{"not_picked":["Havoc","Corruption"],"picked":"Armaments","floor":3},{"not_picked":["Headbutt","Havoc"],"picked":"Double Tap","floor":4},{"not_picked":["Clothesline","Evolve"],"picked":"Pummel","floor":5},{"not_picked":["Blood for Blood","Limit Break"],"picked":"Shrug It Off","floor":7},{"not_picked":["Havoc","Flex"],"picked":"Sever Soul+1","floor":8},{"not_picked":["Combust","Blood for Blood+1"],"picked":"Headbutt+1","floor":12},{"not_picked":["Armaments","Entrench"],"picked":"Uppercut+1","floor":14}],"player_experience":1667328,"relics_obtained":[{"floor":7,"key":"Molten Egg 2"},{"floor":9,"key":"Art of War"},{"floor":14,"key":"Boot"}],"event_choices":[{"damage_healed":0,"gold_gain":0,"player_choice":"Ignored","damage_taken":0,"max_hp_gain":0,"max_hp_loss":0,"event_name":"Liars Game","floor":11,"gold_loss":0},{"damage_healed":0,"gold_gain":75,"player_choice":"Gather Gold","damage_taken":11,"max_hp_gain":0,"max_hp_loss":0,"event_name":"World of Goop","floor":13,"gold_loss":0}],"is_beta":false,"boss_relics":[],"items_purged_floors":[2],"is_endless":false,"potions_floor_spawned":[3,4,12],"killed_by":"The Guardian","ascension_level":15}