{"gold_per_floor":[109,109,124,142,152,180,180,198,228,241,1,12,37,37,37,114,114,127,143,68,168,179,179,179],"floor_reached":24,"playtime":792,"items_purged":[],"score":378,"play_id":"cb7e2259-9d04-4bf7-b5df-5b1f7c05f531","local_time":"20190505114945","is_ascension_mode":true,"campfire_choices":[{"floor":7,"key":"REST"},{"data":"Demon Form","floor":15,"key":"SMITH"},{"data":"Whirlwind","floor":23,"key":"SMITH"}],"neow_cost":"NONE","seed_source_timestamp":474584009946100,"circlet_count":0,"master_deck":["AscendersBane","Strike_R","Strike_R","Strike_R","Strike_R","Strike_R","Defend_R","Defend_R","Defend_R","Bash","True Grit","Shrug It Off","True Grit","Demon Form+1","Cleave","Reaper","Feed","Heavy Blade","Immolate","Demon Form","Spot Weakness","Whirlwind+1"],"relics":["Burning Blood","PreservedInsect","Champion Belt","Tiny Chest","Red Skull","Boot","Snecko Eye","Torii","Meat on the Bone"],"potions_floor_usage":[6,8,10,24,24],"damage_taken":[{"damage":14,"enemies":"Small Slimes","floor":1,"turns":4},{"damage":10,"enemies":"Cultist","floor":3,"turns":4},{"damage":7,"enemies":"2 Louse","floor":4,"turns":3},{"damage":14,"enemies":"Blue Slaver","floor":5,"turns":4},{"damage":34,"enemies":"Gremlin Nob","floor":6,"turns":5},{"damage":11,"enemies":"Looter","floor":8,"turns":4},{"damage":13,"enemies":"Exordium Wildlife","floor":10,"turns":4},{"damage":22,"enemies":"Large Slime","floor":12,"turns":5},{"damage":13,"enemies":"3 Sentries","floor":13,"turns":5},{"damage":46,"enemies":"Slime Boss","floor":16,"turns":7},{"damage":5,"enemies":"Shell Parasite","floor":18,"turns":5},{"damage":11,"enemies":"2 Thieves","floor":19,"turns":3},{"damage":36,"enemies":"Colosseum Slavers","floor":21,"turns":4},{"damage":24,"enemies":"Colosseum Nobs","floor":21,"turns":5},{"damage":37,"enemies":"Cultist and Chosen","floor":22,"turns":6},{"damage":55,"enemies":"Book of Stabbing","floor":24,"turns":3}],"seed_played":"-7694831706647108530","potions_obtained":[{"floor":3,"key":"Weak Potion"},{"floor":5,"key":"Ancient Potion"},{"floor":6,"key":"BloodPotion"},{"floor":12,"key":"BloodPotion"},{"floor":13,"key":"SteroidPotion"}],"is_trial":false,"path_per_floor":["M","?","M","M","M","E","R","M","T","M","$","M","E","T","R","B",null,"M","M","?","?","M","R","E"],"character_chosen":"IRONCLAD","items_purchased":["Reaper","Feed"],"campfire_rested":1,"item_purchase_floors":[11,11],"current_hp_per_floor":[60,60,56,55,47,19,41,36,36,36,36,43,56,56,56,54,72,73,76,76,57,38,38,0],"gold":179,"neow_bonus":"RANDOM_COMMON_RELIC","is_prod":false,"is_daily":false,"chose_seed":false,"campfire_upgraded":2,"win_rate":0,"timestamp":1557049785,"path_taken":["M","?","?","M","M","E","R","M","T","M","$","M","E","?","R","BOSS","M","M","?","?","M","R","E"],"build_version":"2019-01-23","purchased_purges":0,"victory":false,"max_hp_per_floor":[75,75,75,75,75,75,75,75,75,75,75,78,78,78,78,78,78,78,78,78,81,81,81,81],"card_choices":[{"not_picked":["Power Through","Reckless Charge"],"picked":"True Grit","floor":1},{"not_picked":["Reckless Charge","Sentinel"],"picked":"Shrug It Off","floor":3},{"not_picked":["Cleave","Reckless Charge"],"picked":"True Grit","floor":4},{"not_picked":["Burning Pact","Armaments"],"picked":"Clash","floor":5},{"not_picked":["Pummel","Dropkick"],"picked":"Demon Form","floor":6},{"not_picked":["Clothesline","Flex"],"picked":"Cleave","floor":8},{"not_picked":["Wild Strike","Anger","Reckless Charge"],"picked":"SKIP","floor":10},{"not_picked":["Warcry","Cleave"],"picked":"Heavy Blade","floor":12},{"not_picked":["Warcry","Thunderclap"],"picked":"Immolate","floor":13},{"not_picked":["Impervious","Fiend Fire"],"picked":"Demon Form","floor":16},{"not_picked":["Perfected Strike","Flex"],"picked":"Spot Weakness","floor":18},{"not_picked":["Clash+1","Second Wind","Evolve"],"picked":"SKIP","floor":19},{"not_picked":["Inflame","Sword Boomerang"],"picked":"Whirlwind","floor":21},{"not_picked":["Inflame","Armaments","Entrench"],"picked":"SKIP","floor":22}],"player_experience":1102681,"relics_obtained":[{"floor":6,"key":"Champion Belt"},{"floor":9,"key":"Tiny Chest"},{"floor":13,"key":"Red Skull"},{"floor":14,"key":"Boot"},{"floor":21,"key":"Torii"},{"floor":21,"key":"Meat on the Bone"}],"event_choices":[{"cards_removed":["Defend_R"],"damage_healed":0,"gold_gain":0,"player_choice":"Offered Basic","damage_taken":0,"max_hp_gain":0,"max_hp_loss":0,"event_name":"Bonfire Elementals","floor":2,"gold_loss":0},{"cards_removed":["Clash"],"damage_healed":0,"gold_gain":0,"player_choice":"Gave Gold","damage_taken":0,"max_hp_gain":0,"max_hp_loss":0,"event_name":"Beggar","floor":20,"gold_loss":75},{"damage_healed":0,"gold_gain":0,"player_choice":"Fight","damage_taken":0,"max_hp_gain":0,"max_hp_loss":0,"event_name":"Colosseum","floor":21,"gold_loss":0},{"damage_healed":0,"gold_gain":0,"player_choice":"Fought Nobs","damage_taken":0,"max_hp_gain":0,"max_hp_loss":0,"event_name":"Colosseum","floor":21,"gold_loss":0}],"is_beta":false,"boss_relics":[{"not_picked":["Lizard Tail","Sozu"],"picked":"Snecko Eye"}],"items_purged_floors":[],"is_endless":false,"potions_floor_spawned":[3,5,6,12,13,19],"killed_by":"Book of Stabbing","ascension_level":16}