{"gold_per_floor":[113,113,125,137,38,70,70,70,70,70,70,70,150,150,150,252,252,267,281,281,281],"floor_reached":21,"playtime":538,"items_purged":[],"score":184,"play_id":"b72afebc-318a-448d-8668-469e29cf064e","local_time":"20181228230503","is_ascension_mode":true,"campfire_choices":[{"floor":7,"key":"REST"},{"floor":8,"key":"REST"},{"data":"Rainbow","floor":10,"key":"SMITH"},{"data":"Darkness","floor":12,"key":"SMITH"},{"data":"Sunder","floor":15,"key":"SMITH"}],"neow_cost":"NONE","seed_source_timestamp":2304214093271,"circlet_count":0,"master_deck":["Strike_B","Strike_B+1","Strike_B","Strike_B","Defend_B","Defend_B","Defend_B","Defend_B","Zap","Dualcast+1","Darkness+1","Sunder+1","Lockon","Redo","Rainbow+1","Electrodynamics","Sweeping Beam+1"],"relics":["Cracked Core","WingedGreaves","Pear","Bottled Flame"],"potions_floor_usage":[6,21],"damage_taken":[{"damage":3,"enemies":"Small Slimes","floor":1,"turns":3},{"damage":1,"enemies":"Jaw Worm","floor":3,"turns":3},{"damage":0,"enemies":"2 Louse","floor":4,"turns":2},{"damage":44,"enemies":"3 Sentries","floor":6,"turns":5},{"damage":48,"enemies":"The Guardian","floor":16,"turns":9},{"damage":44,"enemies":"3 Byrds","floor":18,"turns":5},{"damage":42,"enemies":"Shell Parasite","floor":19,"turns":5},{"damage":35,"enemies":"Colosseum Slavers","floor":21,"turns":2}],"seed_played":"-6312611563343632776","potions_obtained":[{"floor":4,"key":"SteroidPotion"},{"floor":19,"key":"Swift Potion"}],"is_trial":false,"path_per_floor":["M","?","M","M","$","E","R","R","T","R","?","R","T","?","R","B",null,"M","M","?","?"],"character_chosen":"DEFECT","items_purchased":["Lockon","Redo"],"campfire_rested":2,"item_purchase_floors":[5,5],"current_hp_per_floor":[79,63,62,62,62,18,42,66,76,76,92,92,92,85,85,37,89,45,3,32,0],"gold":281,"neow_bonus":"TEN_PERCENT_HP_BONUS","is_prod":false,"is_daily":false,"chose_seed":false,"campfire_upgraded":3,"win_rate":0,"timestamp":1546067103,"path_taken":["M","?","M","M","$","E","R","R","T","R","?","R","?","?","R","BOSS","M","M","?","?"],"build_version":"2018-12-20","purchased_purges":0,"victory":false,"max_hp_per_floor":[82,82,82,82,82,82,82,82,92,92,92,92,92,89,89,89,89,89,89,89,89],"card_choices":[{"not_picked":["Stack","Steam","Turbo"],"picked":"SKIP","floor":1},{"not_picked":["Cold Snap","Hologram"],"picked":"Darkness","floor":3},{"not_picked":["Turbo","Barrage"],"picked":"Sunder","floor":4},{"not_picked":["Scrape","Redo"],"picked":"Rainbow","floor":6},{"not_picked":["Buffer","Core Surge"],"picked":"Electrodynamics","floor":16},{"not_picked":["Cold Snap","Coolheaded"],"picked":"Sweeping Beam+1","floor":18},{"not_picked":["Sweeping Beam+1","Coolheaded","Reprogram"],"picked":"SKIP","floor":19}],"player_experience":316893,"relics_obtained":[{"floor":6,"key":"WingedGreaves"},{"floor":9,"key":"Pear"},{"floor":13,"key":"Bottled Flame"}],"event_choices":[{"damage_healed":0,"gold_gain":0,"player_choice":"Entered Light","damage_taken":16,"max_hp_gain":0,"max_hp_loss":0,"event_name":"Shining Light","floor":2,"gold_loss":0,"cards_upgraded":["Dualcast","Strike_B"]},{"damage_healed":23,"gold_gain":0,"player_choice":"Healed and dodged fight","damage_taken":0,"max_hp_gain":0,"max_hp_loss":0,"event_name":"Mushrooms","floor":11,"gold_loss":0,"cards_obtained":["Parasite"]},{"cards_removed":["Parasite"],"damage_healed":0,"gold_gain":0,"player_choice":"Card Removal","damage_taken":7,"max_hp_gain":0,"max_hp_loss":0,"event_name":"Golden Wing","floor":14,"gold_loss":0},{"damage_healed":29,"gold_gain":0,"player_choice":"Heal","damage_taken":0,"max_hp_gain":0,"max_hp_loss":0,"event_name":"The Library","floor":20,"gold_loss":0},{"damage_healed":0,"gold_gain":0,"player_choice":"Fight","damage_taken":0,"max_hp_gain":0,"max_hp_loss":0,"event_name":"Colosseum","floor":21,"gold_loss":0}],"is_beta":false,"boss_relics":[{"not_picked":["FrozenCore","Velvet Choker","Inserter"]}],"items_purged_floors":[],"is_endless":false,"potions_floor_spawned":[4,19],"killed_by":"Colosseum Slavers","ascension_level":1}