{"gold_per_floor":[119,133,149,164,179,212,212,246,246,265,291,291,291,308,308,385,385,400,325,1,1,16,48,5,5],"floor_reached":25,"playtime":855,"items_purged":[],"score":482,"play_id":"15d1baf8-c50b-4312-a5e4-a520265184db","local_time":"20190505133248","is_ascension_mode":true,"campfire_choices":[{"data":"Heavy Blade","floor":7,"key":"SMITH"},{"floor":13,"key":"REST"},{"floor":15,"key":"REST"}],"neow_cost":"NONE","seed_source_timestamp":480704286975600,"circlet_count":0,"master_deck":["AscendersBane","Strike_R","Defend_R","Defend_R","Defend_R","Defend_R","Bash","Thunderclap+1","Blood for Blood+1","Immolate+1","Spot Weakness","Heavy Blade+1","Spot Weakness","Limit Break","Fiend Fire","Armaments","Flex+1","Spot Weakness"],"relics":["Potion Belt","Blood Vial","Ornamental Fan","Bottled Flame","Busted Crown","Shuriken","Nloth\u0027s Gift","Mummified Hand"],"potions_floor_usage":[8,8,23,23,25],"damage_taken":[{"damage":0,"enemies":"Jaw Worm","floor":1,"turns":1},{"damage":5,"enemies":"Small Slimes","floor":2,"turns":2},{"damage":0,"enemies":"Cultist","floor":3,"turns":2},{"damage":0,"enemies":"Red Slaver","floor":4,"turns":1},{"damage":0,"enemies":"Lots of Slimes","floor":5,"turns":1},{"damage":20,"enemies":"3 Sentries","floor":6,"turns":4},{"damage":25,"enemies":"Lagavulin","floor":8,"turns":6},{"damage":0,"enemies":"2 Fungi Beasts","floor":10,"turns":1},{"damage":23,"enemies":"Gremlin Nob","floor":11,"turns":4},{"damage":9,"enemies":"Red Slaver","floor":14,"turns":2},{"damage":20,"enemies":"Slime Boss","floor":16,"turns":7},{"damage":0,"enemies":"2 Thieves","floor":18,"turns":1},{"damage":18,"enemies":"3 Byrds","floor":22,"turns":3},{"damage":30,"enemies":"Book of Stabbing","floor":23,"turns":3},{"damage":30,"enemies":"Slavers","floor":25,"turns":1}],"seed_played":"-3410201635988123850","potions_obtained":[{"floor":1,"key":"Regen Potion"},{"floor":2,"key":"LiquidBronze"},{"floor":14,"key":"Swift Potion"},{"floor":18,"key":"PowerPotion"},{"floor":22,"key":"Swift Potion"}],"is_trial":false,"path_per_floor":["M","M","M","M","M","E","R","E","T","M","E","?","R","M","R","B",null,"M","?","$","?","M","E","$","E"],"character_chosen":"IRONCLAD","items_purchased":["Shuriken","Strength Potion","Spot Weakness"],"campfire_rested":2,"item_purchase_floors":[20,20,24],"current_hp_per_floor":[68,63,63,63,63,43,43,30,30,32,11,11,33,26,48,30,64,66,66,66,66,50,22,22,0],"gold":5,"neow_bonus":"BOSS_RELIC","is_prod":false,"is_daily":false,"chose_seed":false,"campfire_upgraded":1,"win_rate":0,"timestamp":1557055968,"path_taken":["M","M","M","M","M","E","R","E","T","M","E","?","R","M","R","BOSS","M","?","$","?","?","E","?","E"],"build_version":"2019-01-23","purchased_purges":0,"victory":false,"max_hp_per_floor":[75,75,75,75,75,75,75,75,75,75,75,75,75,75,75,75,75,75,75,75,75,75,75,75,75],"card_choices":[{"not_picked":["Body Slam","Sword Boomerang","Rage"],"picked":"SKIP","floor":1},{"not_picked":["Twin Strike","Havoc","Iron Wave"],"picked":"SKIP","floor":2},{"not_picked":["Thunderclap","True Grit"],"picked":"Spot Weakness","floor":3},{"not_picked":["Blood for Blood","Flex","Entrench"],"picked":"SKIP","floor":4},{"not_picked":["Whirlwind","Clash","Brutality"],"picked":"SKIP","floor":5},{"not_picked":["True Grit","Flex"],"picked":"Heavy Blade","floor":6},{"not_picked":["Reckless Charge","Warcry","Evolve"],"picked":"SKIP","floor":8},{"not_picked":["Rupture","Wild Strike"],"picked":"Spot Weakness","floor":10},{"not_picked":["Juggernaut","Rampage"],"picked":"Limit Break","floor":11},{"not_picked":["Second Wind","Cleave","Wild Strike"],"picked":"SKIP","floor":14},{"not_picked":["Juggernaut","Exhume"],"picked":"Fiend Fire","floor":16},{"not_picked":[],"picked":"Armaments","floor":18},{"not_picked":[],"picked":"Flex+1","floor":22},{"not_picked":["Clothesline"],"picked":"SKIP","floor":23}],"player_experience":1105485,"relics_obtained":[{"floor":6,"key":"Potion Belt"},{"floor":8,"key":"Blood Vial"},{"floor":9,"key":"Ornamental Fan"},{"floor":11,"key":"Bottled Flame"},{"floor":23,"key":"Mummified Hand"}],"event_choices":[{"damage_healed":0,"gold_gain":0,"player_choice":"Ignored","damage_taken":0,"max_hp_gain":0,"max_hp_loss":0,"event_name":"Liars Game","floor":12,"gold_loss":0},{"cards_removed":["Strike_R"],"damage_healed":0,"gold_gain":0,"player_choice":"Gave Gold","damage_taken":0,"max_hp_gain":0,"max_hp_loss":0,"event_name":"Beggar","floor":19,"gold_loss":75},{"damage_healed":0,"gold_gain":0,"player_choice":"Traded Relic","damage_taken":0,"relics_obtained":["Nloth\u0027s Gift"],"max_hp_gain":0,"max_hp_loss":0,"event_name":"N\u0027loth","floor":21,"relics_lost":["Astrolabe"],"gold_loss":0}],"is_beta":false,"boss_relics":[{"not_picked":["Orrery","Philosopher\u0027s Stone"],"picked":"Busted Crown"}],"items_purged_floors":[],"is_endless":false,"potions_floor_spawned":[1,2,5,14,18,22],"killed_by":"Slavers","ascension_level":16}