{"gold_per_floor":[109,119,119,137,148,148,11,11,59,72,72,72,72,105,105,105],"floor_reached":16,"playtime":634,"items_purged":[],"score":115,"play_id":"f88c5ad5-a623-45a9-94a1-4fc70cc49892","local_time":"20190411084422","is_ascension_mode":true,"campfire_choices":[{"data":"Armaments","floor":6,"key":"SMITH"},{"data":"Barricade","floor":8,"key":"SMITH"},{"data":"True Grit","floor":12,"key":"SMITH"},{"data":"Iron Wave","floor":15,"key":"SMITH"}],"neow_cost":"NONE","seed_source_timestamp":123511393835000,"circlet_count":0,"master_deck":["Strike_R","Strike_R","Strike_R","Defend_R","Defend_R","Defend_R","Defend_R","Bash","Shrug It Off","Armaments+1","Uppercut","Iron Wave+1","Barricade+1","True Grit+1"],"relics":["Burning Blood","Bag of Preparation","Boot"],"potions_floor_usage":[14,14,16],"damage_taken":[{"damage":1,"enemies":"2 Louse","floor":1,"turns":6},{"damage":1,"enemies":"Cultist","floor":2,"turns":3},{"damage":1,"enemies":"Small Slimes","floor":4,"turns":4},{"damage":18,"enemies":"Exordium Thugs","floor":5,"turns":8},{"damage":15,"enemies":"Exordium Wildlife","floor":10,"turns":6},{"damage":12,"enemies":"Gremlin Nob","floor":14,"turns":4},{"damage":55,"enemies":"Hexaghost","floor":16,"turns":20}],"seed_played":"4444500258817946286","potions_obtained":[{"floor":1,"key":"Poison Potion"},{"floor":4,"key":"EssenceOfSteel"},{"floor":5,"key":"SpeedPotion"}],"is_trial":false,"path_per_floor":["M","M","?","M","M","R","$","R","T","M","$","R","?","E","R","B"],"character_chosen":"IRONCLAD","items_purchased":["Barricade"],"campfire_rested":0,"item_purchase_floors":[7],"current_hp_per_floor":[88,88,88,88,76,76,76,76,76,67,67,67,60,54,54,0],"gold":105,"neow_bonus":"TEN_PERCENT_HP_BONUS","is_prod":false,"is_daily":false,"chose_seed":false,"campfire_upgraded":4,"win_rate":0,"timestamp":1554965062,"path_taken":["M","M","?","M","M","R","?","R","T","M","$","R","?","E","R","BOSS"],"build_version":"2019-01-23","purchased_purges":0,"victory":false,"max_hp_per_floor":[88,88,88,88,88,88,88,88,88,88,88,88,88,88,88,88],"card_choices":[{"not_picked":["Seeing Red","Warcry"],"picked":"Shrug It Off","floor":1},{"not_picked":["Reckless Charge","Battle Trance"],"picked":"Armaments","floor":2},{"not_picked":["Thunderclap","Warcry"],"picked":"Uppercut","floor":4},{"not_picked":["Headbutt","Warcry"],"picked":"Iron Wave","floor":5},{"not_picked":["Warcry","Metallicize"],"picked":"True Grit","floor":10},{"not_picked":["Pummel","Spot Weakness","Perfected Strike"],"picked":"SKIP","floor":14}],"player_experience":376951,"relics_obtained":[{"floor":9,"key":"Bag of Preparation"},{"floor":14,"key":"Boot"}],"event_choices":[{"cards_removed":["Strike_R"],"damage_healed":0,"gold_gain":0,"player_choice":"Offered Basic","damage_taken":0,"max_hp_gain":0,"max_hp_loss":0,"event_name":"Bonfire Elementals","floor":3,"gold_loss":0},{"cards_removed":["Strike_R"],"damage_healed":0,"gold_gain":0,"player_choice":"Card Removal","damage_taken":7,"max_hp_gain":0,"max_hp_loss":0,"event_name":"Golden Wing","floor":13,"gold_loss":0}],"is_beta":false,"boss_relics":[],"items_purged_floors":[],"is_endless":false,"potions_floor_spawned":[1,4,5],"killed_by":"Hexaghost","ascension_level":3}