{"gold_per_floor":[115,65,80,93,111,139,203,203,203,203,203,217,217,298,298,298],"floor_reached":16,"playtime":482,"items_purged":[],"score":143,"play_id":"49f375db-1ad6-4a9b-9ca8-2521773619c5","local_time":"20190430232656","is_ascension_mode":true,"campfire_choices":[{"floor":11,"key":"REST"},{"floor":15,"key":"REST"}],"neow_cost":"NONE","seed_source_timestamp":84724498681000,"circlet_count":0,"master_deck":["Strike_B","Strike_B","Strike_B","Defend_B","Defend_B","Defend_B","Defend_B","Zap","Dualcast","Redo","White Noise","FTL","Consume","Conserve Battery","Self Repair","Cold Snap"],"relics":["Cracked Core","PreservedInsect","Vajra","Turnip","Incense Burner","Golden Idol","Potion Belt","Bottled Lightning"],"potions_floor_usage":[6,8],"damage_taken":[{"damage":0,"enemies":"Small Slimes","floor":1,"turns":3},{"damage":9,"enemies":"2 Louse","floor":3,"turns":2},{"damage":9,"enemies":"Jaw Worm","floor":4,"turns":4},{"damage":19,"enemies":"Exordium Thugs","floor":5,"turns":6},{"damage":15,"enemies":"Gremlin Nob","floor":6,"turns":3},{"damage":10,"enemies":"Gremlin Nob","floor":7,"turns":3},{"damage":5,"enemies":"3 Sentries","floor":8,"turns":2},{"damage":24,"enemies":"Lots of Slimes","floor":12,"turns":4},{"damage":34,"enemies":"Hexaghost","floor":16,"turns":11}],"seed_played":"-4714580210867868622","potions_obtained":[{"floor":4,"key":"Poison Potion"},{"floor":6,"key":"SmokeBomb"}],"is_trial":false,"path_per_floor":["M","?","M","M","M","E","?","E","T","?","R","M","?","T","R","B"],"character_chosen":"DEFECT","items_purchased":[],"campfire_rested":2,"item_purchase_floors":[],"current_hp_per_floor":[68,68,59,50,31,16,6,8,8,8,28,11,8,8,28,0],"gold":298,"neow_bonus":"RANDOM_COMMON_RELIC","is_prod":false,"is_daily":false,"chose_seed":false,"campfire_upgraded":0,"win_rate":0,"timestamp":1556659616,"path_taken":["M","?","M","M","M","E","?","E","T","?","R","M","?","?","R","BOSS"],"build_version":"2019-01-23","purchased_purges":0,"victory":false,"max_hp_per_floor":[75,75,75,75,75,75,75,75,75,69,69,69,69,69,69,69],"card_choices":[{"not_picked":["Doom and Gloom","Beam Cell"],"picked":"Redo","floor":1},{"not_picked":["Compile Driver","Beam Cell"],"picked":"White Noise","floor":3},{"not_picked":["Turbo","Skim"],"picked":"FTL","floor":4},{"not_picked":["Beam Cell","Conserve Battery"],"picked":"Consume","floor":5},{"not_picked":["Streamline","Fission"],"picked":"Conserve Battery","floor":6},{"not_picked":["Aggregate","Stack"],"picked":"Self Repair","floor":7},{"not_picked":["Turbo","Streamline"],"picked":"Cold Snap","floor":12}],"player_experience":914347,"relics_obtained":[{"floor":6,"key":"Vajra"},{"floor":7,"key":"Turnip"},{"floor":9,"key":"Incense Burner"},{"floor":14,"key":"Bottled Lightning"}],"event_choices":[{"cards_removed":["Strike_B"],"damage_healed":0,"gold_gain":0,"player_choice":"Card Removal","damage_taken":0,"max_hp_gain":0,"max_hp_loss":0,"event_name":"The Cleric","floor":2,"gold_loss":50},{"damage_healed":0,"gold_gain":0,"player_choice":"Searched \u00271\u0027 times","damage_taken":0,"max_hp_gain":0,"max_hp_loss":0,"event_name":"Dead Adventurer","floor":7,"gold_loss":0},{"damage_healed":0,"gold_gain":0,"player_choice":"Lose Max HP","damage_taken":0,"relics_obtained":["Golden Idol"],"max_hp_gain":0,"max_hp_loss":6,"event_name":"Golden Idol","floor":10,"gold_loss":0},{"damage_healed":0,"gold_gain":0,"player_choice":"Success","damage_taken":3,"relics_obtained":["Potion Belt"],"max_hp_gain":0,"max_hp_loss":0,"event_name":"Scrap Ooze","floor":13,"gold_loss":0}],"is_beta":false,"boss_relics":[],"items_purged_floors":[],"is_endless":false,"potions_floor_spawned":[4,6],"killed_by":"Hexaghost","ascension_level":6}