{"gold_per_floor":[118,118,135,7,7,7,32,32,32,32,60,60,71,71,71,148,148,165,165,191,65,83,114,114,114,140,240,274,189,224,238,238,313,313,333,10,10,29,48,78,91,117,117,133,152,183,193,219,219,219],"floor_reached":51,"playtime":3781,"items_purged":["Strike_R","Writhe"],"score":1724,"play_id":"e0604515-2456-462e-8d1f-b5e4b9d95d3e","local_time":"20190503111617","is_ascension_mode":true,"campfire_choices":[{"data":"Bash","floor":6,"key":"SMITH"},{"data":"Fiend Fire","floor":8,"key":"SMITH"},{"data":"Feel No Pain","floor":10,"key":"SMITH"},{"data":"1","floor":12,"key":"LIFT"},{"data":"2","floor":15,"key":"LIFT"},{"data":"3","floor":24,"key":"LIFT"},{"data":"Anger","floor":32,"key":"SMITH"},{"data":"Feel No Pain","floor":49,"key":"SMITH"}],"neow_cost":"NONE","seed_source_timestamp":103729904791474,"circlet_count":0,"master_deck":["AscendersBane","Strike_R","Strike_R","Strike_R","Defend_R","Defend_R","Defend_R","Defend_R","Bash+1","Shockwave","Feel No Pain+1","Anger+1","Fiend Fire+1","Reaper","Flame Barrier","Dark Embrace","True Grit","Feel No Pain+1","True Grit","Warcry","Immolate","Clumsy","Pummel","Barricade","Exhume","Feed","Demon Form","Infernal Blade+1","Body Slam","Parasite","Body Slam+1","Writhe","Feel No Pain+1"],"relics":["Burning Blood","Gremlin Horn","Pocketwatch","Thread and Needle","Girya","Cursed Key","Centennial Puzzle","Red Mask","Strawberry","Red Skull","Nunchaku","Paper Frog","Orichalcum","Bag of Marbles","Potion Belt","Orrery","Art of War","Happy Flower","Incense Burner","Vajra","Lantern","Kunai"],"potions_floor_usage":[16,23,27,41,46,50,50,50],"damage_taken":[{"damage":4,"enemies":"Small Slimes","floor":1,"turns":4},{"damage":0,"enemies":"2 Louse","floor":3,"turns":4},{"damage":42,"enemies":"Gremlin Nob","floor":7,"turns":5},{"damage":8,"enemies":"3 Sentries","floor":11,"turns":7},{"damage":3,"enemies":"Jaw Worm","floor":13,"turns":3},{"damage":21,"enemies":"The Guardian","floor":16,"turns":9},{"damage":0,"enemies":"Chosen","floor":18,"turns":4},{"damage":2,"enemies":"Masked Bandits","floor":20,"turns":4},{"damage":7,"enemies":"2 Thieves","floor":22,"turns":3},{"damage":0,"enemies":"Book of Stabbing","floor":23,"turns":4},{"damage":0,"enemies":"Colosseum Slavers","floor":27,"turns":3},{"damage":0,"enemies":"Colosseum Nobs","floor":27,"turns":4},{"damage":0,"enemies":"Gremlin Leader","floor":28,"turns":3},{"damage":5,"enemies":"Slavers","floor":30,"turns":3},{"damage":0,"enemies":"Snecko","floor":31,"turns":3},{"damage":12,"enemies":"Collector","floor":33,"turns":9},{"damage":0,"enemies":"3 Shapes","floor":35,"turns":7},{"damage":2,"enemies":"Orb Walker","floor":38,"turns":6},{"damage":6,"enemies":"4 Shapes","floor":39,"turns":6},{"damage":23,"enemies":"Reptomancer","floor":40,"turns":4},{"damage":10,"enemies":"Writhing Mass","floor":41,"turns":4},{"damage":33,"enemies":"Nemesis","floor":42,"turns":5},{"damage":22,"enemies":"Sphere and 2 Shapes","floor":44,"turns":7},{"damage":38,"enemies":"Jaw Worm Horde","floor":45,"turns":11},{"damage":0,"enemies":"Giant Head","floor":46,"turns":6},{"damage":9,"enemies":"Spire Growth","floor":47,"turns":6},{"damage":7,"enemies":"Nemesis","floor":48,"turns":17},{"damage":36,"enemies":"Awakened One","floor":50,"turns":8}],"seed_played":"-1423070184996481718","potions_obtained":[{"floor":7,"key":"PowerPotion"},{"floor":18,"key":"Weak Potion"},{"floor":20,"key":"Dexterity Potion"},{"floor":23,"key":"Fire Potion"},{"floor":31,"key":"LiquidBronze"},{"floor":35,"key":"Weak Potion"},{"floor":40,"key":"SkillPotion"},{"floor":41,"key":"Regen Potion"},{"floor":46,"key":"EssenceOfSteel"}],"is_trial":false,"path_per_floor":["M","?","M","$","?","R","E","R","T","R","E","R","M","$","R","B",null,"M","?","?","$","M","E","R","?","T","?","E","?","E","M","R","B",null,"M","$","?","M","M","E","M","E","T","M","M","E","M","E","R","B",null],"character_chosen":"IRONCLAD","items_purchased":["Strength Potion","True Grit","Art of War","Demon Form"],"campfire_rested":0,"item_purchase_floors":[4,21,36,36],"current_hp_per_floor":[70,59,65,65,70,70,34,34,34,34,32,32,42,42,42,35,69,80,80,80,80,79,87,87,87,87,87,87,87,87,87,87,87,87,93,93,93,96,102,85,100,76,76,94,87,123,123,122,122,113],"gold":219,"neow_bonus":"TRANSFORM_CARD","is_prod":false,"is_daily":false,"chose_seed":false,"campfire_upgraded":5,"win_rate":0,"timestamp":1556907377,"path_taken":["M","?","M","$","?","R","E","R","T","R","E","R","M","?","R","BOSS","M","?","?","$","M","E","R","?","T","?","E","?","E","M","R","BOSS","M","$","?","M","M","E","M","E","T","M","M","E","M","E","R","BOSS"],"build_version":"2019-01-23","purchased_purges":2,"victory":true,"max_hp_per_floor":[75,75,75,75,80,80,80,80,80,80,80,80,80,80,80,80,80,80,80,80,80,80,87,87,87,87,87,87,87,87,87,87,87,87,93,93,93,96,102,102,105,108,108,114,120,123,126,126,126,129],"card_choices":[{"not_picked":["Body Slam","Perfected Strike"],"picked":"Feel No Pain","floor":1},{"not_picked":["Burning Pact","Battle Trance"],"picked":"Anger","floor":3},{"not_picked":["Rampage","Clash"],"picked":"Fiend Fire","floor":7},{"not_picked":["Anger","Shockwave"],"picked":"Reaper","floor":11},{"not_picked":["Heavy Blade","Clash"],"picked":"Flame Barrier","floor":13},{"not_picked":["Berserk","Impervious"],"picked":"Dark Embrace","floor":16},{"not_picked":["Havoc","Dropkick"],"picked":"True Grit","floor":18},{"not_picked":["Havoc","Uppercut"],"picked":"Feel No Pain","floor":20},{"not_picked":["Perfected Strike","Sword Boomerang"],"picked":"Warcry","floor":22},{"not_picked":["Flame Barrier","Intimidate"],"picked":"Immolate","floor":23},{"not_picked":["Havoc","Second Wind"],"picked":"Pummel","floor":27},{"not_picked":["Intimidate","Blood for Blood","Berserk"],"picked":"SKIP","floor":28},{"not_picked":["Sword Boomerang","Anger"],"picked":"Barricade","floor":30},{"not_picked":["Pommel Strike","Sword Boomerang","Warcry"],"picked":"SKIP","floor":31},{"not_picked":["Impervious","Brutality"],"picked":"Exhume","floor":33},{"not_picked":["Warcry","Fire Breathing+1"],"picked":"Feed","floor":34},{"not_picked":["Anger","Evolve","Flex"],"picked":"SKIP","floor":35},{"not_picked":["Dropkick","Inflame"],"picked":"Infernal Blade+1","floor":38},{"not_picked":["Perfected Strike","Pommel Strike+1","Warcry"],"picked":"SKIP","floor":39},{"not_picked":["Infernal Blade","Hemokinesis"],"picked":"Body Slam","floor":40},{"not_picked":["Sword Boomerang","Armaments"],"picked":"Body Slam+1","floor":41},{"not_picked":["Bludgeon","Wild Strike","Clash"],"picked":"SKIP","floor":42},{"not_picked":["Headbutt","Havoc","Clothesline"],"picked":"SKIP","floor":44},{"not_picked":["Combust","Cleave","Rampage+1"],"picked":"SKIP","floor":45},{"not_picked":["Sentinel","Havoc"],"picked":"Feel No Pain","floor":46},{"not_picked":["Clash+1","Body Slam","Sword Boomerang"],"picked":"SKIP","floor":47},{"not_picked":["Heavy Blade","Anger+1","Cleave+1"],"picked":"SKIP","floor":48}],"player_experience":536570,"relics_obtained":[{"floor":7,"key":"Pocketwatch"},{"floor":9,"key":"Thread and Needle"},{"floor":11,"key":"Girya"},{"floor":20,"key":"Red Mask"},{"floor":23,"key":"Strawberry"},{"floor":26,"key":"Red Skull"},{"floor":27,"key":"Nunchaku"},{"floor":27,"key":"Paper Frog"},{"floor":28,"key":"Orichalcum"},{"floor":30,"key":"Potion Belt"},{"floor":40,"key":"Happy Flower"},{"floor":42,"key":"Incense Burner"},{"floor":43,"key":"Vajra"},{"floor":46,"key":"Lantern"},{"floor":48,"key":"Kunai"}],"event_choices":[{"damage_healed":0,"gold_gain":0,"player_choice":"Success","damage_taken":11,"relics_obtained":["Gremlin Horn"],"max_hp_gain":0,"max_hp_loss":0,"event_name":"Scrap Ooze","floor":2,"gold_loss":0},{"damage_healed":0,"gold_gain":0,"player_choice":"Donut","damage_taken":0,"max_hp_gain":5,"max_hp_loss":0,"event_name":"Big Fish","floor":5,"gold_loss":0},{"damage_healed":0,"gold_gain":0,"player_choice":"Opened","damage_taken":0,"relics_obtained":["Centennial Puzzle"],"max_hp_gain":0,"max_hp_loss":0,"event_name":"The Mausoleum","floor":19,"gold_loss":0,"cards_obtained":["Writhe"]},{"damage_healed":0,"gold_gain":0,"player_choice":"Fought Bandits","damage_taken":0,"max_hp_gain":0,"max_hp_loss":0,"event_name":"Masked Bandits","floor":20,"gold_loss":0},{"damage_healed":0,"gold_gain":0,"player_choice":"Ignored","damage_taken":0,"max_hp_gain":0,"max_hp_loss":0,"event_name":"Ghosts","floor":25,"gold_loss":0},{"damage_healed":0,"gold_gain":0,"player_choice":"Fight","damage_taken":0,"max_hp_gain":0,"max_hp_loss":0,"event_name":"Colosseum","floor":27,"gold_loss":0},{"damage_healed":0,"gold_gain":0,"player_choice":"Fought Nobs","damage_taken":0,"max_hp_gain":0,"max_hp_loss":0,"event_name":"Colosseum","floor":27,"gold_loss":0},{"damage_healed":0,"gold_gain":0,"player_choice":"Obtained Relic","damage_taken":0,"relics_obtained":["Bag of Marbles"],"max_hp_gain":0,"max_hp_loss":0,"event_name":"Addict","floor":29,"gold_loss":85},{"damage_healed":0,"gold_gain":0,"player_choice":"Forge","damage_taken":0,"max_hp_gain":0,"max_hp_loss":0,"event_name":"Accursed Blacksmith","floor":37,"gold_loss":0,"cards_upgraded":["Feel No Pain"]}],"is_beta":false,"boss_relics":[{"not_picked":["Ectoplasm","Lizard Tail"],"picked":"Cursed Key"},{"not_picked":["Black Blood","Velvet Choker"],"picked":"Orrery"}],"items_purged_floors":[4,21],"is_endless":false,"potions_floor_spawned":[7,11,13,18,20,23,31,35,40,41,45,46,48],"ascension_level":18}