{"gold_per_floor":[119,294,308,25,25,55,73,73,73,73,141,141,154,184,184,284,284,299,349,399,410,470,470,620,646,646,662,672,697,758,373,373,476,476,491,541,609,710,300,300],"floor_reached":40,"playtime":2861,"items_purged":["Doubt","Strike_B","Strike_B"],"score":765,"play_id":"a5f03696-7840-4303-a564-2b0e38d55555","local_time":"20190418194531","is_ascension_mode":true,"campfire_choices":[{"data":"Defragment","floor":12.0,"key":"SMITH"},{"data":"Defragment","floor":15.0,"key":"SMITH"},{"data":"Coolheaded","floor":23.0,"key":"SMITH"},{"floor":32.0,"key":"REST"}],"neow_cost":"NONE","seed_source_timestamp":0,"circlet_count":0,"master_deck":["AscendersBane","Defend_B","Defend_B","Defend_B","Defend_B","Zap","Dualcast","Cold Snap","Genetic Algorithm","Defragment+1","Gash","BootSequence","Defragment+1","Hologram","Coolheaded+1","Glacier","Amplify","Reinforced Body","Echo Form","Undo","Ball Lightning+1","Coolheaded+1","Blizzard","Hologram","Glacier","Stack+1","Conserve Battery+1","Double Energy+1","Go for the Eyes+1","Glacier","Seek","Double Energy+1","Gash","Turbo+1","Seek","Panacea"],"special_seed":0,"relics":["FrozenCore","NeowsBlessing","Mercury Hourglass","Bottled Tornado","Prayer Wheel","SsserpentHead","Matryoshka","Nuclear Battery","Nilry\u0027s Codex","Unceasing Top","Letter Opener","Blue Candle","ClockworkSouvenir","Turnip","DollysMirror"],"potions_floor_usage":[],"damage_taken":[{"damage":0.0,"enemies":"Small Slimes","floor":1.0,"turns":1.0},{"damage":0.0,"enemies":"2 Louse","floor":3.0,"turns":1.0},{"damage":0.0,"enemies":"Gremlin Nob","floor":6.0,"turns":1.0},{"damage":2.0,"enemies":"Jaw Worm","floor":7.0,"turns":3.0},{"damage":4.0,"enemies":"3 Louse","floor":11.0,"turns":3.0},{"damage":6.0,"enemies":"Gremlin Gang","floor":13.0,"turns":4.0},{"damage":6.0,"enemies":"3 Sentries","floor":14.0,"turns":12.0},{"damage":2.0,"enemies":"The Guardian","floor":16.0,"turns":13.0},{"damage":6.0,"enemies":"3 Byrds","floor":18.0,"turns":6.0},{"damage":2.0,"enemies":"Chosen","floor":21.0,"turns":10.0},{"damage":0.0,"enemies":"Centurion and Healer","floor":22.0,"turns":14.0},{"damage":8.0,"enemies":"Gremlin Leader","floor":25.0,"turns":7.0},{"damage":2.0,"enemies":"Chosen and Byrds","floor":27.0,"turns":7.0},{"damage":1.0,"enemies":"Cultist and Chosen","floor":28.0,"turns":6.0},{"damage":24.0,"enemies":"Slavers","floor":29.0,"turns":6.0},{"damage":0.0,"enemies":"Centurion and Healer","floor":30.0,"turns":10.0},{"damage":22.0,"enemies":"Collector","floor":33.0,"turns":13.0},{"damage":0.0,"enemies":"3 Shapes","floor":35.0,"turns":5.0},{"damage":7.0,"enemies":"3 Darklings","floor":37.0,"turns":7.0},{"damage":17.0,"enemies":"2 Orb Walkers","floor":38.0,"turns":9.0},{"damage":48,"enemies":"Reptomancer","floor":40,"turns":2}],"seed_played":"-8239569714770299944","potions_obtained":[{"floor":3.0,"key":"Fruit Juice"},{"floor":6.0,"key":"Ancient Potion"},{"floor":14.0,"key":"SkillPotion"},{"floor":22.0,"key":"Ancient Potion"},{"floor":28.0,"key":"SpeedPotion"}],"is_trial":false,"path_per_floor":["M","?","M","$","?","E","M","T","T","?","M","R","M","E","R","B",null,"M","?","?","M","M","R","?","E","T","M","M","E","M","$","R","B",null,"M","?","M","?","$","E"],"character_chosen":"DEFECT","items_purchased":["Defragment","Gash","BootSequence","PowerPotion","Glacier","ClockworkSouvenir","DollysMirror","Panacea"],"campfire_rested":1,"item_purchase_floors":[4,4,4,4,31,31,39,39],"current_hp_per_floor":[68,68,73,73,78,78,76,76,76,76,72,72,66,60,60,58,78,72,56,56,54,54,54,54,46,46,44,43,19,19,19,44,22,69,69,69,62,45,45,0],"gold":300,"neow_bonus":"THREE_ENEMY_KILL","is_prod":false,"is_daily":false,"chose_seed":false,"campfire_upgraded":3,"win_rate":0,"timestamp":1555641931,"path_taken":["M","?","M","$","?","E","M","?","T","?","?","R","M","E","R","BOSS","M","?","?","M","?","R","?","E","T","M","M","E","?","$","R","BOSS","M","?","?","?","$","E"],"build_version":"2019-01-23","purchased_purges":3,"victory":false,"max_hp_per_floor":[75,75,80,80,85,85,85,85,85,85,85,85,85,85,85,85,85,85,85,85,85,85,85,85,85,85,85,85,85,85,85,85,85,85,85,85,85,85,85,85],"card_choices":[{"not_picked":["Beam Cell","Streamline"],"picked":"Cold Snap","floor":1.0},{"not_picked":["Steam","Auto Shields"],"picked":"Genetic Algorithm","floor":3.0},{"not_picked":["BootSequence","Steam"],"picked":"Defragment","floor":6.0},{"not_picked":["Rebound","White Noise"],"picked":"Hologram","floor":7.0},{"not_picked":["Leap","Rebound"],"picked":"Coolheaded","floor":11.0},{"not_picked":["Static Discharge","Beam Cell","Turbo"],"picked":"SKIP","floor":11.0},{"not_picked":["FTL","Conserve Battery"],"picked":"Glacier","floor":13.0},{"not_picked":["Ball Lightning","Leap"],"picked":"Amplify","floor":13.0},{"not_picked":["Static Discharge","Barrage"],"picked":"Reinforced Body","floor":14.0},{"not_picked":["Multi-Cast","Machine Learning"],"picked":"Echo Form","floor":16.0},{"not_picked":["Conserve Battery","Sunder"],"picked":"Undo","floor":18.0},{"not_picked":["Hologram","Lockon+1"],"picked":"Ball Lightning+1","floor":18.0},{"not_picked":["Hello World","Ball Lightning+1"],"picked":"Coolheaded+1","floor":21.0},{"not_picked":["Go for the Eyes","BootSequence","Steam+1"],"picked":"SKIP","floor":21.0},{"not_picked":["Compile Driver","Steam Power+1"],"picked":"Blizzard","floor":22.0},{"not_picked":["Cold Snap+1","Thunder Strike"],"picked":"Hologram","floor":22.0},{"not_picked":["FTL","Creative AI"],"picked":"Glacier","floor":25.0},{"not_picked":["Streamline","Beam Cell"],"picked":"Stack+1","floor":27.0},{"not_picked":["Streamline","Go for the Eyes"],"picked":"Conserve Battery+1","floor":27.0},{"not_picked":["Blizzard","Hello World"],"picked":"Double Energy+1","floor":28.0},{"not_picked":["Steam","Tempest","Darkness+1"],"picked":"SKIP","floor":28.0},{"not_picked":["BootSequence","Melter","Tempest"],"picked":"SKIP","floor":29.0},{"not_picked":["Sweeping Beam","Heatsinks"],"picked":"Go for the Eyes+1","floor":30.0},{"not_picked":["Rebound","BootSequence","FTL"],"picked":"SKIP","floor":30.0},{"not_picked":["All For One","Meteor Strike"],"picked":"Seek","floor":33.0},{"not_picked":["Ball Lightning","Skim+1"],"picked":"Double Energy+1","floor":35.0},{"not_picked":["Sunder","Barrage","Auto Shields+1"],"picked":"SKIP","floor":35.0},{"not_picked":["Static Discharge","Sweeping Beam+1"],"picked":"Gash","floor":37.0},{"not_picked":["Sunder+1","Beam Cell","Sweeping Beam"],"picked":"SKIP","floor":37.0},{"not_picked":["Beam Cell","Consume+1"],"picked":"Turbo+1","floor":38.0}],"player_experience":264052,"relics_obtained":[{"floor":6.0,"key":"Mercury Hourglass"},{"floor":8.0,"key":"Bottled Tornado"},{"floor":9.0,"key":"Prayer Wheel"},{"floor":14.0,"key":"Matryoshka"},{"floor":19.0,"key":"Nilry\u0027s Codex"},{"floor":25.0,"key":"Unceasing Top"},{"floor":26.0,"key":"Letter Opener"},{"floor":29.0,"key":"Blue Candle"},{"floor":38.0,"key":"Turnip"}],"event_choices":[{"damage_healed":0.0,"max_hp_gain":0.0,"max_hp_loss":0.0,"gold_gain":175.0,"event_name":"Liars Game","player_choice":"AGREE","floor":2.0,"gold_loss":0.0,"damage_taken":0.0,"cards_obtained":["Doubt"]},{"damage_healed":0.0,"max_hp_gain":5.0,"max_hp_loss":0.0,"gold_gain":0.0,"event_name":"Big Fish","player_choice":"Donut","floor":5.0,"gold_loss":0.0,"damage_taken":0.0},{"damage_healed":0.0,"max_hp_gain":0.0,"max_hp_loss":0.0,"gold_gain":0.0,"event_name":"FaceTrader","player_choice":"Trade","floor":10.0,"gold_loss":0.0,"damage_taken":0.0,"relics_obtained":["SsserpentHead"]},{"damage_healed":0.0,"max_hp_gain":0.0,"max_hp_loss":0.0,"gold_gain":0.0,"event_name":"Cursed Tome","player_choice":"Obtained Book","floor":19.0,"gold_loss":0.0,"damage_taken":16.0},{"cards_removed":["Strike_B"],"damage_healed":0.0,"max_hp_gain":0.0,"max_hp_loss":0.0,"gold_gain":0.0,"event_name":"Bonfire Elementals","player_choice":"Offered Basic","floor":20.0,"gold_loss":0.0,"damage_taken":0.0},{"damage_healed":0.0,"max_hp_gain":0.0,"max_hp_loss":0.0,"gold_gain":100.0,"event_name":"Golden Shrine","player_choice":"Pray","floor":24.0,"gold_loss":0.0,"damage_taken":0.0},{"cards_removed":["Strike_B"],"damage_healed":0.0,"max_hp_gain":0.0,"max_hp_loss":0.0,"gold_gain":0.0,"event_name":"Purifier","player_choice":"Purged","floor":36.0,"gold_loss":0.0,"damage_taken":0.0},{"damage_healed":0.0,"max_hp_gain":0.0,"max_hp_loss":0.0,"gold_gain":0.0,"event_name":"Mysterious Sphere","player_choice":"Fight","floor":38.0,"gold_loss":0.0,"damage_taken":0.0}],"is_beta":false,"boss_relics":[{"not_picked":["Astrolabe","Pandora\u0027s Box"],"picked":"Nuclear Battery"},{"not_picked":["Sozu","Philosopher\u0027s Stone"],"picked":"FrozenCore"}],"items_purged_floors":[4,31,39],"is_endless":false,"potions_floor_spawned":[3,6,14,16,22,28,30,35,37],"killed_by":"Reptomancer","ascension_level":11}