{"gold_per_floor":[118,4,4,20,20,20,20,20,46,65,84,96,119,119,119,119],"floor_reached":16,"playtime":691,"items_purged":["Defend_B"],"score":100,"play_id":"921fe18f-f5da-4d46-ac4f-f12a901e830c","local_time":"20181129164942","is_ascension_mode":false,"campfire_choices":[{"data":"Defragment","floor":6,"key":"SMITH"},{"data":"Zap","floor":8,"key":"SMITH"},{"floor":15,"key":"REST"}],"neow_cost":"NONE","seed_source_timestamp":24999874705527,"circlet_count":0,"master_deck":["Strike_B","Strike_B","Strike_B","Defend_B","Defend_B","Defend_B","Zap+1","Dualcast","Melter","Defragment+1","Redo","Leap","Rebound","Lockon"],"relics":["Cracked Core","DataDisk","Dream Catcher","Lantern"],"potions_floor_usage":[7,7,12],"damage_taken":[{"damage":0,"enemies":"Cultist","floor":1,"turns":3},{"damage":6,"enemies":"Jaw Worm","floor":4,"turns":4},{"damage":26,"enemies":"3 Sentries","floor":7,"turns":5},{"damage":0,"enemies":"2 Louse","floor":10,"turns":2},{"damage":10,"enemies":"Looter","floor":11,"turns":2},{"damage":16,"enemies":"Exordium Thugs","floor":12,"turns":4},{"damage":50,"enemies":"The Guardian","floor":16,"turns":7}],"seed_played":"6592235926432546192","potions_obtained":[{"floor":1,"key":"Fire Potion"},{"floor":4,"key":"AttackPotion"},{"floor":10,"key":"Dexterity Potion"}],"is_trial":false,"path_per_floor":["M","$","?","M","$","R","E","R","T","M","M","M","T","?","R","B"],"character_chosen":"DEFECT","items_purchased":["Defragment"],"campfire_rested":1,"item_purchase_floors":[2],"current_hp_per_floor":[82,82,82,76,76,76,50,50,50,50,40,24,24,24,48,0],"gold":119,"neow_bonus":"TEN_PERCENT_HP_BONUS","is_prod":false,"is_daily":false,"chose_seed":false,"campfire_upgraded":2,"win_rate":0,"timestamp":1543538982,"path_taken":["M","$","?","M","$","R","E","R","T","M","?","M","?","?","R","BOSS"],"build_version":"2018-11-15","purchased_purges":1,"victory":false,"max_hp_per_floor":[82,82,82,82,82,82,82,82,82,82,82,82,82,82,82,82],"card_choices":[{"not_picked":["Cold Snap","Recycle"],"picked":"Melter","floor":1},{"not_picked":["Stack","Hello World"],"picked":"Redo","floor":4},{"not_picked":["Gash","Amplify"],"picked":"Leap","floor":7},{"not_picked":["Blizzard","Leap"],"picked":"Rebound","floor":10},{"not_picked":["Hologram","Undo","Heatsinks"],"picked":"SKIP","floor":11},{"not_picked":["Redo","Loop"],"picked":"Lockon","floor":12}],"player_experience":100835,"relics_obtained":[{"floor":7,"key":"DataDisk"},{"floor":9,"key":"Dream Catcher"},{"floor":13,"key":"Lantern"}],"event_choices":[{"cards_removed":["Strike_B"],"damage_healed":0,"gold_gain":0,"player_choice":"Offered Basic","damage_taken":0,"max_hp_gain":0,"max_hp_loss":0,"event_name":"Bonfire Elementals","floor":3,"gold_loss":0},{"damage_healed":0,"gold_gain":0,"player_choice":"Ignored","damage_taken":0,"max_hp_gain":0,"max_hp_loss":0,"event_name":"Golden Idol","floor":14,"gold_loss":0}],"is_beta":false,"boss_relics":[],"items_purged_floors":[2],"is_endless":false,"potions_floor_spawned":[1,4,10],"killed_by":"The Guardian","ascension_level":0}