{"gold_per_floor":[117,67,85,85,3,38,38,101,101,101,133,60,60,73,73,73],"floor_reached":16,"playtime":371,"items_purged":[],"score":226,"play_id":"00fe4747-f78f-4d56-9aee-6903f531263b","local_time":"20190419145110","is_ascension_mode":true,"campfire_choices":[{"data":"Fiend Fire","floor":7,"key":"SMITH"},{"data":"Corruption","floor":13,"key":"SMITH"},{"data":"Whirlwind","floor":15,"key":"SMITH"}],"neow_cost":"NONE","seed_source_timestamp":531544708068461,"circlet_count":0,"master_deck":["AscendersBane","Strike_R","Strike_R","Strike_R","Strike_R","Defend_R","Defend_R","Defend_R","Defend_R","Bash+1","Clash","Whirlwind+1","Fiend Fire+1","Pummel","True Grit","Feed","Corruption+1"],"relics":["Burning Blood","NeowsBlessing","Ginger","Tiny Chest","Question Card","Shuriken"],"potions_floor_usage":[8,11,16],"damage_taken":[{"damage":0,"enemies":"2 Louse","floor":1,"turns":1},{"damage":0,"enemies":"Small Slimes","floor":3,"turns":1},{"damage":0,"enemies":"Lagavulin","floor":6,"turns":1},{"damage":40,"enemies":"3 Sentries","floor":8,"turns":7},{"damage":32,"enemies":"Gremlin Nob","floor":11,"turns":5},{"damage":0,"enemies":"Cultist","floor":14,"turns":3},{"damage":31,"enemies":"Slime Boss","floor":16,"turns":3}],"seed_played":"-7542133809671821463","potions_obtained":[{"floor":3,"key":"Ancient Potion"},{"floor":6,"key":"Poison Potion"},{"floor":8,"key":"GamblersBrew"}],"is_trial":false,"path_per_floor":["M","?","M","?","$","E","R","E","T","T","E","$","R","M","R","B"],"character_chosen":"IRONCLAD","items_purchased":["Fiend Fire","Corruption"],"campfire_rested":0,"item_purchase_floors":[5,12],"current_hp_per_floor":[78,78,80,80,80,80,80,46,46,46,20,20,20,26,26,0],"gold":73,"neow_bonus":"THREE_ENEMY_KILL","is_prod":false,"is_daily":false,"chose_seed":false,"campfire_upgraded":3,"win_rate":0,"timestamp":1555710670,"path_taken":["M","?","M","?","$","E","R","E","T","?","E","$","R","?","R","BOSS"],"build_version":"2019-01-23","purchased_purges":0,"victory":false,"max_hp_per_floor":[80,80,80,80,80,80,80,80,80,80,80,80,80,80,80,80],"card_choices":[{"not_picked":["Body Slam","Iron Wave"],"picked":"Clash","floor":1},{"not_picked":["Body Slam","Burning Pact"],"picked":"Whirlwind","floor":3},{"not_picked":["Perfected Strike","Iron Wave"],"picked":"Pummel","floor":6},{"not_picked":["Burning Pact","Body Slam"],"picked":"True Grit","floor":8},{"not_picked":["True Grit","Headbutt","Flex"],"picked":"Feed","floor":11},{"not_picked":["Warcry","Rage","Heavy Blade","Infernal Blade"],"picked":"SKIP","floor":14}],"player_experience":272144,"relics_obtained":[{"floor":6,"key":"Ginger"},{"floor":8,"key":"Tiny Chest"},{"floor":9,"key":"Question Card"},{"floor":11,"key":"Shuriken"}],"event_choices":[{"cards_removed":["Strike_R"],"damage_healed":0,"gold_gain":0,"player_choice":"Card Removal","damage_taken":0,"max_hp_gain":0,"max_hp_loss":0,"event_name":"The Cleric","floor":2,"gold_loss":50},{"damage_healed":0,"gold_gain":0,"player_choice":"Grow","damage_taken":0,"max_hp_gain":0,"max_hp_loss":0,"event_name":"Living Wall","floor":4,"gold_loss":0,"cards_upgraded":["Bash"]}],"is_beta":false,"boss_relics":[],"items_purged_floors":[],"is_endless":false,"potions_floor_spawned":[3,6,8],"killed_by":"Slime Boss","ascension_level":12}