{"gold_per_floor":[116,41,41,59,59,59,95,95,95,115,138,156,156,179,179,278,278,301,99,122,135,171,171],"floor_reached":23,"playtime":1075,"items_purged":["Strike_G"],"score":382,"play_id":"5aa7d843-ad43-4c35-9207-1b6200063f95","local_time":"20190503161027","is_ascension_mode":true,"campfire_choices":[{"data":"Neutralize","floor":6,"key":"SMITH"},{"data":"Cloak And Dagger","floor":8,"key":"SMITH"},{"data":"Dagger Spray","floor":13,"key":"SMITH"},{"data":"Leg Sweep","floor":15,"key":"SMITH"}],"neow_cost":"NONE","seed_source_timestamp":1745194086725101,"circlet_count":0,"master_deck":["AscendersBane","Defend_G","Defend_G","Defend_G","Defend_G","Strike_G","Strike_G","Strike_G","Survivor","Neutralize+1","Dagger Spray+1","Leg Sweep+1","Cloak And Dagger+1","Blur","PiercingWail","Footwork","Adrenaline","Underhanded Strike","Leg Sweep","PiercingWail"],"relics":["Ring of the Snake","NeowsBlessing","Golden Idol","Blood Vial","Meat on the Bone","Runic Pyramid","Tiny Chest","Red Mask"],"potions_floor_usage":[16,16,22],"damage_taken":[{"damage":0,"enemies":"2 Louse","floor":1,"turns":1},{"damage":0,"enemies":"Small Slimes","floor":4,"turns":1},{"damage":0,"enemies":"Lagavulin","floor":7,"turns":1},{"damage":0,"enemies":"Jaw Worm","floor":10,"turns":4},{"damage":0,"enemies":"Exordium Wildlife","floor":11,"turns":4},{"damage":0,"enemies":"Blue Slaver","floor":12,"turns":5},{"damage":4,"enemies":"Exordium Thugs","floor":14,"turns":5},{"damage":23,"enemies":"Slime Boss","floor":16,"turns":10},{"damage":5,"enemies":"Spheric Guardian","floor":18,"turns":10},{"damage":1,"enemies":"3 Byrds","floor":20,"turns":5},{"damage":13,"enemies":"Snecko","floor":21,"turns":12},{"damage":28,"enemies":"Masked Bandits","floor":22,"turns":8},{"damage":37,"enemies":"Book of Stabbing","floor":23,"turns":10}],"seed_played":"-8273819259336629787","potions_obtained":[{"floor":1,"key":"GamblersBrew"},{"floor":4,"key":"Weak Potion"},{"floor":11,"key":"AttackPotion"},{"floor":14,"key":"Strength Potion"},{"floor":20,"key":"SpeedPotion"},{"floor":21,"key":"Strength Potion"}],"is_trial":false,"path_per_floor":["M","?","?","M","?","R","E","R","T","M","M","M","R","M","R","B",null,"M","$","M","M","?","E"],"character_chosen":"THE_SILENT","items_purchased":["Tiny Chest"],"campfire_rested":0,"item_purchase_floors":[19],"current_hp_per_floor":[59,59,36,36,29,29,29,29,29,43,45,47,47,45,45,36,59,56,56,57,46,32,0],"gold":171,"neow_bonus":"THREE_ENEMY_KILL","is_prod":false,"is_daily":false,"chose_seed":false,"campfire_upgraded":4,"win_rate":0,"timestamp":1556925027,"path_taken":["M","?","?","M","?","R","E","R","T","M","M","M","R","?","R","BOSS","M","$","M","M","?","E"],"build_version":"2019-01-23","purchased_purges":1,"victory":false,"max_hp_per_floor":[66,66,66,66,66,66,66,66,66,66,66,66,66,66,66,66,66,66,66,66,66,66,66],"card_choices":[{"not_picked":["Flechettes","Slice"],"picked":"Dagger Spray","floor":1},{"not_picked":["Infinite Blades","Dodge and Roll"],"picked":"Leg Sweep","floor":4},{"not_picked":["Dodge and Roll","Acrobatics"],"picked":"Cloak And Dagger","floor":7},{"not_picked":["Reflex","Outmaneuver","Expertise"],"picked":"SKIP","floor":10},{"not_picked":["Catalyst","Underhanded Strike"],"picked":"Blur","floor":11},{"not_picked":["Acrobatics","Wraith Form v2"],"picked":"PiercingWail","floor":12},{"not_picked":["Reflex","Expertise"],"picked":"Footwork","floor":14},{"not_picked":["Doppelganger","Phantasmal Killer"],"picked":"Adrenaline","floor":16},{"not_picked":["Catalyst","Outmaneuver","Well Laid Plans"],"picked":"SKIP","floor":18},{"not_picked":["Catalyst","Sucker Punch"],"picked":"Underhanded Strike","floor":20},{"not_picked":["Quick Slash","Acrobatics"],"picked":"Leg Sweep","floor":21},{"not_picked":["Accuracy","Prepared"],"picked":"PiercingWail","floor":22}],"player_experience":390313,"relics_obtained":[{"floor":7,"key":"Blood Vial"},{"floor":9,"key":"Meat on the Bone"},{"floor":22,"key":"Red Mask"}],"event_choices":[{"cards_removed":["Strike_G"],"damage_healed":0,"gold_gain":0,"player_choice":"Card Removal","damage_taken":0,"max_hp_gain":0,"max_hp_loss":0,"event_name":"The Cleric","floor":2,"gold_loss":75},{"damage_healed":0,"gold_gain":0,"player_choice":"Take Damage","damage_taken":23,"relics_obtained":["Golden Idol"],"max_hp_gain":0,"max_hp_loss":0,"event_name":"Golden Idol","floor":3,"gold_loss":0},{"cards_removed":["Defend_G"],"damage_healed":0,"gold_gain":0,"player_choice":"Card Removal","damage_taken":7,"max_hp_gain":0,"max_hp_loss":0,"event_name":"Golden Wing","floor":5,"gold_loss":0},{"damage_healed":0,"gold_gain":0,"player_choice":"Fought Bandits","damage_taken":0,"max_hp_gain":0,"max_hp_loss":0,"event_name":"Masked Bandits","floor":22,"gold_loss":0}],"is_beta":false,"boss_relics":[{"not_picked":["White Beast Statue","Black Star"],"picked":"Runic Pyramid"}],"items_purged_floors":[19],"is_endless":false,"potions_floor_spawned":[1,4,11,14,20,21],"killed_by":"Book of Stabbing","ascension_level":15}