{"gold_per_floor":[112,112,112,125,300,300,316,316,340,363,363,248,323,337,337,468,468,468],"floor_reached":18,"playtime":1262,"items_purged":["Doubt"],"score":188,"play_id":"d1508002-3fd6-4114-8ec7-31f982367beb","local_time":"20190405214807","is_ascension_mode":true,"campfire_choices":[{"floor":6,"key":"REST"},{"floor":11,"key":"REST"},{"data":"Coolheaded","floor":15,"key":"SMITH"}],"neow_cost":"NONE","seed_source_timestamp":1905604915776457,"circlet_count":0,"master_deck":["Strike_B","Strike_B","Strike_B","Defend_B","Defend_B","Defend_B","Defend_B","Zap","Dualcast","Madness","Skim","Rebound","Ball Lightning","Conserve Battery","Self Repair","Coolheaded+1","Hyperbeam"],"relics":["Cracked Core","Golden Idol","Regal Pillow","Blood Vial","Black Star"],"potions_floor_usage":[16,16],"damage_taken":[{"damage":2,"enemies":"2 Louse","floor":1,"turns":2},{"damage":14,"enemies":"Small Slimes","floor":4,"turns":5},{"damage":13,"enemies":"Jaw Worm","floor":7,"turns":4},{"damage":0,"enemies":"Large Slime","floor":10,"turns":5},{"damage":6,"enemies":"Exordium Wildlife","floor":14,"turns":2},{"damage":33,"enemies":"Slime Boss","floor":16,"turns":12},{"damage":50,"enemies":"3 Byrds","floor":18,"turns":5}],"seed_played":"-3946221930075655622","potions_obtained":[{"floor":4,"key":"FearPotion"},{"floor":7,"key":"Explosive Potion"}],"is_trial":false,"path_per_floor":["M","?","?","M","?","R","M","?","T","M","R","$","?","M","R","B",null,"M"],"character_chosen":"DEFECT","items_purchased":["Self Repair"],"campfire_rested":2,"item_purchase_floors":[12],"current_hp_per_floor":[73,55,48,34,34,56,43,36,36,38,75,75,64,60,60,36,65,17],"gold":468,"neow_bonus":"RANDOM_COLORLESS","is_prod":false,"is_daily":false,"chose_seed":false,"campfire_upgraded":1,"win_rate":0,"timestamp":1554468487,"path_taken":["M","?","?","M","?","R","M","?","T","M","R","$","?","M","R","BOSS","M"],"build_version":"2019-01-23","purchased_purges":1,"victory":false,"max_hp_per_floor":[75,75,75,75,75,75,75,75,75,75,75,75,75,75,75,75,75,75],"card_choices":[{"not_picked":["Force Field","Scrape"],"picked":"Skim","floor":1},{"not_picked":["Gash","White Noise"],"picked":"Rebound","floor":4},{"not_picked":["Cold Snap","Sunder"],"picked":"Ball Lightning","floor":7},{"not_picked":["Coolheaded","Auto Shields"],"picked":"Conserve Battery","floor":10},{"not_picked":["Fusion","Barrage"],"picked":"Coolheaded","floor":14},{"not_picked":["Fission","Buffer"],"picked":"Hyperbeam","floor":16}],"player_experience":246038,"relics_obtained":[{"floor":9,"key":"Blood Vial"}],"event_choices":[{"damage_healed":0,"gold_gain":0,"player_choice":"Take Damage","damage_taken":18,"relics_obtained":["Golden Idol"],"max_hp_gain":0,"max_hp_loss":0,"event_name":"Golden Idol","floor":2,"gold_loss":0},{"cards_removed":["Strike_B"],"damage_healed":0,"gold_gain":0,"player_choice":"Card Removal","damage_taken":7,"max_hp_gain":0,"max_hp_loss":0,"event_name":"Golden Wing","floor":3,"gold_loss":0},{"damage_healed":0,"gold_gain":175,"player_choice":"AGREE","damage_taken":0,"max_hp_gain":0,"max_hp_loss":0,"event_name":"Liars Game","floor":5,"gold_loss":0,"cards_obtained":["Doubt"]},{"damage_healed":0,"gold_gain":0,"player_choice":"Success","damage_taken":7,"relics_obtained":["Regal Pillow"],"max_hp_gain":0,"max_hp_loss":0,"event_name":"Scrap Ooze","floor":8,"gold_loss":0},{"damage_healed":0,"gold_gain":75,"player_choice":"Gather Gold","damage_taken":11,"max_hp_gain":0,"max_hp_loss":0,"event_name":"World of Goop","floor":13,"gold_loss":0}],"is_beta":false,"boss_relics":[{"not_picked":["Orrery","Busted Crown"],"picked":"Black Star"}],"items_purged_floors":[12],"is_endless":false,"potions_floor_spawned":[4,7],"killed_by":"3 Byrds","ascension_level":5}