{"gold_per_floor":[115,62,75,91,110,110,169,169,241,269,269,269,286,304,304,404,404,415,428,428,428,146,172,188,188],"floor_reached":25,"playtime":3072,"items_purged":["Strike_B"],"score":322,"play_id":"a8829f63-d55d-4b49-b956-c6e5fc8e9e78","local_time":"20190422151815","is_ascension_mode":true,"campfire_choices":[{"data":"Zap","floor":6,"key":"SMITH"},{"data":"Dualcast","floor":12,"key":"SMITH"},{"data":"Steam","floor":15,"key":"SMITH"}],"neow_cost":"NONE","seed_source_timestamp":1095103362042400,"circlet_count":0,"master_deck":["Strike_B","Strike_B","Defend_B","Defend_B","Defend_B","Zap+1","Dualcast+1","Gash","Steam+1","Leap","Steam","Reboot","Gash","Turbo","Gash","Echo Form","Hologram+1","Gash","Creative AI","Cold Snap+1"],"relics":["Cracked Core","NeowsBlessing","FossilizedHelix","Tiny Chest","Gremlin Horn","Anchor","Sozu","Toolbox","Dead Branch"],"potions_floor_usage":[7,10,16,18,23],"damage_taken":[{"damage":0,"enemies":"Small Slimes","floor":1,"turns":1},{"damage":0,"enemies":"Cultist","floor":3,"turns":1},{"damage":0,"enemies":"2 Louse","floor":4,"turns":1},{"damage":0,"enemies":"Large Slime","floor":5,"turns":6},{"damage":0,"enemies":"Gremlin Nob","floor":7,"turns":4},{"damage":23,"enemies":"Lagavulin","floor":10,"turns":9},{"damage":0,"enemies":"3 Louse","floor":13,"turns":4},{"damage":0,"enemies":"Red Slaver","floor":14,"turns":4},{"damage":44,"enemies":"Hexaghost","floor":16,"turns":10},{"damage":31,"enemies":"Chosen","floor":18,"turns":5},{"damage":0,"enemies":"Spheric Guardian","floor":19,"turns":3},{"damage":20,"enemies":"Gremlin Leader","floor":23,"turns":5},{"damage":17,"enemies":"Shelled Parasite and Fungi","floor":24,"turns":4},{"damage":14,"enemies":"Slavers","floor":25,"turns":2}],"seed_played":"6457187875446919760","potions_obtained":[{"floor":3,"key":"Weak Potion"},{"floor":5,"key":"Fire Potion"},{"floor":10,"key":"Poison Potion"},{"floor":14,"key":"LiquidBronze"},{"floor":16,"key":"SkillPotion"}],"is_trial":false,"path_per_floor":["M","?","M","M","M","R","E","?","T","E","?","R","M","M","R","B",null,"M","M","?","?","$","E","M","E"],"character_chosen":"DEFECT","items_purchased":["Toolbox"],"campfire_rested":0,"item_purchase_floors":[22],"current_hp_per_floor":[75,75,75,75,75,75,75,68,68,45,45,45,45,45,45,1,75,44,44,44,44,44,24,7,0],"gold":188,"neow_bonus":"THREE_ENEMY_KILL","is_prod":false,"is_daily":false,"chose_seed":false,"campfire_upgraded":3,"win_rate":0,"timestamp":1555939095,"path_taken":["M","?","?","M","M","R","E","?","T","E","?","R","M","M","R","BOSS","M","M","?","?","$","E","M","E"],"build_version":"2019-01-23","purchased_purges":1,"victory":false,"max_hp_per_floor":[75,75,75,75,75,75,75,75,75,75,75,75,75,75,75,75,75,75,75,75,75,75,75,75,75],"card_choices":[{"not_picked":["Streamline","Blizzard"],"picked":"Gash","floor":1},{"not_picked":["Leap","Conserve Battery"],"picked":"Steam","floor":3},{"not_picked":["Ball Lightning","Recycle"],"picked":"Leap","floor":4},{"not_picked":["Stack","Melter"],"picked":"Steam","floor":5},{"not_picked":["Consume","Reinforced Body"],"picked":"Reboot","floor":7},{"not_picked":["Barrage","Leap"],"picked":"Gash","floor":10},{"not_picked":["Static Discharge","Steam"],"picked":"Turbo","floor":13},{"not_picked":["Streamline","Sweeping Beam"],"picked":"Gash","floor":14},{"not_picked":["Thunder Strike","Biased Cognition"],"picked":"Echo Form","floor":16},{"not_picked":["Self Repair+1","Streamline+1"],"picked":"Hologram+1","floor":18},{"not_picked":["Lockon","Rebound","Ball Lightning"],"picked":"SKIP","floor":19},{"not_picked":["Stack","Tempest"],"picked":"Creative AI","floor":23},{"not_picked":["Blizzard","Double Energy"],"picked":"Cold Snap+1","floor":24}],"player_experience":578243,"relics_obtained":[{"floor":7,"key":"Tiny Chest"},{"floor":9,"key":"Gremlin Horn"},{"floor":10,"key":"Anchor"},{"floor":23,"key":"Dead Branch"}],"event_choices":[{"damage_healed":0,"gold_gain":0,"player_choice":"Paid Gold","damage_taken":0,"relics_obtained":["FossilizedHelix"],"max_hp_gain":0,"max_hp_loss":0,"event_name":"WeMeetAgain","floor":2,"gold_loss":53},{"cards_removed":["Strike_B"],"damage_healed":0,"gold_gain":0,"player_choice":"Card Removal","damage_taken":7,"max_hp_gain":0,"max_hp_loss":0,"event_name":"Golden Wing","floor":8,"gold_loss":0},{"cards_removed":["Defend_B"],"damage_healed":0,"gold_gain":0,"player_choice":"Forget","damage_taken":0,"max_hp_gain":0,"max_hp_loss":0,"event_name":"Living Wall","floor":11,"gold_loss":0},{"damage_healed":0,"gold_gain":0,"player_choice":"Read","damage_taken":0,"max_hp_gain":0,"max_hp_loss":0,"event_name":"The Library","floor":20,"gold_loss":0,"cards_obtained":["Gash"]},{"damage_healed":0,"gold_gain":0,"player_choice":"Got Potions","damage_taken":0,"max_hp_gain":0,"max_hp_loss":0,"event_name":"Lab","floor":21,"gold_loss":0}],"is_beta":false,"boss_relics":[{"not_picked":["Runic Dome","Eternal Feather"],"picked":"Sozu"}],"items_purged_floors":[22],"is_endless":false,"potions_floor_spawned":[3,5,10,14,16,23],"killed_by":"Slavers","ascension_level":3}