{"gold_per_floor":[115,115,65,27,46,46,72,97,97,129,129,3,3,15,15,119,119,134,59,59,70,90,90,122,137,164,164,164,113,147,167,167,264,264,284,296,49,49,49,49,49,62,62,80,99,99,0,15,15,15],"floor_reached":50,"playtime":3291,"items_purged":["Strike_R"],"score":537,"play_id":"7e9a85b9-4548-42a3-9d9f-f048e9183806","local_time":"20190502214345","is_ascension_mode":true,"campfire_choices":[{"data":"Armaments","floor":6.0,"key":"SMITH"},{"data":"Shockwave","floor":11.0,"key":"SMITH"},{"data":"Bash","floor":15.0,"key":"SMITH"},{"data":"Strike_R","floor":23.0,"key":"PURGE"},{"floor":27.0,"key":"REST"},{"floor":32.0,"key":"REST"},{"data":"1","floor":40.0,"key":"LIFT"},{"data":"2","floor":49.0,"key":"LIFT"}],"neow_cost":"PERCENT_DAMAGE","seed_source_timestamp":1547341098908616,"circlet_count":0,"master_deck":["Strike_R","Defend_R","Defend_R","Defend_R","Defend_R","Bash+1","Rampage","Armaments+1","Shockwave+1","Cleave","Shrug It Off","Demon Form+1","Flame Barrier","Spot Weakness","Spot Weakness","Exhume","Clothesline","Seeing Red","Fiend Fire","Dual Wield+1","Twin Strike+1","Dropkick+1"],"special_seed":0,"relics":["Burning Blood","Magic Flower","Ancient Tea Set","Regal Pillow","Torii","Peace Pipe","Girya","White Beast Statue","Vajra","Boot","Lantern","Velvet Choker","Pantograph","Turnip"],"potions_floor_usage":[50,50],"damage_taken":[{"damage":11.0,"enemies":"2 Louse","floor":1.0,"turns":3.0},{"damage":5.0,"enemies":"Jaw Worm","floor":5.0,"turns":4.0},{"damage":15.0,"enemies":"Lagavulin","floor":7.0,"turns":7.0},{"damage":20.0,"enemies":"Gremlin Nob","floor":10.0,"turns":4.0},{"damage":0.0,"enemies":"Small Slimes","floor":14.0,"turns":2.0},{"damage":44.0,"enemies":"Slime Boss","floor":16.0,"turns":13.0},{"damage":13.0,"enemies":"Shell Parasite","floor":18.0,"turns":8.0},{"damage":0.0,"enemies":"3 Byrds","floor":21.0,"turns":4.0},{"damage":19.0,"enemies":"Centurion and Healer","floor":22.0,"turns":8.0},{"damage":21.0,"enemies":"Slavers","floor":24.0,"turns":5.0},{"damage":57.0,"enemies":"Cultist and Chosen","floor":25.0,"turns":9.0},{"damage":57.0,"enemies":"Gremlin Leader","floor":30.0,"turns":9.0},{"damage":4.0,"enemies":"Snecko","floor":31.0,"turns":7.0},{"damage":44.0,"enemies":"Champ","floor":33.0,"turns":11.0},{"damage":25.0,"enemies":"Orb Walker","floor":35.0,"turns":4.0},{"damage":9.0,"enemies":"3 Shapes","floor":36.0,"turns":5.0},{"damage":46.0,"enemies":"Jaw Worm Horde","floor":42.0,"turns":6.0},{"damage":28.0,"enemies":"Transient","floor":44.0,"turns":5.0},{"damage":10.0,"enemies":"4 Shapes","floor":45.0,"turns":8.0},{"damage":0.0,"enemies":"Spire Growth","floor":48.0,"turns":4.0},{"damage":93,"enemies":"Awakened One","floor":50,"turns":7}],"seed_played":"-1787140461106707960","potions_obtained":[{"floor":10.0,"key":"Swift Potion"},{"floor":16.0,"key":"Weak Potion"},{"floor":18.0,"key":"Strength Potion"},{"floor":21.0,"key":"EssenceOfSteel"},{"floor":22.0,"key":"Fire Potion"},{"floor":24.0,"key":"Regen Potion"},{"floor":25.0,"key":"Swift Potion"},{"floor":30.0,"key":"EssenceOfSteel"},{"floor":31.0,"key":"Strength Potion"},{"floor":33.0,"key":"LiquidBronze"},{"floor":35.0,"key":"Regen Potion"},{"floor":36.0,"key":"Strength Potion"},{"floor":38.0,"key":"SteroidPotion"},{"floor":42.0,"key":"Fruit Juice"},{"floor":44.0,"key":"LiquidBronze"},{"floor":45.0,"key":"Energy Potion"},{"floor":48.0,"key":"Poison Potion"}],"is_trial":false,"path_per_floor":["M","?","?","$","M","R","E","T","T","E","R","$","?","M","R","B",null,"M","$","?","M","M","R","E","M","T","R","?","$","E","M","R","B",null,"M","M","$","?","$","R","?","M","T","M","M","?","$","M","R","B"],"character_chosen":"IRONCLAD","items_purchased":["Rampage","Cleave","Spot Weakness","Clothesline","Pantograph","Block Potion","SkillPotion"],"campfire_rested":2,"item_purchase_floors":[4,12,19,29,37,47,47],"current_hp_per_floor":[54,59,59,59,63,63,57,57,57,46,46,46,43,52,52,17,85,81,81,81,85,75,75,63,37,37,77,77,77,29,34,74,39,85,69,85,85,85,85,85,85,53,53,34,33,79,79,79,79,0],"gold":15,"neow_bonus":"ONE_RARE_RELIC","is_prod":false,"is_daily":false,"chose_seed":false,"campfire_upgraded":3,"win_rate":0,"timestamp":1556829825,"path_taken":["M","?","?","?","M","R","E","?","T","E","R","$","?","M","R","BOSS","M","$","?","M","M","R","E","?","T","R","?","$","E","M","R","BOSS","M","?","$","?","?","R","?","M","T","?","?","?","$","M","R","BOSS"],"build_version":"2019-01-23","purchased_purges":1,"victory":false,"max_hp_per_floor":[80,85,85,85,85,85,85,85,85,85,85,85,85,85,85,85,85,85,85,85,85,85,85,85,85,85,85,85,85,85,85,85,85,85,85,85,85,85,85,85,85,90,90,90,90,79,79,79,79,79],"card_choices":[{"not_picked":["Heavy Blade","Rupture","Body Slam"],"picked":"SKIP","floor":1.0},{"not_picked":["Heavy Blade","Anger"],"picked":"Armaments","floor":5.0},{"not_picked":["Iron Wave","Flex"],"picked":"Shockwave","floor":7.0},{"not_picked":["Feel No Pain","Sentinel","Wild Strike"],"picked":"SKIP","floor":10.0},{"not_picked":["Rage","Headbutt"],"picked":"Shrug It Off","floor":14.0},{"not_picked":["Bludgeon","Barricade"],"picked":"Demon Form","floor":16.0},{"not_picked":["Wild Strike+1","True Grit+1"],"picked":"Flame Barrier","floor":18.0},{"not_picked":["Wild Strike+1","Warcry","Anger"],"picked":"SKIP","floor":21.0},{"not_picked":["Clash","Warcry"],"picked":"Spot Weakness","floor":22.0},{"not_picked":["Berserk","Shockwave","Anger"],"picked":"SKIP","floor":24.0},{"not_picked":["Body Slam+1","Metallicize","Iron Wave"],"picked":"SKIP","floor":25.0},{"not_picked":["Clash","Berserk","Perfected Strike"],"picked":"SKIP","floor":30.0},{"not_picked":["Searing Blow+1","Twin Strike"],"picked":"Seeing Red","floor":31.0},{"not_picked":["Brutality","Exhume"],"picked":"Fiend Fire","floor":33.0},{"not_picked":["Cleave","Warcry+1"],"picked":"Dual Wield+1","floor":35.0},{"not_picked":["Warcry+1","Anger","True Grit+1"],"picked":"SKIP","floor":36.0},{"not_picked":["Clothesline+1","Heavy Blade+1"],"picked":"Twin Strike+1","floor":42.0},{"not_picked":["Searing Blow+1","Anger+1"],"picked":"Dropkick+1","floor":44.0},{"not_picked":["Heavy Blade+1","Anger","Entrench+1"],"picked":"SKIP","floor":45.0},{"not_picked":["Searing Blow+1","Shrug It Off","Offering"],"picked":"SKIP","floor":48.0}],"player_experience":1891809,"relics_obtained":[{"floor":7.0,"key":"Ancient Tea Set"},{"floor":8.0,"key":"Regal Pillow"},{"floor":9.0,"key":"Torii"},{"floor":10.0,"key":"Peace Pipe"},{"floor":24.0,"key":"Vajra"},{"floor":26.0,"key":"Boot"},{"floor":30.0,"key":"Lantern"},{"floor":43.0,"key":"Turnip"}],"event_choices":[{"damage_healed":0.0,"max_hp_gain":5.0,"max_hp_loss":0.0,"gold_gain":0.0,"event_name":"Big Fish","player_choice":"Donut","floor":2.0,"gold_loss":0.0,"damage_taken":0.0},{"cards_removed":["Strike_R"],"damage_healed":0.0,"max_hp_gain":0.0,"max_hp_loss":0.0,"gold_gain":0.0,"event_name":"The Cleric","player_choice":"Card Removal","floor":3.0,"gold_loss":50.0,"damage_taken":0.0},{"damage_healed":0.0,"max_hp_gain":0.0,"max_hp_loss":0.0,"gold_gain":0.0,"event_name":"Scrap Ooze","player_choice":"Success","floor":13.0,"gold_loss":0.0,"damage_taken":3.0,"relics_obtained":["Girya"]},{"damage_healed":0.0,"max_hp_gain":0.0,"max_hp_loss":0.0,"gold_gain":0.0,"event_name":"Upgrade Shrine","player_choice":"Upgraded","floor":20.0,"gold_loss":0.0,"damage_taken":0.0,"cards_upgraded":["Demon Form"]},{"damage_healed":0.0,"max_hp_gain":0.0,"max_hp_loss":0.0,"gold_gain":0.0,"event_name":"Match and Keep!","player_choice":"1 cards matched","floor":28.0,"gold_loss":0.0,"damage_taken":0.0,"cards_obtained":["Exhume"]},{"damage_healed":0.0,"max_hp_gain":0.0,"max_hp_loss":0.0,"gold_gain":0.0,"event_name":"Lab","player_choice":"Got Potions","floor":38.0,"gold_loss":0.0,"damage_taken":0.0},{"cards_removed":["Strike_R"],"damage_healed":0.0,"max_hp_gain":0.0,"max_hp_loss":0.0,"gold_gain":0.0,"event_name":"Purifier","player_choice":"Purged","floor":41.0,"gold_loss":0.0,"damage_taken":0.0},{"damage_healed":79.0,"max_hp_gain":0.0,"max_hp_loss":11.0,"gold_gain":0.0,"event_name":"The Moai Head","player_choice":"Heal","floor":46.0,"gold_loss":0.0,"damage_taken":0.0}],"is_beta":false,"boss_relics":[{"not_picked":["Runic Cube","Coffee Dripper"],"picked":"White Beast Statue"},{"not_picked":["Runic Pyramid","Sozu"],"picked":"Velvet Choker"}],"items_purged_floors":[12],"is_endless":false,"potions_floor_spawned":[10,16,18,21,22,24,25,30,31,33,35,36,42,44,45,48],"killed_by":"Awakened One","ascension_level":1}