{"gold_per_floor":[117,117,132,132,151,182,199,229,284,297,297,372,372,18,18,18],"floor_reached":16,"playtime":875,"items_purged":[],"score":204,"play_id":"1be93d83-1931-4cdf-8b96-4a0d788280e6","local_time":"20190424220747","is_ascension_mode":true,"campfire_choices":[{"data":"Cleave","floor":11,"key":"SMITH"},{"data":"Metallicize","floor":15,"key":"SMITH"}],"neow_cost":"NONE","seed_source_timestamp":3542486563526,"circlet_count":0,"master_deck":["AscendersBane","Strike_R","Strike_R","Strike_R","Strike_R","Defend_R","Defend_R","Defend_R","Defend_R","Bash+1","Shrug It Off","Battle Trance","Headbutt","Clothesline","Metallicize+1","Shrug It Off","Cleave+1","Sever Soul"],"relics":["Burning Blood","Magic Flower","Ornamental Fan","Anchor","Mercury Hourglass"],"potions_floor_usage":[6,8,16,16],"damage_taken":[{"damage":3,"enemies":"2 Louse","floor":1,"turns":4},{"damage":0,"enemies":"Jaw Worm","floor":3,"turns":4},{"damage":1,"enemies":"Cultist","floor":5,"turns":3},{"damage":19,"enemies":"3 Sentries","floor":6,"turns":10},{"damage":12,"enemies":"Large Slime","floor":7,"turns":6},{"damage":17,"enemies":"Gremlin Nob","floor":8,"turns":4},{"damage":1,"enemies":"Blue Slaver","floor":10,"turns":3},{"damage":60,"enemies":"Hexaghost","floor":16,"turns":16}],"seed_played":"6893304710308498114","potions_obtained":[{"floor":1,"key":"EssenceOfSteel"},{"floor":5,"key":"Fire Potion"},{"floor":8,"key":"EssenceOfSteel"},{"floor":10,"key":"Swift Potion"}],"is_trial":false,"path_per_floor":["M","?","M","?","M","E","M","E","T","M","R","?","?","$","R","B"],"character_chosen":"IRONCLAD","items_purchased":["Mercury Hourglass","Sever Soul"],"campfire_rested":0,"item_purchase_floors":[14,14],"current_hp_per_floor":[78,78,82,82,82,69,66,58,58,66,66,55,60,60,60,0],"gold":18,"neow_bonus":"TEN_PERCENT_HP_BONUS","is_prod":false,"is_daily":false,"chose_seed":false,"campfire_upgraded":2,"win_rate":0,"timestamp":1556168867,"path_taken":["M","?","M","?","M","E","?","E","T","M","R","?","?","$","R","BOSS"],"build_version":"2019-01-23","purchased_purges":0,"victory":false,"max_hp_per_floor":[82,82,82,82,82,82,82,82,82,82,82,82,87,87,87,87],"card_choices":[{"not_picked":["Whirlwind","Body Slam"],"picked":"Shrug It Off","floor":1},{"not_picked":["Flex","Warcry"],"picked":"Battle Trance","floor":3},{"not_picked":["Flex","Pommel Strike"],"picked":"Headbutt","floor":5},{"not_picked":["Seeing Red","Body Slam"],"picked":"Clothesline","floor":6},{"not_picked":["Twin Strike","Entrench"],"picked":"Metallicize","floor":7},{"not_picked":["Warcry","Sword Boomerang"],"picked":"Shrug It Off","floor":8},{"not_picked":["Combust","Thunderclap"],"picked":"Cleave","floor":10}],"player_experience":475065,"relics_obtained":[{"floor":6,"key":"Magic Flower"},{"floor":8,"key":"Ornamental Fan"},{"floor":9,"key":"Anchor"}],"event_choices":[{"damage_healed":0,"gold_gain":0,"player_choice":"Grow","damage_taken":0,"max_hp_gain":0,"max_hp_loss":0,"event_name":"Living Wall","floor":2,"gold_loss":0,"cards_upgraded":["Bash"]},{"cards_removed":["Strike_R"],"damage_healed":0,"gold_gain":0,"player_choice":"Purged","damage_taken":0,"max_hp_gain":0,"max_hp_loss":0,"event_name":"Purifier","floor":4,"gold_loss":0},{"damage_healed":0,"gold_gain":75,"player_choice":"Gather Gold","damage_taken":11,"max_hp_gain":0,"max_hp_loss":0,"event_name":"World of Goop","floor":12,"gold_loss":0},{"damage_healed":0,"gold_gain":0,"player_choice":"Donut","damage_taken":0,"max_hp_gain":5,"max_hp_loss":0,"event_name":"Big Fish","floor":13,"gold_loss":0}],"is_beta":false,"boss_relics":[],"items_purged_floors":[],"is_endless":false,"potions_floor_spawned":[1,5,8,10],"killed_by":"Hexaghost","ascension_level":17}