{"gold_per_floor":[112,62,73,73,73,134,134,144,214,247,261,277,277,293,293,390,390,409,409,425,425,460,460,495,495,495,495],"floor_reached":27,"playtime":2664,"items_purged":[],"score":306,"play_id":"01d10dca-8022-44f5-abeb-a4aea1484242","local_time":"20190422135416","is_ascension_mode":true,"campfire_choices":[{"data":"Zap","floor":7,"key":"SMITH"},{"data":"Defragment","floor":13,"key":"SMITH"},{"data":"Dualcast","floor":15,"key":"SMITH"},{"data":"Hologram","floor":23,"key":"SMITH"},{"data":"Hologram","floor":25,"key":"SMITH"}],"neow_cost":"NONE","seed_source_timestamp":1090471412465400,"circlet_count":0,"master_deck":["Strike_B","Strike_B","Defend_B+1","Defend_B","Defend_B","Defend_B","Zap+1","Dualcast+1","Hologram+1","Steam","Steam","Cold Snap","Defragment+1","Cold Snap","Hologram+1","All For One","Echo Form","Hologram+1","Streamline","Streamline","Stack"],"relics":["Cracked Core","NeowsBlessing","Tiny Chest","Cables","Mango","Snecko Eye","Nilry\u0027s Codex","Red Mask","War Paint","Mercury Hourglass"],"potions_floor_usage":[16,16,22],"damage_taken":[{"damage":0,"enemies":"Jaw Worm","floor":1,"turns":1},{"damage":0,"enemies":"Small Slimes","floor":3,"turns":1},{"damage":0,"enemies":"Lagavulin","floor":6,"turns":1},{"damage":0,"enemies":"2 Louse","floor":8,"turns":3},{"damage":17,"enemies":"3 Sentries","floor":10,"turns":10},{"damage":0,"enemies":"Blue Slaver","floor":11,"turns":3},{"damage":9,"enemies":"Large Slime","floor":12,"turns":6},{"damage":1,"enemies":"Red Slaver","floor":14,"turns":4},{"damage":14,"enemies":"Hexaghost","floor":16,"turns":11},{"damage":12,"enemies":"3 Byrds","floor":18,"turns":7},{"damage":12,"enemies":"Spheric Guardian","floor":20,"turns":4},{"damage":29,"enemies":"Masked Bandits","floor":22,"turns":3},{"damage":10,"enemies":"Book of Stabbing","floor":24,"turns":6},{"damage":14,"enemies":"Gremlin Leader","floor":27,"turns":4}],"seed_played":"-6952585666997380294","potions_obtained":[{"floor":8,"key":"Ancient Potion"},{"floor":10,"key":"Energy Potion"},{"floor":11,"key":"Fire Potion"},{"floor":12,"key":"SkillPotion"},{"floor":24,"key":"Energy Potion"}],"is_trial":false,"path_per_floor":["M","?","M","?","?","E","R","M","T","E","M","M","R","M","R","B",null,"M","$","M","?","?","R","E","R","T","E"],"character_chosen":"DEFECT","items_purchased":[],"campfire_rested":0,"item_purchase_floors":[],"current_hp_per_floor":[75,75,75,75,75,75,75,75,75,72,72,63,63,62,62,48,89,77,77,65,49,20,20,10,10,10,0],"gold":495,"neow_bonus":"THREE_ENEMY_KILL","is_prod":false,"is_daily":false,"chose_seed":false,"campfire_upgraded":5,"win_rate":0,"timestamp":1555934056,"path_taken":["M","?","M","?","?","E","R","M","T","E","M","M","R","M","R","BOSS","M","$","M","?","?","R","E","R","T","E"],"build_version":"2019-01-23","purchased_purges":0,"victory":false,"max_hp_per_floor":[75,75,75,75,75,75,75,75,75,89,89,89,89,89,89,89,89,89,89,89,89,89,89,89,89,89,89],"card_choices":[{"not_picked":["Turbo","Compile Driver"],"picked":"Hologram","floor":1},{"not_picked":["Fusion","Doom and Gloom"],"picked":"Steam","floor":3},{"not_picked":["Double Energy","Rebound"],"picked":"Steam","floor":6},{"not_picked":["Streamline","Heatsinks"],"picked":"Cold Snap","floor":8},{"not_picked":["Turbo","Go for the Eyes"],"picked":"Defragment","floor":10},{"not_picked":["Ball Lightning","Tempest"],"picked":"Cold Snap","floor":11},{"not_picked":["Rebound","Beam Cell"],"picked":"Hologram","floor":12},{"not_picked":["Compile Driver","Fusion"],"picked":"All For One","floor":14},{"not_picked":["Hyperbeam","Electrodynamics"],"picked":"Echo Form","floor":16},{"not_picked":["Steam","Redo"],"picked":"Hologram","floor":18},{"not_picked":["Stack","Steam Power"],"picked":"Streamline","floor":20},{"not_picked":["Loop+1","Redo"],"picked":"Streamline","floor":22},{"not_picked":["Skim","Biased Cognition"],"picked":"Stack","floor":24}],"player_experience":573671,"relics_obtained":[{"floor":6,"key":"Tiny Chest"},{"floor":9,"key":"Cables"},{"floor":10,"key":"Mango"},{"floor":21,"key":"Nilry\u0027s Codex"},{"floor":22,"key":"Red Mask"},{"floor":24,"key":"War Paint"},{"floor":26,"key":"Mercury Hourglass"}],"event_choices":[{"cards_removed":["Strike_B"],"damage_healed":0,"gold_gain":0,"player_choice":"Card Removal","damage_taken":0,"max_hp_gain":0,"max_hp_loss":0,"event_name":"The Cleric","floor":2,"gold_loss":50},{"damage_healed":0,"gold_gain":0,"player_choice":"Ignored","damage_taken":0,"max_hp_gain":0,"max_hp_loss":0,"event_name":"Liars Game","floor":4,"gold_loss":0},{"cards_removed":["Strike_B"],"damage_healed":0,"gold_gain":0,"player_choice":"Forget","damage_taken":0,"max_hp_gain":0,"max_hp_loss":0,"event_name":"Living Wall","floor":5,"gold_loss":0},{"damage_healed":0,"gold_gain":0,"player_choice":"Obtained Book","damage_taken":16,"max_hp_gain":0,"max_hp_loss":0,"event_name":"Cursed Tome","floor":21,"gold_loss":0},{"damage_healed":0,"gold_gain":0,"player_choice":"Fought Bandits","damage_taken":0,"max_hp_gain":0,"max_hp_loss":0,"event_name":"Masked Bandits","floor":22,"gold_loss":0}],"is_beta":false,"boss_relics":[{"not_picked":["Orrery","Cursed Key"],"picked":"Snecko Eye"}],"items_purged_floors":[],"is_endless":false,"potions_floor_spawned":[8,10,11,12,14,24],"killed_by":"Gremlin Leader","ascension_level":3}