{"gold_per_floor":[112,112,112,122,136,170,170,180,180,200,200,44,60,76,76,176,176,187,206,216,125,144,144],"floor_reached":23,"playtime":2643,"items_purged":[],"score":276,"play_id":"7234f391-5cc6-45a9-b767-dbc55ad66388","local_time":"20190408115426","is_ascension_mode":true,"campfire_choices":[{"floor":7,"key":"REST"},{"data":"Endless Agony","floor":11,"key":"SMITH"},{"floor":15,"key":"REST"}],"neow_cost":"NONE","seed_source_timestamp":295467038111402,"circlet_count":0,"master_deck":["Defend_G","Defend_G","Defend_G","Defend_G","Defend_G","Strike_G","Survivor","Neutralize","Endless Agony+1","Deadly Poison","PiercingWail","Dodge and Roll","Distraction","Footwork+1","Envenom+1","Infinite Blades+1","Cloak And Dagger","Burst","Terror+1","Outmaneuver+1","Blur+1","Slice","Catalyst","Well Laid Plans+1","Noxious Fumes+1","Deflect","Infinite Blades+1"],"relics":["Ring of the Snake","Anchor","Frozen Egg 2","Mango","Girya","Astrolabe"],"potions_floor_usage":[6,14,22,22,22],"damage_taken":[{"damage":0,"enemies":"Jaw Worm","floor":1,"turns":4},{"damage":0,"enemies":"Cultist","floor":4,"turns":4},{"damage":0,"enemies":"2 Louse","floor":5,"turns":3},{"damage":42,"enemies":"3 Sentries","floor":6,"turns":12},{"damage":5,"enemies":"Looter","floor":8,"turns":3},{"damage":1,"enemies":"Large Slime","floor":10,"turns":10},{"damage":0,"enemies":"Red Slaver","floor":13,"turns":5},{"damage":25,"enemies":"Gremlin Gang","floor":14,"turns":8},{"damage":25,"enemies":"The Guardian","floor":16,"turns":13},{"damage":17,"enemies":"Spheric Guardian","floor":18,"turns":9},{"damage":1,"enemies":"3 Byrds","floor":19,"turns":8},{"damage":29,"enemies":"Sentry and Sphere","floor":20,"turns":7},{"damage":31,"enemies":"Cultist and Chosen","floor":22,"turns":7},{"damage":8,"enemies":"Book of Stabbing","floor":23,"turns":2}],"seed_played":"-388554856779516221","potions_obtained":[{"floor":5,"key":"Poison Potion"},{"floor":10,"key":"EssenceOfSteel"},{"floor":16,"key":"GhostInAJar"},{"floor":18,"key":"AttackPotion"},{"floor":19,"key":"Regen Potion"}],"is_trial":false,"path_per_floor":["?","?"],"character_chosen":"THE_SILENT","items_purchased":["Envenom+1","Noxious Fumes+1","Deflect"],"campfire_rested":2,"item_purchase_floors":[12,21,21],"current_hp_per_floor":[63,45,45,45,45,17,42,37,37,36,36,36,36,11,36,11,66,49,48,19,19,3,0],"gold":144,"neow_bonus":"RANDOM_COMMON_RELIC","is_prod":false,"is_daily":false,"chose_seed":false,"campfire_upgraded":1,"win_rate":0,"timestamp":1554746066,"path_taken":["M","?","?","M","M","E","R","M","T","M","R","$","M","M","R","BOSS","M","M","M","$","M","E"],"build_version":"2019-01-23","purchased_purges":0,"victory":false,"max_hp_per_floor":[70,70,70,70,70,84,84,84,84,84,84,84,84,84,84,84,84,84,84,84,84,84,84],"card_choices":[{"not_picked":["Backflip","Flechettes"],"picked":"Endless Agony","floor":1},{"not_picked":["Sucker Punch","Slice"],"picked":"Deadly Poison","floor":4},{"not_picked":["Poisoned Stab","Dodge and Roll"],"picked":"PiercingWail","floor":5},{"not_picked":["Dagger Spray","Slice"],"picked":"Dodge and Roll","floor":6},{"not_picked":["Prepared","Outmaneuver"],"picked":"Distraction","floor":8},{"not_picked":["Finisher","Backflip"],"picked":"Footwork+1","floor":10},{"not_picked":["Underhanded Strike","Acrobatics"],"picked":"Infinite Blades+1","floor":13},{"not_picked":["Envenom+1","Dagger Spray"],"picked":"Cloak And Dagger","floor":14},{"not_picked":["Die Die Die","Grand Finale"],"picked":"Burst","floor":16},{"not_picked":["Underhanded Strike","Flying Knee"],"picked":"Slice","floor":18},{"not_picked":["Concentrate","Blade Dance"],"picked":"Catalyst","floor":19},{"not_picked":["Dagger Spray","Outmaneuver+1"],"picked":"Well Laid Plans+1","floor":20},{"not_picked":["Expertise+1","Underhanded Strike"],"picked":"Infinite Blades+1","floor":22}],"player_experience":536421,"relics_obtained":[{"floor":6,"key":"Mango"},{"floor":9,"key":"Girya"}],"event_choices":[{"damage_healed":0,"gold_gain":0,"player_choice":"Success","damage_taken":18,"relics_obtained":["Frozen Egg 2"],"max_hp_gain":0,"max_hp_loss":0,"event_name":"Scrap Ooze","floor":2,"gold_loss":0},{"cards_removed":["Strike_G"],"damage_healed":0,"gold_gain":0,"player_choice":"Purged","damage_taken":0,"max_hp_gain":0,"max_hp_loss":0,"event_name":"Purifier","floor":3,"gold_loss":0}],"is_beta":false,"boss_relics":[{"not_picked":["Velvet Choker","Empty Cage"],"picked":"Astrolabe"}],"items_purged_floors":[],"is_endless":false,"potions_floor_spawned":[5,10,16,18,19],"killed_by":"Book of Stabbing","ascension_level":8}