{"gold_per_floor":[362,381,45,58,58,58,93,105,130,142,167,179,224,250,262,378,390,390,390,390,244,244,244,244,244,244,3,3,3,3,3,3,3],"floor_reached":33,"playtime":2524,"items_purged":["Regret"],"score":389,"play_id":"055f916f-467c-4861-87b9-bbca104ee392","local_time":"20190414104918","is_ascension_mode":true,"campfire_choices":[{"floor":6,"key":"REST"},{"floor":15,"key":"REST"},{"data":"Perfected Strike","floor":23,"key":"SMITH"},{"data":"Perfected Strike","floor":32,"key":"SMITH"}],"neow_cost":"PERCENT_DAMAGE","seed_source_timestamp":388315314331400,"circlet_count":0,"master_deck":["Strike_R","Strike_R","Strike_R","Strike_R","Strike_R","Defend_R","Defend_R","Defend_R","Bash","Pommel Strike","Intimidate","Perfected Strike","Jack Of All Trades","Thunderclap","Dual Wield","Brutality","Headbutt","Wild Strike","Rupture","Perfected Strike+1","Perfected Strike+1","Reaper","Clash","Headbutt","Whirlwind+1","Inflame","Clash","Havoc","Pommel Strike","Clash","Havoc"],"relics":["Burning Blood","Dream Catcher","Blood Vial","MawBank","Bag of Marbles","Magic Flower","Ectoplasm","Red Mask","Shuriken","PreservedInsect","Dodecahedron","Oddly Smooth Stone"],"potions_floor_usage":[7,14,16,16,28,31,33,33,33],"damage_taken":[{"damage":8,"enemies":"Jaw Worm","floor":1,"turns":5},{"damage":10,"enemies":"Small Slimes","floor":2,"turns":3},{"damage":1,"enemies":"Cultist","floor":4,"turns":3},{"damage":0,"enemies":"Gremlin Nob","floor":7,"turns":2},{"damage":9,"enemies":"Looter","floor":8,"turns":3},{"damage":1,"enemies":"2 Fungi Beasts","floor":11,"turns":2},{"damage":39,"enemies":"Lagavulin","floor":13,"turns":4},{"damage":30,"enemies":"Lots of Slimes","floor":14,"turns":4},{"damage":66,"enemies":"Hexaghost","floor":16,"turns":6},{"damage":4,"enemies":"Chosen","floor":18,"turns":3},{"damage":0,"enemies":"Masked Bandits","floor":19,"turns":2},{"damage":21,"enemies":"Shell Parasite","floor":20,"turns":3},{"damage":25,"enemies":"Slavers","floor":24,"turns":2},{"damage":26,"enemies":"Centurion and Healer","floor":25,"turns":4},{"damage":0,"enemies":"Snake Plant","floor":28,"turns":1},{"damage":3,"enemies":"Chosen and Byrds","floor":29,"turns":3},{"damage":0,"enemies":"Cultist and Chosen","floor":30,"turns":2},{"damage":13,"enemies":"Book of Stabbing","floor":31,"turns":3},{"damage":104,"enemies":"Automaton","floor":33,"turns":6}],"seed_played":"-4944730371625707731","potions_obtained":[{"floor":2,"key":"LiquidBronze"},{"floor":8,"key":"GamblersBrew"},{"floor":11,"key":"Regen Potion"},{"floor":13,"key":"Energy Potion"},{"floor":18,"key":"Block Potion"},{"floor":19,"key":"Dexterity Potion"},{"floor":24,"key":"Fire Potion"},{"floor":30,"key":"LiquidBronze"},{"floor":31,"key":"Swift Potion"}],"is_trial":false,"path_per_floor":["M","M","$","M","?","R","E","M","T","?","M","$","E","M","R","B",null,"M","?","M","$","?","R","E","M","T","$","M","M","M","E","R","B"],"character_chosen":"IRONCLAD","items_purchased":["Perfected Strike","Dream Catcher","Jack Of All Trades","AttackPotion","Inflame","Dodecahedron"],"campfire_rested":2,"item_purchase_floors":[3,3,3,3,21,27],"current_hp_per_floor":[54,50,50,55,48,72,78,77,77,77,80,80,47,29,53,23,80,80,80,68,68,68,68,55,59,59,59,71,80,80,76,76,0],"gold":3,"neow_bonus":"TWO_FIFTY_GOLD","is_prod":false,"is_daily":false,"chose_seed":false,"campfire_upgraded":2,"win_rate":0,"timestamp":1555231758,"path_taken":["M","M","$","M","?","R","E","M","T","?","M","$","E","M","R","BOSS","M","?","M","$","?","R","E","M","T","$","M","M","M","E","R","BOSS"],"build_version":"2019-01-23","purchased_purges":1,"victory":false,"max_hp_per_floor":[80,80,80,80,80,80,80,80,80,80,80,80,80,80,80,80,80,80,80,80,80,80,80,80,80,80,80,80,80,80,80,80,80],"card_choices":[{"not_picked":["Thunderclap","Burning Pact"],"picked":"Pommel Strike","floor":1},{"not_picked":["Sword Boomerang","Wild Strike"],"picked":"Intimidate","floor":2},{"not_picked":["Anger","Heavy Blade"],"picked":"Thunderclap","floor":4},{"not_picked":["Entrench","True Grit"],"picked":"Dual Wield","floor":6},{"not_picked":["Fiend Fire","Limit Break"],"picked":"Brutality","floor":7},{"not_picked":["Reckless Charge","Uppercut"],"picked":"Headbutt","floor":8},{"not_picked":["Body Slam","Clothesline"],"picked":"Wild Strike","floor":11},{"not_picked":["Rampage","Intimidate"],"picked":"Rupture","floor":13},{"not_picked":["Metallicize","Burning Pact"],"picked":"Perfected Strike","floor":14},{"not_picked":["Rupture","Pommel Strike"],"picked":"Perfected Strike","floor":15},{"not_picked":["Dark Embrace","Fiend Fire"],"picked":"Reaper","floor":16},{"not_picked":["Flex","Headbutt"],"picked":"Clash","floor":18},{"not_picked":["Entrench","Second Wind+1"],"picked":"Headbutt","floor":19},{"not_picked":["Shrug It Off","Corruption"],"picked":"Whirlwind+1","floor":20},{"not_picked":["Battle Trance","Feel No Pain"],"picked":"Clash","floor":24},{"not_picked":["Disarm","Anger+1"],"picked":"Havoc","floor":25},{"not_picked":["Clash","Shrug It Off+1"],"picked":"Pommel Strike","floor":28},{"not_picked":["Twin Strike+1","Body Slam"],"picked":"Clash","floor":29},{"not_picked":["Sword Boomerang","Reckless Charge"],"picked":"Havoc","floor":30},{"not_picked":["Havoc","Evolve+1","Blood for Blood"],"picked":"SKIP","floor":31}],"player_experience":436976,"relics_obtained":[{"floor":7,"key":"Blood Vial"},{"floor":9,"key":"MawBank"},{"floor":13,"key":"Magic Flower"},{"floor":19,"key":"Red Mask"},{"floor":24,"key":"Shuriken"},{"floor":26,"key":"PreservedInsect"},{"floor":31,"key":"Oddly Smooth Stone"}],"event_choices":[{"cards_removed":["Defend_R"],"damage_healed":0,"gold_gain":0,"player_choice":"Card Removal","damage_taken":7,"max_hp_gain":0,"max_hp_loss":0,"event_name":"Golden Wing","floor":5,"gold_loss":0},{"damage_healed":0,"gold_gain":0,"player_choice":"Box","damage_taken":0,"relics_obtained":["Bag of Marbles"],"max_hp_gain":0,"max_hp_loss":0,"event_name":"Big Fish","floor":10,"gold_loss":0,"cards_obtained":["Regret"]},{"damage_healed":0,"gold_gain":0,"player_choice":"Fought Bandits","damage_taken":0,"max_hp_gain":0,"max_hp_loss":0,"event_name":"Masked Bandits","floor":19,"gold_loss":0},{"damage_healed":0,"gold_gain":0,"player_choice":"Ignored","damage_taken":0,"max_hp_gain":0,"max_hp_loss":0,"event_name":"Vampires","floor":22,"gold_loss":0}],"is_beta":false,"boss_relics":[{"not_picked":["Runic Pyramid","Orrery"],"picked":"Ectoplasm"}],"items_purged_floors":[21],"is_endless":false,"potions_floor_spawned":[2,8,11,13,18,19,24,30,31],"killed_by":"Automaton","ascension_level":4}