{"gold_per_floor":[111,111,121,139,139,164,178,108,108,126,144,144,160,176,176,176],"floor_reached":16,"playtime":800,"items_purged":[],"score":138,"play_id":"a60769a0-63fe-4b95-9317-266916b75b7f","local_time":"20190427210818","is_ascension_mode":true,"campfire_choices":[{"data":"Strike_R","floor":12,"key":"SMITH"},{"floor":15,"key":"REST"}],"neow_cost":"NONE","seed_source_timestamp":1550378296627900,"circlet_count":0,"master_deck":["Strike_R","Strike_R","Strike_R","Strike_R+1","Defend_R","Defend_R","Defend_R","Bash","Battle Trance","Inflame","Thunderclap","Inflame","Heavy Blade","Shrug It Off","Whirlwind","Offering"],"relics":["Burning Blood","NeowsBlessing","Bottled Flame","Matryoshka"],"potions_floor_usage":[13,16,16,16],"damage_taken":[{"damage":0,"enemies":"Jaw Worm","floor":1,"turns":1},{"damage":0,"enemies":"Cultist","floor":3,"turns":1},{"damage":0,"enemies":"2 Louse","floor":4,"turns":1},{"damage":40,"enemies":"3 Sentries","floor":6,"turns":11},{"damage":4,"enemies":"Red Slaver","floor":7,"turns":4},{"damage":27,"enemies":"3 Louse","floor":10,"turns":3},{"damage":8,"enemies":"Blue Slaver","floor":11,"turns":4},{"damage":9,"enemies":"Red Slaver","floor":13,"turns":2},{"damage":3,"enemies":"2 Fungi Beasts","floor":14,"turns":4},{"damage":43,"enemies":"Hexaghost","floor":16,"turns":9}],"seed_played":"-4666746434868093301","potions_obtained":[{"floor":1,"key":"Energy Potion"},{"floor":3,"key":"Dexterity Potion"},{"floor":7,"key":"SpeedPotion"},{"floor":11,"key":"Fire Potion"},{"floor":14,"key":"GamblersBrew"}],"is_trial":false,"path_per_floor":["M","?","M","M","?","E","M","$","T","M","M","R","M","M","R","B"],"character_chosen":"IRONCLAD","items_purchased":["Heavy Blade","Shrug It Off"],"campfire_rested":1,"item_purchase_floors":[8,8],"current_hp_per_floor":[78,78,80,80,73,39,41,41,41,20,18,18,15,18,42,0],"gold":176,"neow_bonus":"THREE_ENEMY_KILL","is_prod":false,"is_daily":false,"chose_seed":false,"campfire_upgraded":1,"win_rate":0,"timestamp":1556392098,"path_taken":["M","?","?","M","?","E","M","$","T","M","M","R","M","M","R","BOSS"],"build_version":"2019-01-23","purchased_purges":0,"victory":false,"max_hp_per_floor":[80,80,80,80,80,80,80,80,80,80,80,80,80,80,80,80],"card_choices":[{"not_picked":["Shrug It Off","Twin Strike"],"picked":"Battle Trance","floor":1},{"not_picked":["Corruption","Iron Wave","Feel No Pain"],"picked":"SKIP","floor":3},{"not_picked":["Seeing Red","Clothesline"],"picked":"Inflame","floor":4},{"not_picked":["Carnage","Barricade"],"picked":"Thunderclap","floor":6},{"not_picked":["Sword Boomerang","Seeing Red"],"picked":"Inflame","floor":7},{"not_picked":["Rampage","Warcry"],"picked":"Whirlwind","floor":10},{"not_picked":["Flex","Searing Blow","Second Wind"],"picked":"SKIP","floor":11},{"not_picked":["Carnage","Body Slam","Flex"],"picked":"SKIP","floor":13},{"not_picked":["Carnage","Rage"],"picked":"Offering","floor":14}],"player_experience":809605,"relics_obtained":[{"floor":6,"key":"Bottled Flame"},{"floor":9,"key":"Matryoshka"}],"event_choices":[{"cards_removed":["Strike_R"],"damage_healed":0,"gold_gain":0,"player_choice":"Offered Basic","damage_taken":0,"max_hp_gain":0,"max_hp_loss":0,"event_name":"Bonfire Elementals","floor":2,"gold_loss":0},{"cards_removed":["Defend_R"],"damage_healed":0,"gold_gain":0,"player_choice":"Card Removal","damage_taken":7,"max_hp_gain":0,"max_hp_loss":0,"event_name":"Golden Wing","floor":5,"gold_loss":0}],"is_beta":false,"boss_relics":[],"items_purged_floors":[],"is_endless":false,"potions_floor_spawned":[1,3,7,11,14],"killed_by":"Hexaghost","ascension_level":6}