{"gold_per_floor":[119,119,6,26,38,38,64,64,90,90,165,165,182,11,11,114,114,132,118,134,58,70,105,105,134,134,151,66,66,96,116,116,219,219,231,231,580,595,595,629,629,654,654,195,195,0,30,49,49,49],"floor_reached":51,"playtime":3484,"items_purged":["Pain","Decay"],"score":933,"play_id":"8a008b3d-aabd-4e83-8ffa-1e7b3a4578ff","local_time":"20190107170628","is_ascension_mode":true,"campfire_choices":[{"data":"Noxious Fumes","floor":6,"key":"SMITH"},{"data":"Neutralize","floor":8,"key":"SMITH"},{"data":"Backflip","floor":10,"key":"SMITH"},{"data":"Footwork","floor":15,"key":"SMITH"},{"data":"Catalyst","floor":29,"key":"SMITH"},{"data":"After Image","floor":32,"key":"SMITH"},{"data":"Backflip","floor":41,"key":"SMITH"},{"data":"Footwork","floor":45,"key":"SMITH"},{"data":"Blur","floor":49,"key":"SMITH"}],"neow_cost":"NONE","seed_source_timestamp":159953882905465,"circlet_count":0,"master_deck":["Defend_G","Defend_G","Defend_G","Defend_G+1","Defend_G","Strike_G","Strike_G","Strike_G","Strike_G","Strike_G","Survivor","Neutralize+1","Catalyst+1","Noxious Fumes+1","Backflip+1","Leg Sweep","Backflip+1","Bullet Time","Footwork+1","After Image+1","Blur+1","Deadly Poison","Dash+1","Necronomicurse","Skewer+1","Bullet Time","Blur+1","Bullet Time","Backflip+1","Footwork+1","Dodge and Roll+1"],"relics":["Eternal Feather","WarpedTongs","Lantern","Regal Pillow","Snecko Eye","Pen Nib","Necronomicon","Strawberry","Matryoshka","Kunai","Pantograph","Runic Pyramid","Old Coin","Potion Belt","Darkstone Periapt","Anchor","Letter Opener","Dream Catcher","Bird Faced Urn","War Paint","Shuriken","Cauldron","StoneCalendar"],"potions_floor_usage":[23,25,27,33,40,40,47,50,50,50,50],"damage_taken":[{"damage":0,"enemies":"Jaw Worm","floor":1,"turns":5},{"damage":0,"enemies":"Cultist","floor":4,"turns":4},{"damage":2,"enemies":"Small Slimes","floor":5,"turns":5},{"damage":14,"enemies":"3 Sentries","floor":7,"turns":7},{"damage":9,"enemies":"Looter","floor":13,"turns":3},{"damage":11,"enemies":"The Guardian","floor":16,"turns":11},{"damage":0,"enemies":"Shell Parasite","floor":18,"turns":6},{"damage":0,"enemies":"2 Thieves","floor":19,"turns":4},{"damage":1,"enemies":"Centurion and Healer","floor":20,"turns":8},{"damage":0,"enemies":"Cultist and Chosen","floor":22,"turns":6},{"damage":0,"enemies":"Gremlin Leader","floor":23,"turns":8},{"damage":7,"enemies":"Book of Stabbing","floor":25,"turns":8},{"damage":8,"enemies":"3 Cultists","floor":27,"turns":6},{"damage":23,"enemies":"Slavers","floor":30,"turns":6},{"damage":0,"enemies":"Snake Plant","floor":31,"turns":2},{"damage":36,"enemies":"Collector","floor":33,"turns":8},{"damage":0,"enemies":"Orb Walker","floor":35,"turns":3},{"damage":17,"enemies":"2 Orb Walkers","floor":37,"turns":6},{"damage":0,"enemies":"3 Darklings","floor":38,"turns":5},{"damage":1,"enemies":"Reptomancer","floor":40,"turns":8},{"damage":0,"enemies":"Nemesis","floor":42,"turns":9},{"damage":36,"enemies":"Reptomancer","floor":47,"turns":7},{"damage":0,"enemies":"Maw","floor":48,"turns":7},{"damage":0,"enemies":"Donu and Deca","floor":50,"turns":15}],"seed_played":"483107756878153645","potions_obtained":[{"floor":7,"key":"Block Potion"},{"floor":19,"key":"Block Potion"},{"floor":27,"key":"SpeedPotion"},{"floor":30,"key":"Poison Potion"},{"floor":31,"key":"GhostInAJar"},{"floor":37,"key":"Dexterity Potion"},{"floor":38,"key":"Fire Potion"},{"floor":40,"key":"PowerPotion"},{"floor":46,"key":"PowerPotion"},{"floor":46,"key":"PowerPotion"},{"floor":46,"key":"Swift Potion"}],"is_trial":false,"path_per_floor":["M","?","$","M","M","R","E","R","T","R","?","?","M","$","R","B",null,"M","M","M","$","M","E","?","E","T","M","?","R","E","M","R","B",null,"M","?","?","M","T","E","R","E","T","$","R","$","E","M","R","B",null],"character_chosen":"THE_SILENT","items_purchased":["Noxious Fumes","Footwork","GhostInAJar","Footwork","War Paint","Shuriken","Cauldron"],"campfire_rested":0,"item_purchase_floors":[3,14,21,44,44,44,46],"current_hp_per_floor":[70,70,70,70,68,70,56,65,65,70,59,59,50,50,59,48,70,70,70,69,69,69,69,53,53,53,45,45,60,37,37,52,41,77,77,77,60,60,60,59,74,74,74,74,77,77,49,57,75,77],"gold":49,"neow_bonus":"BOSS_RELIC","is_prod":false,"is_daily":false,"chose_seed":false,"campfire_upgraded":9,"win_rate":1,"timestamp":1546880788,"path_taken":["M","?","?","?","M","R","E","R","T","R","?","?","M","$","R","BOSS","M","M","?","$","M","E","?","E","T","M","?","R","E","M","R","BOSS","M","?","?","M","?","E","R","E","T","$","R","$","E","M","R","BOSS"],"build_version":"2019-01-03v4","purchased_purges":2,"victory":true,"max_hp_per_floor":[70,70,70,70,70,70,70,70,70,70,70,70,70,70,70,70,70,70,70,70,70,70,70,70,77,77,77,77,77,77,77,77,77,77,77,77,77,77,77,77,77,77,77,77,77,77,77,77,77,77],"card_choices":[{"not_picked":["Backflip","Quick Slash"],"picked":"Catalyst","floor":1},{"not_picked":["Quick Slash","Dagger Throw"],"picked":"Backflip","floor":4},{"not_picked":["Backflip","Infinite Blades"],"picked":"Leg Sweep","floor":5},{"not_picked":["Finisher","Calculated Gamble"],"picked":"Backflip","floor":7},{"not_picked":["Underhanded Strike","Crippling Poison"],"picked":"Bullet Time","floor":13},{"not_picked":["Envenom","Die Die Die"],"picked":"After Image","floor":16},{"not_picked":["Dagger Spray","Deadly Poison"],"picked":"Blur","floor":18},{"not_picked":["Blade Dance","Eviscerate"],"picked":"Deadly Poison","floor":19},{"not_picked":["Well Laid Plans","PiercingWail","Deflect+1"],"picked":"SKIP","floor":20},{"not_picked":["Sucker Punch+1","Caltrops","Dagger Throw+1"],"picked":"SKIP","floor":22},{"not_picked":["Backflip","Tools of the Trade"],"picked":"Dash+1","floor":23},{"not_picked":["Deadly Poison","Footwork"],"picked":"Skewer+1","floor":25},{"not_picked":["Dodge and Roll+1","Backstab","Dagger Spray"],"picked":"SKIP","floor":27},{"not_picked":["Slice","PiercingWail"],"picked":"Bullet Time","floor":30},{"not_picked":["Calculated Gamble","Riddle With Holes"],"picked":"Blur+1","floor":31},{"not_picked":["Burst","Phantasmal Killer"],"picked":"Bullet Time","floor":33},{"not_picked":["Caltrops","Flying Knee+1","Blade Dance+1"],"picked":"SKIP","floor":35},{"not_picked":["Acrobatics+1","Slice+1","Infinite Blades+1"],"picked":"SKIP","floor":38},{"not_picked":["Acrobatics","Sucker Punch"],"picked":"Backflip","floor":40},{"not_picked":["Sucker Punch","Dagger Throw","Slice+1"],"picked":"SKIP","floor":42},{"not_picked":["Acrobatics+1","Venomology"],"picked":"Dodge and Roll+1","floor":47},{"not_picked":["Flying Knee+1","Backstab+1","Expertise+1"],"picked":"SKIP","floor":48}],"player_experience":7284,"relics_obtained":[{"floor":7,"key":"Lantern"},{"floor":9,"key":"Regal Pillow"},{"floor":23,"key":"Pen Nib"},{"floor":24,"key":"Necronomicon"},{"floor":25,"key":"Strawberry"},{"floor":26,"key":"Matryoshka"},{"floor":30,"key":"Pantograph"},{"floor":37,"key":"Old Coin"},{"floor":39,"key":"Potion Belt"},{"floor":39,"key":"Darkstone Periapt"},{"floor":40,"key":"Anchor"},{"floor":42,"key":"Letter Opener"},{"floor":43,"key":"Dream Catcher"},{"floor":43,"key":"Bird Faced Urn"},{"floor":47,"key":"StoneCalendar"}],"event_choices":[{"damage_healed":0,"gold_gain":0,"player_choice":"Rummage","damage_taken":0,"relics_obtained":["WarpedTongs"],"max_hp_gain":0,"max_hp_loss":0,"event_name":"Accursed Blacksmith","floor":2,"gold_loss":0,"cards_obtained":["Pain"]},{"damage_healed":0,"gold_gain":75,"player_choice":"Gather Gold","damage_taken":11,"max_hp_gain":0,"max_hp_loss":0,"event_name":"World of Goop","floor":11,"gold_loss":0},{"damage_healed":0,"gold_gain":0,"player_choice":"Cursed","damage_taken":0,"max_hp_gain":0,"max_hp_loss":0,"event_name":"Wheel of Change","floor":12,"gold_loss":0,"cards_obtained":["Decay"]},{"damage_healed":0,"gold_gain":0,"player_choice":"Obtained Book","damage_taken":16,"max_hp_gain":0,"max_hp_loss":0,"event_name":"Cursed Tome","floor":24,"gold_loss":0},{"damage_healed":0,"gold_gain":0,"player_choice":"Obtained Relic","damage_taken":0,"relics_obtained":["Kunai"],"max_hp_gain":0,"max_hp_loss":0,"event_name":"Addict","floor":28,"gold_loss":85},{"damage_healed":0,"gold_gain":0,"player_choice":"Memory 1","damage_taken":0,"max_hp_gain":0,"max_hp_loss":0,"event_name":"SensoryStone","floor":36,"gold_loss":0},{"damage_healed":0,"gold_gain":0,"player_choice":"Fight","damage_taken":0,"max_hp_gain":0,"max_hp_loss":0,"event_name":"Mysterious Sphere","floor":37,"gold_loss":0}],"is_beta":false,"boss_relics":[{"not_picked":["Tiny House","White Beast Statue"],"picked":"Snecko Eye"},{"not_picked":["Orrery","Black Star"],"picked":"Runic Pyramid"}],"items_purged_floors":[3,14],"is_endless":false,"potions_floor_spawned":[7,19,22,27,30,31,37,38,40],"ascension_level":1}