{"gold_per_floor":[117,117,129,139,314,314,342,401,452,202,220,254,272,272,272,368,368,384,398,398,82,98,124,124,136,136,136,156,156,169,169],"floor_reached":31,"playtime":1983,"items_purged":["Doubt","Normality"],"score":375,"play_id":"3835e2df-2bc5-46ba-8ed7-f91de3f585c1","local_time":"20190405133346","is_ascension_mode":true,"campfire_choices":[{"data":"Fiend Fire","floor":6,"key":"SMITH"},{"data":"1","floor":15,"key":"LIFT"},{"data":"2","floor":27,"key":"LIFT"},{"floor":29,"key":"REST"}],"neow_cost":"TEN_PERCENT_HP_LOSS","seed_source_timestamp":13083698654914,"circlet_count":0,"master_deck":["Defend_R","Defend_R","Defend_R","Defend_R","Bash","Fiend Fire+1","Power Through","Shrug It Off","Shrug It Off","Clothesline","Battle Trance","Iron Wave","Berserk","Heavy Blade","Sentinel","Decay","Demon Form","Normality","Normality","Armaments","Shrug It Off","Bite","Bite+1","Bite","Bite","Bite+1","Flame Barrier","True Grit+1","Flex+1","True Grit","Twin Strike+1"],"relics":["Burning Blood","Orichalcum","Potion Belt","Girya","Bronze Scales","Gremlin Horn","Calling Bell","Bag of Preparation","Blue Candle","Gambling Chip","Whetstone","Champion Belt","Ancient Tea Set","Darkstone Periapt"],"potions_floor_usage":[8,12,12,16,23,30],"damage_taken":[{"damage":1,"enemies":"Small Slimes","floor":1,"turns":3},{"damage":0,"enemies":"Jaw Worm","floor":3,"turns":2},{"damage":0,"enemies":"Cultist","floor":4,"turns":4},{"damage":0,"enemies":"Gremlin Nob","floor":7,"turns":3},{"damage":27,"enemies":"Gremlin Nob","floor":8,"turns":4},{"damage":0,"enemies":"Looter","floor":11,"turns":1},{"damage":23,"enemies":"Lagavulin","floor":12,"turns":7},{"damage":4,"enemies":"Exordium Wildlife","floor":13,"turns":2},{"damage":36,"enemies":"Hexaghost","floor":16,"turns":13},{"damage":33,"enemies":"Spheric Guardian","floor":18,"turns":4},{"damage":12,"enemies":"3 Byrds","floor":19,"turns":3},{"damage":6,"enemies":"Centurion and Healer","floor":22,"turns":10},{"damage":24,"enemies":"Book of Stabbing","floor":23,"turns":6},{"damage":2,"enemies":"Sentry and Sphere","floor":25,"turns":4},{"damage":42,"enemies":"Cultist and Chosen","floor":28,"turns":6},{"damage":0,"enemies":"Snake Plant","floor":30,"turns":1},{"damage":65,"enemies":"3 Cultists","floor":31,"turns":6}],"seed_played":"-3461902892788133495","potions_obtained":[{"floor":3,"key":"PowerPotion"},{"floor":7,"key":"PowerPotion"},{"floor":8,"key":"SpeedPotion"},{"floor":11,"key":"Swift Potion"},{"floor":19,"key":"Ancient Potion"},{"floor":23,"key":"Regen Potion"},{"floor":25,"key":"SpeedPotion"},{"floor":28,"key":"SteroidPotion"}],"is_trial":false,"path_per_floor":["M","?","M","M","?","R","E","?","T","$","M","E","M","?","R","B",null,"M","M","?","$","M","E","T","M","T","R","M","R","M","M"],"character_chosen":"IRONCLAD","items_purchased":["Berserk","PowerPotion","Block Potion","Whetstone","Flame Barrier"],"campfire_rested":1,"item_purchase_floors":[10,10,10,21,21],"current_hp_per_floor":[72,65,71,72,72,72,72,51,51,51,57,40,42,42,42,12,72,45,39,39,39,50,36,36,45,45,45,21,36,42,0],"gold":169,"neow_bonus":"TRANSFORM_TWO_CARDS","is_prod":false,"is_daily":false,"chose_seed":false,"campfire_upgraded":1,"win_rate":0,"timestamp":1554464026,"path_taken":["M","?","M","M","?","R","E","?","T","$","M","E","?","?","R","BOSS","M","?","?","$","M","E","?","M","T","R","?","R","?","M"],"build_version":"2019-01-23","purchased_purges":2,"victory":false,"max_hp_per_floor":[72,72,72,72,72,72,72,72,72,72,72,72,72,72,72,72,72,72,72,50,50,50,50,50,50,50,50,50,50,50,50],"card_choices":[{"not_picked":["Armaments","Warcry"],"picked":"Shrug It Off","floor":1},{"not_picked":["Warcry","Headbutt"],"picked":"Shrug It Off","floor":3},{"not_picked":["Heavy Blade","Combust"],"picked":"Clothesline","floor":4},{"not_picked":["Burning Pact","Clothesline"],"picked":"Battle Trance","floor":7},{"not_picked":["Armaments","Shrug It Off"],"picked":"Iron Wave","floor":8},{"not_picked":["Berserk","Searing Blow"],"picked":"Heavy Blade","floor":11},{"not_picked":["Power Through","Battle Trance"],"picked":"Sentinel","floor":12},{"not_picked":["Carnage","Second Wind","Sword Boomerang"],"picked":"SKIP","floor":13},{"not_picked":["Immolate","Offering"],"picked":"Demon Form","floor":16},{"not_picked":["Searing Blow","Clash+1"],"picked":"Armaments","floor":18},{"not_picked":["Metallicize","Rupture"],"picked":"Shrug It Off","floor":19},{"not_picked":["Feel No Pain","Shrug It Off+1"],"picked":"True Grit+1","floor":22},{"not_picked":["Pummel","Fire Breathing"],"picked":"Flex+1","floor":23},{"not_picked":["Hemokinesis","Perfected Strike"],"picked":"True Grit","floor":25},{"not_picked":["Combust","Rupture+1","Pommel Strike"],"picked":"SKIP","floor":28},{"not_picked":["Havoc","Perfected Strike"],"picked":"Twin Strike+1","floor":30}],"player_experience":242534,"relics_obtained":[{"floor":7,"key":"Potion Belt"},{"floor":9,"key":"Bronze Scales"},{"floor":12,"key":"Gremlin Horn"},{"floor":17,"key":"Bag of Preparation"},{"floor":17,"key":"Blue Candle"},{"floor":17,"key":"Gambling Chip"},{"floor":23,"key":"Champion Belt"},{"floor":24,"key":"Ancient Tea Set"},{"floor":26,"key":"Darkstone Periapt"}],"event_choices":[{"damage_healed":0,"gold_gain":0,"player_choice":"Success","damage_taken":7,"relics_obtained":["Orichalcum"],"max_hp_gain":0,"max_hp_loss":0,"event_name":"Scrap Ooze","floor":2,"gold_loss":0},{"damage_healed":0,"gold_gain":175,"player_choice":"AGREE","damage_taken":0,"max_hp_gain":0,"max_hp_loss":0,"event_name":"Liars Game","floor":5,"gold_loss":0,"cards_obtained":["Doubt"]},{"damage_healed":0,"gold_gain":0,"player_choice":"Searched \u00272\u0027 times","damage_taken":0,"relics_obtained":["Girya"],"max_hp_gain":0,"max_hp_loss":0,"event_name":"Dead Adventurer","floor":8,"gold_loss":0},{"damage_healed":0,"gold_gain":0,"player_choice":"Cursed","damage_taken":0,"max_hp_gain":0,"max_hp_loss":0,"event_name":"Wheel of Change","floor":14,"gold_loss":0,"cards_obtained":["Decay"]},{"damage_healed":0,"gold_gain":0,"player_choice":"Became a vampire","damage_taken":0,"max_hp_gain":0,"max_hp_loss":22,"event_name":"Vampires","floor":20,"gold_loss":0,"cards_obtained":["Bite","Bite","Bite","Bite","Bite"]}],"is_beta":false,"boss_relics":[{"not_picked":["White Beast Statue","Ectoplasm"],"picked":"Calling Bell"}],"items_purged_floors":[10,21],"is_endless":false,"potions_floor_spawned":[3,7,8,11,19,23,25,28],"killed_by":"3 Cultists","ascension_level":4}