{"gold_per_floor":[111,67,84,84,1,31,31,31,77,102,112,128,156,156,156,156],"floor_reached":16,"playtime":833,"items_purged":[],"score":230,"play_id":"1bbae855-887c-4ea5-8b75-daf0d8444cba","local_time":"20190504214640","is_ascension_mode":true,"campfire_choices":[{"data":"Bash","floor":7,"key":"SMITH"},{"data":"Shockwave","floor":15,"key":"SMITH"}],"neow_cost":"NONE","seed_source_timestamp":137744283384296,"circlet_count":0,"master_deck":["AscendersBane","Strike_R","Strike_R","Strike_R","Strike_R","Strike_R","Defend_R","Defend_R","Defend_R","Defend_R","Bash+1","Anger","Corruption","Shockwave+1","Shrug It Off","Wild Strike","Power Through","Body Slam","Infernal Blade"],"relics":["Burning Blood","Anchor","PreservedInsect","Art of War","Gambling Chip","Juzu Bracelet"],"potions_floor_usage":[10,13,16,16],"damage_taken":[{"damage":1,"enemies":"Cultist","floor":1,"turns":3},{"damage":2,"enemies":"Small Slimes","floor":3,"turns":3},{"damage":15,"enemies":"Lagavulin","floor":6,"turns":6},{"damage":40,"enemies":"Gremlin Nob","floor":10,"turns":5},{"damage":5,"enemies":"Jaw Worm","floor":11,"turns":3},{"damage":1,"enemies":"Looter","floor":12,"turns":3},{"damage":15,"enemies":"3 Sentries","floor":13,"turns":8},{"damage":44,"enemies":"Hexaghost","floor":16,"turns":9}],"seed_played":"3233785274768055992","potions_obtained":[{"floor":6,"key":"SkillPotion"},{"floor":8,"key":"EssenceOfSteel"},{"floor":10,"key":"BloodPotion"},{"floor":13,"key":"SkillPotion"}],"is_trial":false,"path_per_floor":["M","?","M","?","$","E","R","?","T","E","M","M","E","?","R","B"],"character_chosen":"IRONCLAD","items_purchased":["Shockwave"],"campfire_rested":0,"item_purchase_floors":[5],"current_hp_per_floor":[73,73,75,80,80,71,71,71,71,37,38,43,42,42,42,0],"gold":156,"neow_bonus":"RANDOM_COMMON_RELIC","is_prod":false,"is_daily":false,"chose_seed":false,"campfire_upgraded":2,"win_rate":0,"timestamp":1557031600,"path_taken":["M","?","M","?","?","E","R","?","T","E","M","M","E","?","R","BOSS"],"build_version":"2019-01-23","purchased_purges":0,"victory":false,"max_hp_per_floor":[75,75,75,80,80,80,80,80,80,80,80,80,80,80,80,80],"card_choices":[{"not_picked":["Twin Strike","Infernal Blade"],"picked":"Anger","floor":1},{"not_picked":["Sword Boomerang","Reckless Charge"],"picked":"Corruption","floor":3},{"not_picked":["Evolve","Bloodletting"],"picked":"Shrug It Off","floor":6},{"not_picked":["Flex","Double Tap"],"picked":"Wild Strike","floor":10},{"not_picked":["Anger","True Grit"],"picked":"Power Through","floor":11},{"not_picked":["Headbutt","Pommel Strike"],"picked":"Body Slam","floor":12},{"not_picked":["Power Through","Clash"],"picked":"Infernal Blade","floor":13}],"player_experience":547856,"relics_obtained":[{"floor":6,"key":"PreservedInsect"},{"floor":9,"key":"Art of War"},{"floor":10,"key":"Gambling Chip"},{"floor":13,"key":"Juzu Bracelet"}],"event_choices":[{"damage_healed":0,"gold_gain":0,"player_choice":"Left Gold","damage_taken":0,"max_hp_gain":0,"max_hp_loss":0,"event_name":"World of Goop","floor":2,"gold_loss":44},{"damage_healed":0,"gold_gain":0,"player_choice":"Donut","damage_taken":0,"max_hp_gain":5,"max_hp_loss":0,"event_name":"Big Fish","floor":4,"gold_loss":0},{"damage_healed":0,"gold_gain":0,"player_choice":"Got Potions","damage_taken":0,"max_hp_gain":0,"max_hp_loss":0,"event_name":"Lab","floor":8,"gold_loss":0},{"damage_healed":0,"gold_gain":0,"player_choice":"0 cards matched","damage_taken":0,"max_hp_gain":0,"max_hp_loss":0,"event_name":"Match and Keep!","floor":14,"gold_loss":0,"cards_obtained":[]}],"is_beta":false,"boss_relics":[],"items_purged_floors":[],"is_endless":false,"potions_floor_spawned":[6,10,13],"killed_by":"Hexaghost","ascension_level":19}