{"gold_per_floor":[159,159,3,19,19,39,80,80,149,149,224,224,149,165,165,288,288,198,223,247,346,346,346,369,369,420,420,420,420,151,182,182,312,312,335,335,353,48,101,101],"floor_reached":40,"playtime":3304,"items_purged":["Defend_B","Strike_B","Defend_B"],"score":423,"play_id":"5a27fa84-f833-47b0-8431-e40afae79ab3","local_time":"20181026111108","is_ascension_mode":false,"campfire_choices":[{"data":"Defragment","floor":8,"key":"SMITH"},{"floor":12,"key":"REST"},{"data":"Redo","floor":15,"key":"SMITH"},{"data":"Blizzard","floor":23,"key":"SMITH"},{"data":"Coolheaded","floor":25,"key":"SMITH"},{"data":"Creative AI","floor":27,"key":"SMITH"},{"data":"Defragment","floor":32,"key":"SMITH"}],"neow_cost":"NONE","seed_source_timestamp":416513805620839,"circlet_count":0,"master_deck":["Strike_B","Strike_B","Defend_B+1","Defend_B","Zap","Dualcast","Force Field","Defragment+1","Blizzard+1","Genetic Algorithm","Self Repair","Redo+1","Creative AI+1","Cold Snap","Coolheaded+1","Heatsinks+1","Defragment+1"],"relics":["Tiny House","Vajra","Golden Idol","Ancient Tea Set","Gremlin Horn","Nuclear Battery","Potion Belt","The Courier","WingedGreaves","Oddly Smooth Stone","Juzu Bracelet","Eternal Feather","Pantograph","Bag of Preparation"],"potions_floor_usage":[1,16,18,24,33],"damage_taken":[{"damage":0,"enemies":"Small Slimes","floor":1,"turns":1},{"damage":7,"enemies":"Cultist","floor":4,"turns":4},{"damage":7,"enemies":"2 Louse","floor":6,"turns":3},{"damage":32,"enemies":"Lagavulin","floor":7,"turns":9},{"damage":17,"enemies":"Large Slime","floor":14,"turns":5},{"damage":28,"enemies":"The Guardian","floor":16,"turns":12},{"damage":24,"enemies":"2 Thieves","floor":18,"turns":5},{"damage":20,"enemies":"3 Byrds","floor":19,"turns":4},{"damage":10,"enemies":"Snecko","floor":20,"turns":8},{"damage":13,"enemies":"Shelled Parasite and Fungi","floor":24,"turns":8},{"damage":0,"enemies":"Gremlin Leader","floor":31,"turns":5},{"damage":29,"enemies":"Champ","floor":33,"turns":10},{"damage":14,"enemies":"3 Darklings","floor":35,"turns":4},{"damage":14,"enemies":"Orb Walker","floor":37,"turns":5},{"damage":56,"enemies":"Giant Head","floor":40,"turns":11}],"seed_played":"4041542576674583091","potions_obtained":[{"floor":0,"key":"AttackPotion"},{"floor":1,"key":"AttackPotion"},{"floor":14,"key":"AttackPotion"},{"floor":16,"key":"Swift Potion"},{"floor":19,"key":"Regen Potion"},{"floor":24,"key":"Ancient Potion"}],"is_trial":false,"path_per_floor":["M","?","$","M","?","M","E","R","T","?","?","R","$","M","R","B",null,"M","M","M","?","?","R","M","R","T","R","T","T","$","E","R","B",null,"M","?","M","$","T"],"character_chosen":"DEFECT","items_purchased":["Blizzard","Genetic Algorithm","Oddly Smooth Stone","Defragment","Pantograph"],"campfire_rested":1,"item_purchase_floors":[3,3,30,30,38],"current_hp_per_floor":[80,80,80,73,73,73,48,48,48,41,30,52,52,42,42,21,74,57,44,41,41,41,41,50,50,50,50,50,50,50,57,57,35,74,60,60,53,53,53,0],"gold":101,"neow_bonus":"BOSS_RELIC","is_prod":false,"is_daily":false,"chose_seed":false,"campfire_upgraded":6,"win_rate":0.0,"timestamp":1540545068,"path_taken":["M","?","$","M","?","?","E","R","T","?","?","R","$","M","R","BOSS","M","M","M","?","?","R","M","R","T","R","?","?","$","E","R","BOSS","M","?","M","$","?","E"],"build_version":"2018-10-25v2","purchased_purges":3,"victory":false,"max_hp_per_floor":[80,80,80,80,74,74,74,74,74,74,74,74,74,74,74,74,74,74,74,74,74,74,74,74,74,74,74,74,74,74,74,74,74,74,74,74,74,74,74,74],"card_choices":[{"not_picked":["Ball Lightning","Sweeping Beam"],"picked":"Force Field","floor":0},{"not_picked":["Streamline","Cold Snap"],"picked":"Defragment","floor":1},{"not_picked":["Consume","Sunder"],"picked":"Self Repair","floor":4},{"not_picked":["Darkness","Streamline"],"picked":"Redo","floor":6},{"not_picked":["Steam","Leap","Turbo"],"picked":"SKIP","floor":7},{"not_picked":["Hello World","Compile Driver","Sweeping Beam"],"picked":"SKIP","floor":14},{"not_picked":["Thunder Strike","Machine Learning"],"picked":"Creative AI","floor":16},{"not_picked":["Hologram","Force Field"],"picked":"Cold Snap","floor":18},{"not_picked":["Reprogram","Leap"],"picked":"Coolheaded","floor":19},{"not_picked":["Blizzard","Cold Snap"],"picked":"Heatsinks+1","floor":20},{"not_picked":["Redo","Beam Cell","Heatsinks"],"picked":"SKIP","floor":24},{"not_picked":["Barrage+1","Conserve Battery","Turbo"],"picked":"SKIP","floor":31},{"not_picked":["Skim","Fusion+1","Sweeping Beam"],"picked":"SKIP","floor":35},{"not_picked":["Conserve Battery","Hologram+1","Gash+1"],"picked":"SKIP","floor":37}],"player_experience":184235,"relics_obtained":[{"floor":7,"key":"Ancient Tea Set"},{"floor":9,"key":"Gremlin Horn"},{"floor":26,"key":"Potion Belt"},{"floor":28,"key":"The Courier"},{"floor":29,"key":"WingedGreaves"},{"floor":31,"key":"Juzu Bracelet"},{"floor":39,"key":"Bag of Preparation"}],"event_choices":[{"damage_healed":0,"gold_gain":0,"player_choice":"Gave Potion","damage_taken":0,"relics_obtained":["Vajra"],"max_hp_gain":0,"max_hp_loss":0,"event_name":"WeMeetAgain","floor":2,"gold_loss":0},{"damage_healed":0,"gold_gain":0,"player_choice":"Lose Max HP","damage_taken":0,"relics_obtained":["Golden Idol"],"max_hp_gain":0,"max_hp_loss":6,"event_name":"Golden Idol","floor":5,"gold_loss":0},{"cards_removed":["Strike_B"],"damage_healed":0,"gold_gain":0,"player_choice":"Card Removal","damage_taken":7,"max_hp_gain":0,"max_hp_loss":0,"event_name":"Golden Wing","floor":10,"gold_loss":0},{"damage_healed":0,"gold_gain":75,"player_choice":"Gather Gold","damage_taken":11,"max_hp_gain":0,"max_hp_loss":0,"event_name":"World of Goop","floor":11,"gold_loss":0},{"damage_healed":0,"gold_gain":99,"player_choice":"Stole From Cult","damage_taken":0,"max_hp_gain":0,"max_hp_loss":0,"event_name":"Nest","floor":21,"gold_loss":0},{"damage_healed":0,"gold_gain":0,"player_choice":"0 cards matched","damage_taken":0,"max_hp_gain":0,"max_hp_loss":0,"event_name":"Match and Keep!","floor":22,"gold_loss":0,"cards_obtained":[]},{"damage_healed":0,"gold_gain":0,"player_choice":"Ignored","damage_taken":0,"max_hp_gain":0,"max_hp_loss":0,"event_name":"Tomb of Lord Red Mask","floor":36,"gold_loss":0}],"is_beta":false,"boss_relics":[{"not_picked":["Ectoplasm","Philosopher\u0027s Stone"],"picked":"Nuclear Battery"},{"not_picked":["Astrolabe","Runic Dome"],"picked":"Eternal Feather"}],"items_purged_floors":[13,30,38],"is_endless":false,"potions_floor_spawned":[1,14,16,19,24],"killed_by":"Giant Head","ascension_level":0}