{"gold_per_floor":[115,133,146,164,174,174,209,223,223,223,25,44,44,54,54,152,152,162,162,173,189,208,208,223,71,71,90,90,90,104,29,29,126,126,138,238,238,10,10,10],"floor_reached":40,"playtime":2850,"items_purged":["Strike_R","Strike_R"],"score":554,"play_id":"4dc5bf33-730d-48b8-8ac4-b14ca602f5ad","local_time":"20190414133946","is_ascension_mode":true,"campfire_choices":[{"data":"Warcry","floor":6,"key":"SMITH"},{"floor":13,"key":"REST"},{"floor":15,"key":"REST"},{"data":"Armaments","floor":23,"key":"SMITH"},{"floor":32,"key":"REST"}],"neow_cost":"PERCENT_DAMAGE","seed_source_timestamp":99656028756961,"circlet_count":0,"master_deck":["Defend_R","Defend_R","Bash","Feed","Hemokinesis","Clothesline","Headbutt","Warcry+1","Ghostly Armor","Limit Break","Shrug It Off+1","Battle Trance","True Grit","Offering+1","Pummel+1","Sever Soul+1","Inflame+1","Heavy Blade","Pommel Strike","Armaments+1","Whirlwind+1","Impervious","Power Through"],"relics":["Burning Blood","Ancient Tea Set","Shuriken","Astrolabe","Bottled Tornado","Cursed Key","StoneCalendar","War Paint"],"potions_floor_usage":[3,3,5,16,21,22,27,30,30,30,33,35],"damage_taken":[{"damage":9,"enemies":"Small Slimes","floor":1,"turns":4},{"damage":3,"enemies":"Cultist","floor":2,"turns":3},{"damage":3,"enemies":"Jaw Worm","floor":3,"turns":3},{"damage":0,"enemies":"3 Louse","floor":4,"turns":1},{"damage":4,"enemies":"Exordium Thugs","floor":5,"turns":3},{"damage":33,"enemies":"3 Sentries","floor":7,"turns":9},{"damage":19,"enemies":"Blue Slaver","floor":8,"turns":3},{"damage":11,"enemies":"Lots of Slimes","floor":12,"turns":7},{"damage":17,"enemies":"Gremlin Gang","floor":14,"turns":5},{"damage":39,"enemies":"The Guardian","floor":16,"turns":19},{"damage":14,"enemies":"Shell Parasite","floor":18,"turns":3},{"damage":33,"enemies":"Chosen","floor":20,"turns":5},{"damage":8,"enemies":"Centurion and Healer","floor":21,"turns":7},{"damage":25,"enemies":"Snake Plant","floor":22,"turns":3},{"damage":9,"enemies":"Snecko","floor":24,"turns":3},{"damage":19,"enemies":"3 Cultists","floor":27,"turns":4},{"damage":29,"enemies":"Chosen and Byrds","floor":30,"turns":10},{"damage":29,"enemies":"Collector","floor":33,"turns":5},{"damage":25,"enemies":"3 Shapes","floor":35,"turns":3},{"damage":19,"enemies":"Mind Bloom Boss Battle","floor":36,"turns":6},{"damage":61,"enemies":"Giant Head","floor":40,"turns":7}],"seed_played":"-8584667876245117880","potions_obtained":[{"floor":1,"key":"Block Potion"},{"floor":2,"key":"EntropicBrew"},{"floor":8,"key":"SpeedPotion"},{"floor":16,"key":"Regen Potion"},{"floor":22,"key":"Block Potion"},{"floor":27,"key":"Swift Potion"},{"floor":30,"key":"FearPotion"},{"floor":33,"key":"SkillPotion"}],"is_trial":false,"path_per_floor":["M","M","M","M","M","R","E","M","T","?","$","M","R","M","R","B",null,"M","?","M","M","M","R","M","$","T","M","?","?","M","?","R","B",null,"M","?","?","$","?","E"],"character_chosen":"IRONCLAD","items_purchased":["Shrug It Off","Battle Trance","Block Potion","War Paint","Power Through"],"campfire_rested":3,"item_purchase_floors":[11,11,25,38,38],"current_hp_per_floor":[51,54,57,63,68,68,41,28,28,28,28,26,52,41,67,34,75,67,67,43,59,43,43,40,40,40,30,30,30,7,7,37,14,79,63,53,53,53,53,0],"gold":10,"neow_bonus":"THREE_RARE_CARDS","is_prod":false,"is_daily":false,"chose_seed":false,"campfire_upgraded":2,"win_rate":0,"timestamp":1555216786,"path_taken":["M","M","M","M","M","R","E","M","T","?","?","M","R","M","R","BOSS","M","?","M","M","?","R","M","$","T","M","?","?","M","?","R","BOSS","M","?","?","$","?","E"],"build_version":"2019-01-23","purchased_purges":2,"victory":false,"max_hp_per_floor":[83,83,83,83,86,86,86,86,86,86,86,89,89,89,89,89,89,89,89,92,95,98,98,98,98,98,101,101,101,101,101,101,101,101,104,107,107,107,102,102],"card_choices":[{"not_picked":["Dark Embrace","Barricade"],"picked":"Feed","floor":0},{"not_picked":["Iron Wave","Body Slam"],"picked":"Hemokinesis","floor":1},{"not_picked":["Anger","Havoc"],"picked":"Whirlwind","floor":2},{"not_picked":["Havoc","Wild Strike"],"picked":"Clothesline","floor":3},{"not_picked":["Cleave","Flex"],"picked":"Headbutt","floor":4},{"not_picked":["Sword Boomerang","Evolve"],"picked":"Warcry","floor":5},{"not_picked":["Combust","Clothesline"],"picked":"Ghostly Armor","floor":7},{"not_picked":["Flex","Twin Strike"],"picked":"Limit Break","floor":8},{"not_picked":["Havoc","Seeing Red"],"picked":"True Grit","floor":12},{"not_picked":["Headbutt","Brutality","Twin Strike"],"picked":"SKIP","floor":14},{"not_picked":["Fiend Fire","Barricade"],"picked":"Offering","floor":16},{"not_picked":["True Grit","Wild Strike"],"picked":"Heavy Blade","floor":18},{"not_picked":["Rupture","Body Slam+1"],"picked":"Armaments","floor":20},{"not_picked":["Rage","Sword Boomerang","Headbutt"],"picked":"SKIP","floor":21},{"not_picked":["True Grit","Twin Strike"],"picked":"Whirlwind+1","floor":22},{"not_picked":["Clash","Dark Embrace","Flex"],"picked":"SKIP","floor":24},{"not_picked":["Combust","Headbutt","Wild Strike"],"picked":"SKIP","floor":27},{"not_picked":["Rampage+1","Clothesline","Sever Soul"],"picked":"SKIP","floor":30},{"not_picked":["Barricade","Exhume"],"picked":"Impervious","floor":33},{"not_picked":["Perfected Strike","Anger+1","Armaments+1"],"picked":"SKIP","floor":35},{"not_picked":["Clothesline","Sever Soul+1"],"picked":"Pommel Strike+1","floor":36}],"player_experience":335925,"relics_obtained":[{"floor":7,"key":"Ancient Tea Set"},{"floor":9,"key":"Shuriken"},{"floor":26,"key":"Bottled Tornado"},{"floor":36,"key":"StoneCalendar"}],"event_choices":[{"cards_removed":["Strike_R"],"damage_healed":0,"gold_gain":0,"player_choice":"Purged","damage_taken":0,"max_hp_gain":0,"max_hp_loss":0,"event_name":"Purifier","floor":10,"gold_loss":0},{"damage_healed":0,"gold_gain":0,"player_choice":"1 cards matched","damage_taken":0,"max_hp_gain":0,"max_hp_loss":0,"event_name":"Match and Keep!","floor":19,"gold_loss":0,"cards_obtained":["Pommel Strike"]},{"cards_removed":["Whirlwind"],"damage_healed":0,"gold_gain":0,"player_choice":"Elegance","damage_taken":0,"max_hp_gain":0,"max_hp_loss":0,"event_name":"Back to Basics","floor":28,"gold_loss":0},{"damage_healed":0,"gold_gain":0,"player_choice":"Ignored","damage_taken":0,"max_hp_gain":0,"max_hp_loss":0,"event_name":"Ghosts","floor":29,"gold_loss":0},{"cards_removed":["Defend_R"],"damage_healed":0,"gold_gain":0,"player_choice":"Gave Gold","damage_taken":0,"max_hp_gain":0,"max_hp_loss":0,"event_name":"Beggar","floor":31,"gold_loss":75},{"damage_healed":0,"gold_gain":0,"player_choice":"Fight","damage_taken":0,"max_hp_gain":0,"max_hp_loss":0,"event_name":"MindBloom","floor":36,"gold_loss":0},{"cards_removed":["Pommel Strike"],"damage_healed":0,"gold_gain":0,"player_choice":"Removed Attack","damage_taken":0,"max_hp_gain":0,"max_hp_loss":0,"event_name":"Falling","floor":37,"gold_loss":0},{"damage_healed":0,"gold_gain":0,"player_choice":"Max HP","damage_taken":0,"max_hp_gain":0,"max_hp_loss":5,"event_name":"Winding Halls","floor":39,"gold_loss":0}],"is_beta":false,"boss_relics":[{"not_picked":["Orrery","Velvet Choker"],"picked":"Astrolabe"},{"not_picked":["Sozu","Runic Cube"],"picked":"Cursed Key"}],"items_purged_floors":[11,25],"is_endless":false,"potions_floor_spawned":[1,2,8,16,18,22,27,30,33],"killed_by":"Giant Head","ascension_level":7}