{"gold_per_floor":[109,125,50,50,63,93,93,104,104,204,237,137,153,171,171,269,269,284,284,297,96,108,108,140,15,40,51,107,107,107,107,107,208,208,227,77,77,96,96,96,124,124,173,204,226,267,298,327,339,351],"floor_reached":51,"playtime":2947,"items_purged":["Strike_R","Strike_R","Strike_R","Defend_R"],"score":889,"play_id":"ef8a6fe7-f5cd-4b22-856e-5b9b65b077af","local_time":"20190412100204","is_ascension_mode":true,"campfire_choices":[{"data":"Fiend Fire","floor":7.0,"key":"SMITH"},{"data":"Battle Trance","floor":15.0,"key":"SMITH"},{"floor":23.0,"key":"REST"},{"data":"Exhume","floor":30.0,"key":"SMITH"},{"floor":32.0,"key":"REST"},{"data":"Pummel","floor":40,"key":"SMITH"},{"floor":42,"key":"DIG"},{"floor":49,"key":"REST"}],"neow_cost":"NONE","seed_source_timestamp":0,"circlet_count":0,"master_deck":["Strike_R","Defend_R","Bash","Fiend Fire+1","Shrug It Off","Feel No Pain","Entrench","Sentinel","Pummel+1","Rampage","Battle Trance+1","Exhume+1","Inflame","Inflame","Inflame+1","Shrug It Off+1","Heavy Blade+1","Writhe","Pommel Strike+1"],"special_seed":0,"relics":["Burning Blood","Omamori","Happy Flower","Pear","Cursed Key","Nilry\u0027s Codex","Brimstone","Bag of Preparation","Ancient Tea Set","Tiny Chest","Empty Cage","Pocketwatch","Shovel","Centennial Puzzle","Blood Vial","MawBank","Art of War"],"potions_floor_usage":[38,44,50,50,50],"damage_taken":[{"damage":7.0,"enemies":"Jaw Worm","floor":1.0,"turns":2.0},{"damage":0.0,"enemies":"Cultist","floor":2.0,"turns":2.0},{"damage":0.0,"enemies":"2 Louse","floor":5.0,"turns":3.0},{"damage":1.0,"enemies":"3 Sentries","floor":6.0,"turns":12.0},{"damage":0.0,"enemies":"Exordium Wildlife","floor":8.0,"turns":3.0},{"damage":9.0,"enemies":"Gremlin Nob","floor":11.0,"turns":4.0},{"damage":6.0,"enemies":"Red Slaver","floor":13.0,"turns":4.0},{"damage":12.0,"enemies":"Lots of Slimes","floor":14.0,"turns":6.0},{"damage":34.0,"enemies":"Hexaghost","floor":16.0,"turns":7.0},{"damage":16.0,"enemies":"3 Byrds","floor":18.0,"turns":4.0},{"damage":14.0,"enemies":"Spheric Guardian","floor":20.0,"turns":4.0},{"damage":15.0,"enemies":"Snecko","floor":22.0,"turns":3.0},{"damage":28.0,"enemies":"Book of Stabbing","floor":24.0,"turns":4.0},{"damage":0.0,"enemies":"Snake Plant","floor":27.0,"turns":2.0},{"damage":15.0,"enemies":"Slavers","floor":28.0,"turns":5.0},{"damage":35.0,"enemies":"Collector","floor":33.0,"turns":4.0},{"damage":0,"enemies":"Orb Walker","floor":35,"turns":1},{"damage":31,"enemies":"3 Darklings","floor":38,"turns":4},{"damage":15,"enemies":"Giant Head","floor":41,"turns":4},{"damage":43,"enemies":"Reptomancer","floor":44,"turns":3},{"damage":18,"enemies":"Writhing Mass","floor":45,"turns":3},{"damage":0,"enemies":"Giant Head","floor":46,"turns":4},{"damage":0,"enemies":"Transient","floor":47,"turns":5},{"damage":22,"enemies":"Jaw Worm Horde","floor":48,"turns":4},{"damage":48,"enemies":"Donu and Deca","floor":50,"turns":5}],"seed_played":"5829366163655618386","potions_obtained":[{"floor":2.0,"key":"EssenceOfSteel"},{"floor":6.0,"key":"Swift Potion"},{"floor":8.0,"key":"PowerPotion"},{"floor":16.0,"key":"GamblersBrew"},{"floor":18.0,"key":"Dexterity Potion"},{"floor":28.0,"key":"Energy Potion"},{"floor":33.0,"key":"EssenceOfSteel"},{"floor":35,"key":"BloodPotion"},{"floor":38,"key":"SteroidPotion"},{"floor":45,"key":"LiquidBronze"},{"floor":47,"key":"Dexterity Potion"},{"floor":48,"key":"Poison Potion"}],"is_trial":false,"path_per_floor":["M","M","$","?","M","E","R","M","T","?","E","$","M","M","R","B",null,"M","?","M","$","M","R","E","$","T","M","E","?","R","$","R","B",null,"M","$","T","M","?","R","E","R","T","E","M","E","M","M","R","B",null],"character_chosen":"IRONCLAD","items_purchased":["Brimstone"],"campfire_rested":3,"item_purchase_floors":[21],"current_hp_per_floor":[79,80,80,80,80,80,80,80,80,80,87,87,87,81,81,53,90,80,64,56,56,47,74,52,52,52,58,49,49,49,49,76,47,90,90,90,90,74,74,74,65,65,65,30,20,28,36,22,49,9],"gold":363,"neow_bonus":"ONE_RANDOM_RARE_CARD","is_prod":false,"is_daily":false,"chose_seed":false,"campfire_upgraded":4,"win_rate":0,"timestamp":1555056124,"path_taken":["M","M","$","?","M","E","R","?","T","?","E","$","?","M","R","BOSS","M","?","M","$","M","R","E","$","T","M","E","?","R","?","R","BOSS","M","$","?","?","?","R","E","R","T","E","M","E","M","?","R","BOSS"],"build_version":"2019-01-23","purchased_purges":4,"victory":true,"max_hp_per_floor":[80,80,80,80,80,80,80,80,80,80,90,90,90,90,90,90,90,90,90,90,90,90,90,90,90,90,90,90,90,90,90,90,90,90,90,90,90,90,90,90,90,90,90,90,90,90,90,90,90,90],"card_choices":[{"not_picked":["Armaments","Heavy Blade"],"picked":"Shrug It Off","floor":1.0},{"not_picked":["Havoc","Cleave"],"picked":"Feel No Pain","floor":2.0},{"not_picked":["Armaments","Thunderclap"],"picked":"Sentinel","floor":5.0},{"not_picked":["Clothesline","Flame Barrier"],"picked":"Pummel","floor":6.0},{"not_picked":["Cleave","Shrug It Off"],"picked":"Rampage","floor":8.0},{"not_picked":["Clash","Heavy Blade","Dual Wield"],"picked":"SKIP","floor":11.0},{"not_picked":["Carnage","True Grit","Combust"],"picked":"SKIP","floor":13.0},{"not_picked":["Evolve","Rage"],"picked":"Battle Trance","floor":14.0},{"not_picked":["Berserk","Limit Break"],"picked":"Exhume","floor":16.0},{"not_picked":["Power Through","Headbutt+1"],"picked":"Inflame","floor":18.0},{"not_picked":["Thunderclap","Rupture","Shrug It Off"],"picked":"SKIP","floor":20.0},{"not_picked":["True Grit","Anger"],"picked":"Inflame","floor":22.0},{"not_picked":["Iron Wave","Sword Boomerang","Rupture+1"],"picked":"SKIP","floor":24.0},{"not_picked":["Clothesline","Warcry","Power Through"],"picked":"SKIP","floor":27.0},{"not_picked":["Heavy Blade","Warcry","Feed"],"picked":"SKIP","floor":28.0},{"not_picked":["Whirlwind+1","True Grit+1"],"picked":"Inflame+1","floor":35},{"not_picked":["Combust+1","Havoc"],"picked":"Shrug It Off+1","floor":38},{"not_picked":["Sword Boomerang+1","Shrug It Off+1"],"picked":"Heavy Blade+1","floor":41},{"not_picked":["Infernal Blade+1","Inflame+1"],"picked":"Pommel Strike+1","floor":44},{"not_picked":["Clash+1","Flex+1","Anger"],"picked":"SKIP","floor":45},{"not_picked":["Clash","Juggernaut","Twin Strike+1"],"picked":"SKIP","floor":46},{"not_picked":["Feel No Pain","Headbutt","Armaments+1"],"picked":"SKIP","floor":47},{"not_picked":["True Grit+1","Perfected Strike","Second Wind"],"picked":"SKIP","floor":48}],"player_experience":346970,"relics_obtained":[{"floor":6.0,"key":"Omamori"},{"floor":9.0,"key":"Happy Flower"},{"floor":11.0,"key":"Pear"},{"floor":19.0,"key":"Nilry\u0027s Codex"},{"floor":24.0,"key":"Bag of Preparation"},{"floor":26.0,"key":"Ancient Tea Set"},{"floor":28.0,"key":"Tiny Chest"},{"floor":37,"key":"Pocketwatch"},{"floor":41,"key":"Shovel"},{"floor":42,"key":"Centennial Puzzle"},{"floor":43,"key":"Blood Vial"},{"floor":44,"key":"MawBank"},{"floor":46,"key":"Art of War"}],"event_choices":[{"damage_healed":0.0,"max_hp_gain":0.0,"max_hp_loss":0.0,"gold_gain":0.0,"cards_transformed":["Defend_R"],"event_name":"Transmorgrifier","player_choice":"Transformed","floor":4.0,"gold_loss":0.0,"damage_taken":0.0,"cards_obtained":["Entrench"]},{"damage_healed":0.0,"max_hp_gain":0.0,"max_hp_loss":0.0,"gold_gain":100.0,"event_name":"Golden Shrine","player_choice":"Pray","floor":10.0,"gold_loss":0.0,"damage_taken":0.0},{"damage_healed":0.0,"max_hp_gain":0.0,"max_hp_loss":0.0,"gold_gain":0.0,"event_name":"Cursed Tome","player_choice":"Obtained Book","floor":19.0,"gold_loss":0.0,"damage_taken":16.0},{"damage_healed":0.0,"max_hp_gain":0.0,"max_hp_loss":0.0,"gold_gain":0.0,"event_name":"Vampires","player_choice":"Ignored","floor":29.0,"gold_loss":0.0,"damage_taken":0.0},{"damage_healed":0,"gold_gain":0,"player_choice":"Bought 0 Potions","damage_taken":0,"max_hp_gain":0,"max_hp_loss":0,"event_name":"The Woman in Blue","floor":39,"gold_loss":0}],"is_beta":false,"boss_relics":[{"not_picked":["Sozu","Snecko Eye"],"picked":"Cursed Key"},{"not_picked":["White Beast Statue","Tiny House"],"picked":"Empty Cage"}],"items_purged_floors":[3,12,25,36],"is_endless":false,"potions_floor_spawned":[2,6,8,16,18,28,33,35,38,45,47,48],"ascension_level":2}