{"gold_per_floor":[110,285,136,136,149,149,166,179,179,189,189,208,208,108,108,204,204,221,63,51,51,63,63],"floor_reached":23,"playtime":1370,"items_purged":["Doubt","Strike_R"],"score":183,"play_id":"07e98985-4123-40e2-8ffa-75743c2ac725","local_time":"20181130022417","is_ascension_mode":false,"campfire_choices":[{"data":"Body Slam","floor":6,"key":"SMITH"},{"data":"Shrug It Off","floor":11,"key":"SMITH"},{"data":"Juggernaut","floor":15,"key":"SMITH"}],"neow_cost":"NONE","seed_source_timestamp":14481187794290,"circlet_count":0,"master_deck":["Strike_R","Strike_R","Defend_R","Defend_R","Defend_R","Defend_R","Bash","Juggernaut+1","Battle Trance","Shrug It Off+1","Body Slam+1","Shrug It Off","Metallicize","Ghostly Armor","Shrug It Off","Flex"],"relics":["Burning Blood","Gremlin Horn"],"potions_floor_usage":[5,10,12,18,20],"damage_taken":[{"damage":6,"enemies":"Cultist","floor":1,"turns":4},{"damage":0,"enemies":"Small Slimes","floor":5,"turns":1},{"damage":0,"enemies":"2 Louse","floor":7,"turns":3},{"damage":0,"enemies":"Blue Slaver","floor":8,"turns":4},{"damage":11,"enemies":"Gremlin Gang","floor":10,"turns":4},{"damage":0,"enemies":"Exordium Thugs","floor":12,"turns":5},{"damage":18,"enemies":"The Guardian","floor":16,"turns":11},{"damage":2,"enemies":"3 Byrds","floor":18,"turns":3},{"damage":3,"enemies":"2 Thieves","floor":20,"turns":5},{"damage":12,"enemies":"Centurion and Healer","floor":22,"turns":7},{"damage":82,"enemies":"Slavers","floor":23,"turns":4}],"seed_played":"4222993871227796921","potions_obtained":[{"floor":1,"key":"SteroidPotion"},{"floor":5,"key":"GamblersBrew"},{"floor":10,"key":"Explosive Potion"},{"floor":16,"key":"LiquidBronze"},{"floor":18,"key":"Weak Potion"}],"is_trial":false,"path_per_floor":["M","?","$","?","M","R","M","M","T","M","R","M","?","$","R","B",null,"M","$","M","?","M","E"],"character_chosen":"IRONCLAD","items_purchased":["Shrug It Off","Body Slam","Metallicize","Ghostly Armor"],"campfire_rested":0,"item_purchase_floors":[3,3,19,19],"current_hp_per_floor":[80,80,80,55,61,61,67,73,73,68,68,74,74,74,74,62,80,80,80,80,80,74,0],"gold":63,"neow_bonus":"ONE_RANDOM_RARE_CARD","is_prod":false,"is_daily":false,"chose_seed":false,"campfire_upgraded":3,"win_rate":0,"timestamp":1543541057,"path_taken":["M","?","$","?","M","R","M","M","T","M","R","M","?","$","R","BOSS","M","$","M","?","M","E"],"build_version":"2018-11-15","purchased_purges":2,"victory":false,"max_hp_per_floor":[80,80,80,80,80,80,80,80,80,80,80,80,80,80,80,80,80,80,80,80,80,80,80],"card_choices":[{"not_picked":["Ghostly Armor","Warcry"],"picked":"Battle Trance","floor":1},{"not_picked":["Armaments","True Grit","Heavy Blade"],"picked":"SKIP","floor":5},{"not_picked":["Headbutt","Twin Strike"],"picked":"Shrug It Off","floor":7},{"not_picked":["Dark Embrace","Heavy Blade","Iron Wave"],"picked":"SKIP","floor":8},{"not_picked":["Wild Strike","Clothesline","Sword Boomerang"],"picked":"SKIP","floor":10},{"not_picked":["Dropkick","Armaments","True Grit"],"picked":"SKIP","floor":12},{"not_picked":["Second Wind","Sword Boomerang","Clash"],"picked":"SKIP","floor":18},{"not_picked":["Seeing Red","Havoc"],"picked":"Shrug It Off","floor":20},{"not_picked":["Armaments","Pummel","Shockwave"],"picked":"SKIP","floor":22}],"player_experience":293458,"relics_obtained":[],"event_choices":[{"damage_healed":0,"gold_gain":175,"player_choice":"AGREE","damage_taken":0,"max_hp_gain":0,"max_hp_loss":0,"event_name":"Liars Game","floor":2,"gold_loss":0,"cards_obtained":["Doubt"]},{"damage_healed":0,"gold_gain":0,"player_choice":"Success","damage_taken":25,"relics_obtained":["Gremlin Horn"],"max_hp_gain":0,"max_hp_loss":0,"event_name":"Scrap Ooze","floor":4,"gold_loss":0},{"cards_removed":["Strike_R"],"damage_healed":0,"gold_gain":0,"player_choice":"Forget","damage_taken":0,"max_hp_gain":0,"max_hp_loss":0,"event_name":"Living Wall","floor":13,"gold_loss":0},{"damage_healed":0,"gold_gain":0,"cards_transformed":["Strike_R"],"player_choice":"Transformed","damage_taken":0,"max_hp_gain":0,"max_hp_loss":0,"event_name":"Transmorgrifier","floor":21,"gold_loss":0,"cards_obtained":["Flex"]}],"is_beta":false,"boss_relics":[{"not_picked":["Ectoplasm","Snecko Eye","Coffee Dripper"]}],"items_purged_floors":[3,14],"is_endless":false,"potions_floor_spawned":[1,5,10,16,18],"killed_by":"Slavers","ascension_level":0}