{"gold_per_floor":[109,109,123,142,30,30,41,41,66,134,18,46,62,96,96,193,193,209,219,219,134,134,134,154,154,181,195,214,214,0,0,0,0],"floor_reached":33,"playtime":1140,"items_purged":["Strike_B"],"score":281,"play_id":"fe3b20ea-d695-4309-bd80-f45ff23d5823","local_time":"20190401204512","is_ascension_mode":true,"campfire_choices":[{"floor":6,"key":"REST"},{"data":"White Noise","floor":8,"key":"SMITH"},{"floor":15,"key":"REST"},{"data":"Zap","floor":23,"key":"SMITH"},{"floor":25,"key":"REST"},{"floor":29,"key":"REST"},{"data":"Capacitor","floor":32,"key":"SMITH"}],"neow_cost":"NONE","seed_source_timestamp":1203074515067342,"circlet_count":0,"master_deck":["Strike_B","Strike_B","Defend_B","Defend_B","Zap+1","Dualcast","Lockon","Cold Snap","Melter","FTL","White Noise+1","Capacitor+1","Doom and Gloom","Chill","Auto Shields","Tempest+1","Seek","BootSequence","Beam Cell","Barrage","Stack+1"],"relics":["Sozu","Centennial Puzzle","Bottled Lightning","Eternal Feather","Anchor","Pen Nib"],"potions_floor_usage":[],"damage_taken":[{"damage":9,"enemies":"2 Louse","floor":1,"turns":2},{"damage":1,"enemies":"Cultist","floor":3,"turns":4},{"damage":12,"enemies":"Small Slimes","floor":4,"turns":3},{"damage":6,"enemies":"Exordium Wildlife","floor":7,"turns":3},{"damage":17,"enemies":"Gremlin Nob","floor":12,"turns":4},{"damage":10,"enemies":"Blue Slaver","floor":13,"turns":3},{"damage":6,"enemies":"Lagavulin","floor":14,"turns":6},{"damage":1,"enemies":"Slime Boss","floor":16,"turns":8},{"damage":11,"enemies":"Chosen","floor":18,"turns":4},{"damage":14,"enemies":"2 Thieves","floor":19,"turns":4},{"damage":37,"enemies":"Snake Plant","floor":24,"turns":4},{"damage":14,"enemies":"Centurion and Healer","floor":27,"turns":4},{"damage":14,"enemies":"Snecko","floor":28,"turns":4},{"damage":89,"enemies":"Champ","floor":33,"turns":8}],"seed_played":"-4443713903563695693","potions_obtained":[],"is_trial":false,"path_per_floor":["M","?","M","M","$","R","M","R","T","?","$","E","M","E","R","B",null,"M","M","?","?","?","R","M","R","T","M","M","R","?","$","R","B"],"character_chosen":"DEFECT","items_purchased":["FTL","Capacitor","Doom and Gloom"],"campfire_rested":4,"item_purchase_floors":[5,11,11],"current_hp_per_floor":[66,66,65,53,53,75,69,69,69,69,69,52,42,36,58,57,75,64,50,50,50,50,62,25,59,59,45,31,65,65,65,75,0],"gold":0,"neow_bonus":"BOSS_RELIC","is_prod":false,"is_daily":false,"chose_seed":false,"campfire_upgraded":3,"win_rate":0,"timestamp":1554176712,"path_taken":["M","?","M","M","?","R","M","R","T","?","$","E","?","E","R","BOSS","M","M","?","?","?","R","?","R","T","M","M","R","?","?","R","BOSS"],"build_version":"2019-01-23","purchased_purges":1,"victory":false,"max_hp_per_floor":[75,75,75,75,75,75,75,75,75,75,75,75,75,75,75,75,75,75,75,75,75,75,75,75,75,75,75,75,75,75,75,75,75],"card_choices":[{"not_picked":["Sweeping Beam","Fusion"],"picked":"Lockon","floor":1},{"not_picked":["Coolheaded","Beam Cell"],"picked":"Cold Snap","floor":3},{"not_picked":["Beam Cell","Rebound"],"picked":"Melter","floor":4},{"not_picked":["Go for the Eyes","Genetic Algorithm"],"picked":"White Noise","floor":7},{"not_picked":["Coolheaded","Leap"],"picked":"Chill","floor":12},{"not_picked":["Darkness","Go for the Eyes"],"picked":"Auto Shields","floor":13},{"not_picked":["Stack","Recycle"],"picked":"Tempest","floor":14},{"not_picked":["Machine Learning","Meteor Strike"],"picked":"Seek","floor":16},{"not_picked":["Conserve Battery","Compile Driver"],"picked":"BootSequence","floor":18},{"not_picked":["Rip and Tear","Go for the Eyes","Heatsinks+1"],"picked":"SKIP","floor":19},{"not_picked":["Beam Cell","Barrage","Go for the Eyes"],"picked":"SKIP","floor":24},{"not_picked":["Compile Driver","Chaos"],"picked":"Stack+1","floor":27},{"not_picked":["Sweeping Beam","Auto Shields","Barrage+1"],"picked":"SKIP","floor":28}],"player_experience":388857,"relics_obtained":[{"floor":12,"key":"Centennial Puzzle"},{"floor":14,"key":"Bottled Lightning"},{"floor":26,"key":"Pen Nib"}],"event_choices":[{"cards_removed":["Defend_B"],"damage_healed":0,"gold_gain":0,"player_choice":"Purged","damage_taken":0,"max_hp_gain":0,"max_hp_loss":0,"event_name":"Purifier","floor":2,"gold_loss":0},{"damage_healed":0,"gold_gain":68,"player_choice":"Gained Gold","damage_taken":0,"max_hp_gain":0,"max_hp_loss":0,"event_name":"Golden Wing","floor":10,"gold_loss":0},{"damage_healed":0,"gold_gain":0,"cards_transformed":["Strike_B","Defend_B"],"player_choice":"Became Test Subject","damage_taken":0,"max_hp_gain":0,"max_hp_loss":0,"event_name":"Drug Dealer","floor":20,"gold_loss":0,"cards_obtained":["Beam Cell","Barrage"]},{"damage_healed":0,"gold_gain":0,"player_choice":"Obtained Relic","damage_taken":0,"relics_obtained":["Anchor"],"max_hp_gain":0,"max_hp_loss":0,"event_name":"Addict","floor":21,"gold_loss":85},{"damage_healed":0,"gold_gain":0,"player_choice":"Forge","damage_taken":0,"max_hp_gain":0,"max_hp_loss":0,"event_name":"Accursed Blacksmith","floor":22,"gold_loss":0,"cards_upgraded":["Tempest"]},{"damage_healed":0,"gold_gain":0,"player_choice":"Paid Fearfully","damage_taken":0,"max_hp_gain":0,"max_hp_loss":0,"event_name":"Masked Bandits","floor":30,"gold_loss":214}],"is_beta":false,"boss_relics":[{"not_picked":["Cursed Key","Busted Crown"],"picked":"Eternal Feather"}],"items_purged_floors":[5],"is_endless":false,"potions_floor_spawned":[3,4,24],"killed_by":"Champ","ascension_level":2}