{"gold_per_floor":[111,111,123,73,73,99,99,99,99,124,124,124,124,137,137,241,241,254,269,269,269],"floor_reached":21,"playtime":576,"items_purged":[],"score":284,"play_id":"f46eaeb9-87a2-4c11-88db-d4ff6fe463d1","local_time":"20180826093648","is_ascension_mode":true,"campfire_choices":[{"data":"Rainbow","floor":7,"key":"SMITH"},{"data":"Zap","floor":11,"key":"SMITH"},{"data":"Capacitor","floor":13,"key":"SMITH"},{"data":"Dualcast","floor":15,"key":"SMITH"}],"neow_cost":"NONE","seed_source_timestamp":679721186638296,"circlet_count":0,"master_deck":["Strike_B","Strike_B","Strike_B","Defend_B","Defend_B","Defend_B","Defend_B","Zap+1","Dualcast+1","Capacitor+1","Flash of Steel","Melter","Rainbow+1","BootSequence","Fission","Genetic Algorithm+1","Loop+1","Necronomicurse"],"relics":["Cracked Core","NeowsBlessing","Bag of Marbles","StoneCalendar","Pantograph","Blood Vial","Oddly Smooth Stone","Philosopher\u0027s Stone","Necronomicon"],"potions_floor_usage":[19],"damage_taken":[{"damage":0,"enemies":"Jaw Worm","floor":1,"turns":1},{"damage":0,"enemies":"Cultist","floor":3,"turns":1},{"damage":0,"enemies":"3 Sentries","floor":6,"turns":1},{"damage":15,"enemies":"Lagavulin","floor":10,"turns":5},{"damage":0,"enemies":"Small Slimes","floor":14,"turns":3},{"damage":32,"enemies":"Hexaghost","floor":16,"turns":9},{"damage":2,"enemies":"Chosen","floor":18,"turns":6},{"damage":5,"enemies":"Shell Parasite","floor":19,"turns":3},{"damage":57,"enemies":"Snake Plant","floor":21,"turns":4}],"seed_played":"-9165090413614012003","potions_obtained":[{"floor":1,"key":"Fire Potion"},{"floor":3,"key":"GamblersBrew"}],"is_trial":false,"path_per_floor":["M","?","M","?","?","E","R","$","T","E","R","?","R","M","R","B",null,"M","M","?"],"character_chosen":"DEFECT","items_purchased":[],"campfire_rested":0,"item_purchase_floors":[],"current_hp_per_floor":[68,68,68,68,61,61,61,61,61,46,46,46,46,48,48,43,67,67,64,48,0],"gold":269,"neow_bonus":"THREE_ENEMY_KILL","is_prod":false,"is_daily":false,"chose_seed":false,"campfire_upgraded":4,"win_rate":0,"timestamp":1535301408,"path_taken":["M","?","?","?","?","E","R","$","T","E","R","?","R","M","R","BOSS","M","M","?","M"],"build_version":"2018-08-23v2","purchased_purges":0,"victory":false,"max_hp_per_floor":[75,75,75,75,75,75,75,75,75,75,75,75,75,75,75,75,75,75,75,75,75],"card_choices":[{"not_picked":["Hologram","Rebound"],"picked":"Capacitor","floor":1},{"not_picked":["Turbo","Stack"],"picked":"Melter","floor":3},{"not_picked":["Stack","Reprogram"],"picked":"Rainbow","floor":6},{"not_picked":["Beam Cell","Static Discharge"],"picked":"BootSequence","floor":10},{"not_picked":["Gash","Reprogram","Beam Cell"],"picked":"SKIP","floor":14},{"not_picked":["Machine Learning","Hyperbeam"],"picked":"Fission","floor":16},{"not_picked":["Steam","Hologram"],"picked":"Genetic Algorithm+1","floor":18},{"not_picked":["Fusion","Steam"],"picked":"Loop+1","floor":19}],"player_experience":155947,"relics_obtained":[{"floor":6,"key":"StoneCalendar"},{"floor":9,"key":"Pantograph"},{"floor":10,"key":"Blood Vial"},{"floor":20,"key":"Necronomicon"}],"event_choices":[{"event_name":"Match and Keep!","player_choice":"1 cards matched","floor":2,"damage_taken":0},{"event_name":"The Cleric","player_choice":"Card Removal","floor":4,"damage_taken":0},{"event_name":"Scrap Ooze","player_choice":"success","floor":5,"damage_taken":7},{"event_name":"WeMeetAgain","player_choice":"Potion","floor":12,"damage_taken":0},{"event_name":"Cursed Tome","player_choice":"Obtained Book","floor":20,"damage_taken":0}],"is_beta":false,"boss_relics":[{"not_picked":["Inserter","Runic Dome"],"picked":"Philosopher\u0027s Stone"}],"items_purged_floors":[],"is_endless":false,"potions_floor_spawned":[1,3],"killed_by":"Snake Plant","ascension_level":7}