{"gold_per_floor":[119,119,119,46,57,90,90,118,170,205,205,10,43,43,43,120,120,133,150,150],"floor_reached":20,"playtime":718,"items_purged":["Strike_R"],"score":390,"play_id":"9c631bf3-4f02-4ed2-a4f1-b173fe9ba60c","local_time":"20190501225039","is_ascension_mode":true,"campfire_choices":[{"floor":15,"key":"REST"}],"neow_cost":"NONE","seed_source_timestamp":1596766905352333,"circlet_count":0,"master_deck":["AscendersBane","Strike_R","Strike_R","Strike_R","Defend_R","Defend_R+1","Defend_R+1","Defend_R+1","Bash","Anger+1","Havoc","Metallicize+1","Armaments","Immolate","Cleave","Headbutt","Demon Form","Dual Wield","Second Wind","Evolve","Evolve","Clothesline+1"],"relics":["Burning Blood","NeowsBlessing","War Paint","Shuriken","Potion Belt","Lantern","Juzu Bracelet","Bottled Flame","Orrery"],"potions_floor_usage":[8,8,10,13,16],"damage_taken":[{"damage":0,"enemies":"Jaw Worm","floor":1,"turns":1},{"damage":0,"enemies":"Small Slimes","floor":5,"turns":1},{"damage":0,"enemies":"Gremlin Nob","floor":6,"turns":1},{"damage":14,"enemies":"3 Sentries","floor":8,"turns":10},{"damage":14,"enemies":"Gremlin Nob","floor":10,"turns":4},{"damage":12,"enemies":"3 Sentries","floor":13,"turns":3},{"damage":19,"enemies":"The Guardian","floor":16,"turns":11},{"damage":32,"enemies":"Spheric Guardian","floor":18,"turns":6},{"damage":4,"enemies":"Chosen","floor":19,"turns":6},{"damage":44,"enemies":"Sentry and Sphere","floor":20,"turns":6}],"seed_played":"8452690287352667806","potions_obtained":[{"floor":5,"key":"Block Potion"},{"floor":8,"key":"Energy Potion"},{"floor":13,"key":"AttackPotion"}],"is_trial":false,"path_per_floor":["M","?","?","$","M","E","?","E","T","E","?","$","E","?","R","B",null,"M","M","M"],"character_chosen":"IRONCLAD","items_purchased":["Havoc","Fire Potion","Cleave","EntropicBrew"],"campfire_rested":1,"item_purchase_floors":[4,4,12,12],"current_hp_per_floor":[74,67,41,41,47,53,58,50,50,42,42,42,36,12,36,23,66,40,42,0],"gold":150,"neow_bonus":"THREE_ENEMY_KILL","is_prod":false,"is_daily":false,"chose_seed":false,"campfire_upgraded":0,"win_rate":0,"timestamp":1556776239,"path_taken":["M","?","?","?","M","E","?","E","T","E","?","$","E","?","R","BOSS","M","M","M"],"build_version":"2019-01-23","purchased_purges":1,"victory":false,"max_hp_per_floor":[75,75,75,75,75,75,80,80,80,80,80,80,80,80,80,80,80,80,80,80],"card_choices":[{"not_picked":["Havoc","Carnage"],"picked":"Anger","floor":1},{"not_picked":["Intimidate","Seeing Red","Twin Strike"],"picked":"SKIP","floor":5},{"not_picked":["Cleave","Dark Embrace"],"picked":"Metallicize","floor":6},{"not_picked":["Clothesline","Perfected Strike"],"picked":"Armaments","floor":8},{"not_picked":["Iron Wave","Rupture"],"picked":"Immolate","floor":10},{"not_picked":["Wild Strike","Flex"],"picked":"Headbutt","floor":13},{"not_picked":["Bludgeon","Fiend Fire"],"picked":"Demon Form","floor":16},{"not_picked":["Evolve","Reckless Charge"],"picked":"Dual Wield","floor":17},{"not_picked":["Thunderclap","Heavy Blade"],"picked":"Second Wind","floor":17},{"not_picked":["Headbutt","Perfected Strike"],"picked":"Evolve","floor":17},{"not_picked":["Pummel","Searing Blow"],"picked":"Evolve","floor":17},{"not_picked":["Intimidate","Entrench","Hemokinesis"],"picked":"SKIP","floor":18},{"not_picked":["Perfected Strike","Reckless Charge"],"picked":"Clothesline+1","floor":19}],"player_experience":373652,"relics_obtained":[{"floor":6,"key":"Shuriken"},{"floor":8,"key":"Potion Belt"},{"floor":9,"key":"Lantern"},{"floor":10,"key":"Juzu Bracelet"},{"floor":13,"key":"Bottled Flame"}],"event_choices":[{"cards_removed":["Strike_R"],"damage_healed":0,"gold_gain":0,"player_choice":"Card Removal","damage_taken":7,"max_hp_gain":0,"max_hp_loss":0,"event_name":"Golden Wing","floor":2,"gold_loss":0},{"damage_healed":0,"gold_gain":0,"player_choice":"Success","damage_taken":26,"relics_obtained":["War Paint"],"max_hp_gain":0,"max_hp_loss":0,"event_name":"Scrap Ooze","floor":3,"gold_loss":0},{"damage_healed":0,"gold_gain":0,"player_choice":"Donut","damage_taken":0,"max_hp_gain":5,"max_hp_loss":0,"event_name":"Big Fish","floor":7,"gold_loss":0},{"damage_healed":0,"gold_gain":0,"player_choice":"Grow","damage_taken":0,"max_hp_gain":0,"max_hp_loss":0,"event_name":"Living Wall","floor":11,"gold_loss":0,"cards_upgraded":["Anger"]},{"damage_healed":0,"gold_gain":0,"player_choice":"Entered Light","damage_taken":24,"max_hp_gain":0,"max_hp_loss":0,"event_name":"Shining Light","floor":14,"gold_loss":0,"cards_upgraded":["Metallicize","Defend_R"]}],"is_beta":false,"boss_relics":[{"not_picked":["Runic Cube","Snecko Eye"],"picked":"Orrery"}],"items_purged_floors":[12],"is_endless":false,"potions_floor_spawned":[5,8,13],"killed_by":"Sentry and Sphere","ascension_level":15}