{"gold_per_floor":[117,117,117,135,154,40,40,59,83,83,139,151,178,178,178,298,298,314,413,413,426,426],"floor_reached":22,"playtime":2915,"items_purged":[],"score":184,"play_id":"72549972-34d8-4c93-877f-c760cac72f83","local_time":"20190218173038","is_ascension_mode":false,"campfire_choices":[{"data":"Loop","floor":7,"key":"SMITH"},{"data":"Rainbow","floor":10,"key":"SMITH"},{"floor":15,"key":"DIG"}],"neow_cost":"NONE","seed_source_timestamp":259951061954163,"circlet_count":0,"master_deck":["Strike_B","Strike_B","Defend_B","Defend_B","Defend_B","Defend_B","Zap","Dualcast","Rainbow+1","Leap","Blizzard","Loop+1","Conserve Battery","Consume","Chill","Seek","Sweeping Beam","Self Repair","Compile Driver","Injury","Machine Learning+1","Redo+1","Auto Shields"],"relics":["Cracked Core","Ancient Tea Set","Bronze Scales","Shovel","Golden Idol","Frozen Egg 2","Inserter"],"potions_floor_usage":[4,13,16],"damage_taken":[{"damage":10,"enemies":"Small Slimes","floor":1,"turns":3},{"damage":2,"enemies":"Jaw Worm","floor":4,"turns":2},{"damage":0,"enemies":"2 Louse","floor":5,"turns":2},{"damage":3,"enemies":"2 Fungi Beasts","floor":8,"turns":3},{"damage":0,"enemies":"3 Sentries","floor":11,"turns":7},{"damage":2,"enemies":"Exordium Wildlife","floor":12,"turns":3},{"damage":25,"enemies":"Gremlin Nob","floor":13,"turns":5},{"damage":31,"enemies":"Hexaghost","floor":16,"turns":9},{"damage":24,"enemies":"2 Thieves","floor":18,"turns":4},{"damage":42,"enemies":"Colosseum Slavers","floor":20,"turns":5},{"damage":9,"enemies":"3 Byrds","floor":21,"turns":2},{"damage":14,"enemies":"Snake Plant","floor":22,"turns":3}],"seed_played":"9077634153710157833","potions_obtained":[{"floor":4,"key":"Fruit Juice"},{"floor":5,"key":"Poison Potion"},{"floor":11,"key":"FearPotion"},{"floor":16,"key":"Block Potion"}],"is_trial":false,"path_per_floor":["?","?","$","?","?","?","?"],"character_chosen":"DEFECT","items_purchased":["Consume","Chill"],"campfire_rested":0,"item_purchase_floors":[6,6],"current_hp_per_floor":[65,65,58,61,61,61,61,58,58,58,58,56,38,38,38,14,80,56,56,21,12,0],"gold":426,"neow_bonus":"ONE_RANDOM_RARE_CARD","is_prod":false,"is_daily":false,"chose_seed":false,"campfire_upgraded":2,"win_rate":0.0,"timestamp":1550536238,"path_taken":["M","?","?","M","M","?","R","M","T","R","?","M","E","?","R","BOSS","M","?","?","M","M"],"build_version":"2019-01-23","purchased_purges":0,"victory":false,"max_hp_per_floor":[75,75,75,80,80,80,80,80,80,80,80,80,80,80,80,80,80,80,80,80,80,80],"card_choices":[{"not_picked":["Cold Snap","Lockon"],"picked":"Leap","floor":1},{"not_picked":["Rip and Tear","Beam Cell"],"picked":"Loop","floor":4},{"not_picked":["Rebound","Streamline"],"picked":"Conserve Battery","floor":5},{"not_picked":["White Noise","Conserve Battery"],"picked":"Seek","floor":8},{"not_picked":["Steam Power","Streamline"],"picked":"Sweeping Beam","floor":11},{"not_picked":["FTL","Streamline"],"picked":"Self Repair","floor":12},{"not_picked":["Melter","Streamline"],"picked":"Compile Driver","floor":13},{"not_picked":["Seek","Multi-Cast"],"picked":"Machine Learning+1","floor":16},{"not_picked":["Barrage+1","Steam+1"],"picked":"Redo+1","floor":18},{"not_picked":["Steam","Defragment+1"],"picked":"Auto Shields","floor":21}],"player_experience":24725,"relics_obtained":[{"floor":9,"key":"Ancient Tea Set"},{"floor":11,"key":"Bronze Scales"},{"floor":13,"key":"Shovel"},{"floor":15,"key":"Frozen Egg 2"}],"event_choices":[{"damage_healed":0,"gold_gain":0,"cards_transformed":["Strike_B"],"player_choice":"Change","damage_taken":0,"max_hp_gain":0,"max_hp_loss":0,"event_name":"Living Wall","floor":2,"gold_loss":0,"cards_obtained":["Blizzard"]},{"cards_removed":["Strike_B"],"damage_healed":0,"gold_gain":0,"player_choice":"Card Removal","damage_taken":7,"max_hp_gain":0,"max_hp_loss":0,"event_name":"Golden Wing","floor":3,"gold_loss":0},{"damage_healed":0,"gold_gain":0,"player_choice":"Searched \u00271\u0027 times","damage_taken":0,"max_hp_gain":0,"max_hp_loss":0,"event_name":"Dead Adventurer","floor":11,"gold_loss":0},{"damage_healed":0,"gold_gain":0,"player_choice":"Take Wound","damage_taken":0,"relics_obtained":["Golden Idol"],"max_hp_gain":0,"max_hp_loss":0,"event_name":"Golden Idol","floor":14,"gold_loss":0,"cards_obtained":["Injury"]},{"damage_healed":0,"gold_gain":99,"player_choice":"Stole From Cult","damage_taken":0,"max_hp_gain":0,"max_hp_loss":0,"event_name":"Nest","floor":19,"gold_loss":0},{"damage_healed":0,"gold_gain":0,"player_choice":"Fight","damage_taken":0,"max_hp_gain":0,"max_hp_loss":0,"event_name":"Colosseum","floor":20,"gold_loss":0},{"damage_healed":0,"gold_gain":0,"player_choice":"Fled From Nobs","damage_taken":0,"max_hp_gain":0,"max_hp_loss":0,"event_name":"Colosseum","floor":20,"gold_loss":0}],"is_beta":false,"boss_relics":[{"not_picked":["Coffee Dripper","Eternal Feather"],"picked":"Inserter"}],"items_purged_floors":[],"is_endless":false,"potions_floor_spawned":[4,5,11,16,20],"killed_by":"Snake Plant","ascension_level":0}