{"gold_per_floor":[118,133,133,208,208,208,225,238,238,11,31,44,62,79,79,178,178,152,172,22,34,52,52],"floor_reached":23,"playtime":1021,"items_purged":[],"score":189,"play_id":"ac5888ef-c10c-4a68-a65b-90d40a2665cd","local_time":"20180828224353","is_ascension_mode":false,"campfire_choices":[{"floor":6,"key":"REST"},{"floor":15,"key":"REST"}],"neow_cost":"NONE","seed_source_timestamp":1246633004262660,"circlet_count":0,"master_deck":["Strike_B","Strike_B","Strike_B","Strike_B+1","Defend_B","Defend_B","Defend_B","Defend_B","Zap","Dualcast","Doom and Gloom","Sunder","Leap+1","Conserve Battery","Multi-Cast","Multi-Cast","Doom and Gloom","Redo","Fusion","Cold Snap","Compile Driver","Meteor Strike","Tempest","Gash+1","Ball Lightning","Go for the Eyes"],"relics":["Cracked Core","GremlinMask","Bottled Lightning","DollysMirror","Sozu","Vajra"],"potions_floor_usage":[16,16,16],"damage_taken":[{"damage":6,"enemies":"2 Louse","floor":1,"turns":2},{"damage":6,"enemies":"Cultist","floor":2,"turns":3},{"damage":10,"enemies":"Small Slimes","floor":7,"turns":3},{"damage":5,"enemies":"3 Louse","floor":8,"turns":2},{"damage":4,"enemies":"Red Slaver","floor":11,"turns":3},{"damage":7,"enemies":"Gremlin Gang","floor":12,"turns":3},{"damage":0,"enemies":"Large Slime","floor":13,"turns":3},{"damage":10,"enemies":"Lots of Slimes","floor":14,"turns":4},{"damage":41,"enemies":"Slime Boss","floor":16,"turns":12},{"damage":13,"enemies":"2 Thieves","floor":18,"turns":5},{"damage":5,"enemies":"Chosen","floor":19,"turns":5},{"damage":15,"enemies":"Snecko","floor":21,"turns":3},{"damage":19,"enemies":"Sentry and Sphere","floor":22,"turns":4},{"damage":28,"enemies":"Gremlin Leader","floor":23,"turns":3}],"seed_played":"5072412602412771002","potions_obtained":[{"floor":2,"key":"SmokeBomb"},{"floor":8,"key":"Block Potion"},{"floor":11,"key":"Ancient Potion"},{"floor":13,"key":"SkillPotion"}],"is_trial":false,"path_per_floor":["M","M","?","?","?","R","M","M","T","$","M","M","M","M","R","B",null,"M","M","$","M","M"],"character_chosen":"DEFECT","items_purchased":["DollysMirror","Doom and Gloom","Vajra"],"campfire_rested":2,"item_purchase_floors":[10,10,20],"current_hp_per_floor":[69,63,63,52,37,59,49,44,44,44,40,33,33,23,45,4,75,62,57,57,42,23,0],"gold":52,"neow_bonus":"THREE_CARDS","is_prod":false,"is_daily":false,"chose_seed":false,"campfire_upgraded":0,"win_rate":0,"timestamp":1535521433,"path_taken":["M","M","?","?","?","R","M","?","T","$","M","M","?","?","R","BOSS","M","M","$","M","M","E"],"build_version":"2018-08-23v2","purchased_purges":0,"victory":false,"max_hp_per_floor":[75,75,75,75,75,75,75,75,75,75,75,75,75,75,75,75,75,75,75,75,75,75,75],"card_choices":[{"not_picked":["Sweeping Beam","BootSequence"],"picked":"Doom and Gloom","floor":0},{"not_picked":["Rebound","Stack"],"picked":"Sunder","floor":1},{"not_picked":["Steam Power","Aggregate"],"picked":"Leap","floor":2},{"not_picked":["Leap","Auto Shields"],"picked":"Conserve Battery","floor":7},{"not_picked":["Conserve Battery","Cold Snap"],"picked":"Multi-Cast","floor":8},{"not_picked":["Go for the Eyes","Genetic Algorithm"],"picked":"Redo","floor":11},{"not_picked":["Heatsinks","Chaos"],"picked":"Fusion","floor":12},{"not_picked":["Heatsinks","Streamline"],"picked":"Cold Snap","floor":13},{"not_picked":["Heatsinks","Conserve Battery"],"picked":"Compile Driver","floor":14},{"not_picked":["Seek","Biased Cognition"],"picked":"Meteor Strike","floor":16},{"not_picked":["Aggregate+1","Compile Driver"],"picked":"Tempest","floor":18},{"not_picked":["Stack","Rebound"],"picked":"Gash+1","floor":19},{"not_picked":["Cold Snap","Conserve Battery"],"picked":"Ball Lightning","floor":21},{"not_picked":["Beam Cell","Streamline"],"picked":"Go for the Eyes","floor":22}],"player_experience":51046,"relics_obtained":[{"floor":9,"key":"Bottled Lightning"}],"event_choices":[{"event_name":"FaceTrader","player_choice":"Trade","floor":3,"damage_taken":0},{"event_name":"World of Goop","player_choice":"Gather Gold","floor":4,"damage_taken":0},{"event_name":"Shining Light","player_choice":"Entered Light","floor":5,"damage_taken":0}],"is_beta":false,"boss_relics":[{"not_picked":["Calling Bell","Philosopher\u0027s Stone"],"picked":"Sozu"}],"items_purged_floors":[],"is_endless":false,"potions_floor_spawned":[2,8,11,13,14,21],"killed_by":"Gremlin Leader","ascension_level":0}