{"gold_per_floor":[365,377,389,50,65,98,112,138,164,125,125],"floor_reached":11,"playtime":444,"items_purged":[],"score":136,"play_id":"9c7a207e-5af5-426b-b02d-ecee37ef89ef","local_time":"20190118144854","is_ascension_mode":true,"campfire_choices":[],"neow_cost":"TEN_PERCENT_HP_LOSS","seed_source_timestamp":1105169338711955,"circlet_count":0,"master_deck":["AscendersBane","Strike_B","Strike_B","Strike_B","Strike_B","Defend_B","Defend_B","Defend_B","Defend_B","Zap","Dualcast","Cold Snap","FTL","Ball Lightning","Capacitor","Cold Snap","Conserve Battery","Sunder","Capacitor","Reinforced Body"],"relics":["Cracked Core","Sling","Potion Belt","Letter Opener","Pen Nib"],"potions_floor_usage":[5,8],"damage_taken":[{"damage":10,"enemies":"Cultist","floor":1,"turns":5},{"damage":0,"enemies":"Jaw Worm","floor":2,"turns":4},{"damage":0,"enemies":"2 Louse","floor":3,"turns":2},{"damage":10,"enemies":"Lots of Slimes","floor":5,"turns":3},{"damage":11,"enemies":"3 Sentries","floor":6,"turns":6},{"damage":0,"enemies":"2 Fungi Beasts","floor":7,"turns":3},{"damage":26,"enemies":"Lagavulin","floor":8,"turns":6},{"damage":24,"enemies":"Gremlin Nob","floor":11,"turns":3}],"seed_played":"9160676831049859336","potions_obtained":[{"floor":2,"key":"Ancient Potion"},{"floor":3,"key":"Fire Potion"},{"floor":7,"key":"Poison Potion"},{"floor":8,"key":"Ancient Potion"}],"is_trial":false,"path_per_floor":["M","M","M","$","M","E","M","E","T","?","E"],"character_chosen":"DEFECT","items_purchased":["Capacitor","Sling","Cold Snap"],"campfire_rested":0,"item_purchase_floors":[4,4,4],"current_hp_per_floor":[58,58,58,58,48,37,37,11,11,11,0],"gold":125,"neow_bonus":"TWO_FIFTY_GOLD","is_prod":false,"is_daily":false,"chose_seed":false,"campfire_upgraded":0,"win_rate":0,"timestamp":1547822934,"path_taken":["M","M","M","$","M","E","?","E","T","?","E"],"build_version":"2019-01-10","purchased_purges":0,"victory":false,"max_hp_per_floor":[68,68,68,68,68,68,68,68,68,68,68],"card_choices":[{"not_picked":["Stack","Conserve Battery"],"picked":"Cold Snap","floor":1},{"not_picked":["Turbo","Darkness"],"picked":"FTL","floor":2},{"not_picked":["Force Field","Compile Driver"],"picked":"Ball Lightning","floor":3},{"not_picked":["Rip and Tear","Coolheaded"],"picked":"Conserve Battery","floor":5},{"not_picked":["Go for the Eyes","Rebound"],"picked":"Sunder","floor":6},{"not_picked":["Gash","Redo"],"picked":"Capacitor","floor":7},{"not_picked":["Fission","Steam"],"picked":"Reinforced Body","floor":8}],"player_experience":132620,"relics_obtained":[{"floor":6,"key":"Potion Belt"},{"floor":8,"key":"Letter Opener"},{"floor":9,"key":"Pen Nib"}],"event_choices":[{"damage_healed":0,"gold_gain":0,"player_choice":"Left Gold","damage_taken":0,"max_hp_gain":0,"max_hp_loss":0,"event_name":"World of Goop","floor":10,"gold_loss":39}],"is_beta":false,"boss_relics":[],"items_purged_floors":[],"is_endless":false,"potions_floor_spawned":[2,3,7,8],"killed_by":"Gremlin Nob","ascension_level":12}