{"gold_per_floor":[118,173,173,193,143,143,176,176,176,176,207,207,221,396,396,494,494,494,494,434,434,252,252,252,252,252,252,252,252,252,252,252,252,252,252,252,252,252,252,252,252,252,252,118,118,118,118,118,118,118],"floor_reached":51,"playtime":1945,"items_purged":["Doubt","Strike_R+1"],"score":746,"play_id":"1cc7bd22-62b4-482c-80f4-55db35580fd5","local_time":"20181024153258","is_ascension_mode":false,"campfire_choices":[{"data":"Hemokinesis","floor":6,"key":"SMITH"},{"data":"Bash","floor":8,"key":"SMITH"},{"data":"Clothesline","floor":10,"key":"SMITH"},{"data":"Cleave","floor":12,"key":"SMITH"},{"data":"Defend_R","floor":15,"key":"SMITH"},{"data":"Barricade","floor":27,"key":"SMITH"},{"floor":32,"key":"REST"},{"data":"Power Through","floor":40,"key":"SMITH"},{"floor":45,"key":"REST"},{"floor":49,"key":"REST"}],"neow_cost":"NONE","seed_source_timestamp":83815077930240,"circlet_count":0,"master_deck":["Strike_R+1","Strike_R+1","Defend_R+1","Defend_R+1","Defend_R+1","Defend_R+1","Bash+1","Hemokinesis+1","Clothesline+1","Cleave+1","Fiend Fire","Seeing Red+1","J.A.X.","Power Through+1","RitualDagger","Barricade+1","Demon Form+1","True Grit+1","Shrug It Off+1","Feel No Pain+1","Feel No Pain+1","Exhume","Madness","Madness","Metallicize+1","PanicButton","Warcry+1"],"relics":["Burning Blood","Anchor","Pantograph","The Courier","Dream Catcher","Ectoplasm","PreservedInsect","Calipers","Frozen Egg 2","Potion Belt","Sozu","Old Coin","Bag of Preparation","Blood Vial"],"potions_floor_usage":[23,33,38,47],"damage_taken":[{"damage":3,"enemies":"Cultist","floor":1,"turns":2},{"damage":3,"enemies":"2 Louse","floor":4,"turns":2},{"damage":25,"enemies":"Lagavulin","floor":7,"turns":6},{"damage":22,"enemies":"Gremlin Nob","floor":11,"turns":4},{"damage":2,"enemies":"Jaw Worm","floor":13,"turns":2},{"damage":57,"enemies":"Slime Boss","floor":16,"turns":11},{"damage":2,"enemies":"Chosen","floor":18,"turns":3},{"damage":5,"enemies":"2 Thieves","floor":20,"turns":4},{"damage":7,"enemies":"Gremlin Leader","floor":23,"turns":4},{"damage":13,"enemies":"3 Cultists","floor":25,"turns":5},{"damage":7,"enemies":"Snecko","floor":28,"turns":6},{"damage":36,"enemies":"Book of Stabbing","floor":30,"turns":6},{"damage":0,"enemies":"Centurion and Healer","floor":31,"turns":6},{"damage":10,"enemies":"Champ","floor":33,"turns":9},{"damage":3,"enemies":"3 Shapes","floor":35,"turns":4},{"damage":4,"enemies":"3 Darklings","floor":36,"turns":6},{"damage":0,"enemies":"Transient","floor":38,"turns":5},{"damage":0,"enemies":"Mind Bloom Boss Battle","floor":39,"turns":10},{"damage":68,"enemies":"Reptomancer","floor":41,"turns":10},{"damage":0,"enemies":"4 Shapes","floor":46,"turns":7},{"damage":5,"enemies":"Sphere and 2 Shapes","floor":47,"turns":7},{"damage":33,"enemies":"Time Eater","floor":50,"turns":22}],"seed_played":"7226749163219592604","potions_obtained":[{"floor":7,"key":"BloodPotion"},{"floor":13,"key":"Weak Potion"},{"floor":25,"key":"Energy Potion"},{"floor":31,"key":"GamblersBrew"}],"is_trial":false,"path_per_floor":["M","T","?","M","?","R","E","R","T","R","E","R","M","?","R","B",null,"M","?","M","?","$","E","?","M","T","R","M","$","E","M","R","B",null,"M","M","$","M","?","R","E","?","T","$","R","M","M","?","R","B"],"character_chosen":"IRONCLAD","items_purchased":["PreservedInsect","Metallicize+1"],"campfire_rested":3,"item_purchase_floors":[22,44],"current_hp_per_floor":[80,80,73,76,76,76,57,57,57,57,41,41,45,45,45,19,80,80,80,80,80,80,79,73,66,66,66,65,65,35,41,65,76,80,80,80,80,80,80,80,18,8,8,8,32,40,51,51,75,53],"gold":118,"neow_bonus":"THREE_CARDS","is_prod":false,"is_daily":false,"chose_seed":false,"campfire_upgraded":7,"win_rate":0,"timestamp":1540420378,"path_taken":["M","?","?","M","?","R","E","R","T","R","E","R","M","?","R","BOSS","M","?","?","?","$","E","?","M","T","R","M","?","E","M","R","BOSS","M","M","?","M","?","R","E","?","T","?","R","M","?","?","R","BOSS"],"build_version":"2018-10-18","purchased_purges":2,"victory":true,"max_hp_per_floor":[80,80,80,80,80,80,80,80,80,80,80,80,80,80,80,80,80,80,80,80,80,80,80,80,80,80,80,80,80,80,80,80,80,80,80,80,80,80,80,80,80,80,80,80,80,80,80,80,80,80],"card_choices":[{"not_picked":["Anger","Wild Strike"],"picked":"Hemokinesis","floor":0},{"not_picked":["Carnage","Sword Boomerang"],"picked":"Clothesline","floor":1},{"not_picked":["Infernal Blade","Shrug It Off"],"picked":"Cleave","floor":4},{"not_picked":["Body Slam","Twin Strike","Ghostly Armor"],"picked":"SKIP","floor":7},{"not_picked":["Thunderclap","Second Wind","Sword Boomerang"],"picked":"SKIP","floor":11},{"not_picked":["Whirlwind","Cleave","Seeing Red"],"picked":"SKIP","floor":13},{"not_picked":["Double Tap","Berserk"],"picked":"Fiend Fire","floor":16},{"not_picked":["Battle Trance","Clothesline"],"picked":"Seeing Red+1","floor":18},{"not_picked":["Clash","Clothesline","Seeing Red"],"picked":"SKIP","floor":20},{"not_picked":["Sword Boomerang","Warcry+1"],"picked":"Power Through","floor":23},{"not_picked":["Havoc","Thunderclap"],"picked":"Barricade","floor":25},{"not_picked":["Ghostly Armor","Warcry","Iron Wave"],"picked":"SKIP","floor":28},{"not_picked":["Wild Strike","Seeing Red","Pommel Strike"],"picked":"SKIP","floor":30},{"not_picked":["Flex","Burning Pact+1"],"picked":"Demon Form+1","floor":31},{"not_picked":["Flex","Sword Boomerang"],"picked":"True Grit+1","floor":35},{"not_picked":["Sever Soul","Wild Strike+1"],"picked":"Shrug It Off+1","floor":36},{"not_picked":["Pommel Strike","Uppercut+1"],"picked":"Feel No Pain+1","floor":38},{"not_picked":["Armaments+1","Sword Boomerang+1"],"picked":"Feel No Pain+1","floor":39},{"not_picked":["Clash","Thunderclap"],"picked":"Exhume","floor":41},{"not_picked":["Hemokinesis","Clash+1","Flame Barrier"],"picked":"SKIP","floor":46},{"not_picked":["Flame Barrier","Spot Weakness","Rage+1"],"picked":"SKIP","floor":47},{"not_picked":["Panacea","HandOfGreed"],"picked":"PanicButton","floor":48},{"not_picked":["Rupture+1","Flex+1"],"picked":"Warcry+1","floor":49}],"player_experience":311611,"relics_obtained":[{"floor":2,"key":"Anchor"},{"floor":7,"key":"Pantograph"},{"floor":9,"key":"The Courier"},{"floor":11,"key":"Dream Catcher"},{"floor":23,"key":"Calipers"},{"floor":26,"key":"Frozen Egg 2"},{"floor":30,"key":"Potion Belt"},{"floor":39,"key":"Old Coin"},{"floor":41,"key":"Bag of Preparation"},{"floor":43,"key":"Blood Vial"}],"event_choices":[{"cards_removed":["Strike_R"],"damage_healed":0,"gold_gain":0,"player_choice":"Card Removal","damage_taken":7,"max_hp_gain":0,"max_hp_loss":0,"event_name":"Golden Wing","floor":3,"gold_loss":0},{"cards_removed":["Strike_R"],"damage_healed":0,"gold_gain":0,"player_choice":"Card Removal","damage_taken":0,"max_hp_gain":0,"max_hp_loss":0,"event_name":"The Cleric","floor":5,"gold_loss":50},{"damage_healed":0,"gold_gain":175,"player_choice":"AGREE","damage_taken":0,"max_hp_gain":0,"max_hp_loss":0,"event_name":"Liars Game","floor":14,"gold_loss":0,"cards_obtained":["Doubt"]},{"damage_healed":0,"gold_gain":0,"player_choice":"Simplicity","damage_taken":0,"max_hp_gain":0,"max_hp_loss":0,"event_name":"Back to Basics","floor":19,"gold_loss":0,"cards_upgraded":["Strike_R","Strike_R","Strike_R","Defend_R","Defend_R","Defend_R"]},{"damage_healed":0,"gold_gain":0,"player_choice":"Obtain J.A.X.","damage_taken":0,"max_hp_gain":0,"max_hp_loss":0,"event_name":"Drug Dealer","floor":21,"gold_loss":0,"cards_obtained":["J.A.X."]},{"damage_healed":0,"gold_gain":0,"player_choice":"Joined the Cult","damage_taken":6,"max_hp_gain":0,"max_hp_loss":0,"event_name":"Nest","floor":24,"gold_loss":0,"cards_obtained":["RitualDagger"]},{"damage_healed":0,"gold_gain":0,"player_choice":"Fight","damage_taken":0,"max_hp_gain":0,"max_hp_loss":0,"event_name":"MindBloom","floor":39,"gold_loss":0},{"damage_healed":0,"gold_gain":0,"player_choice":"Embrace Madness","damage_taken":10,"max_hp_gain":0,"max_hp_loss":0,"event_name":"Winding Halls","floor":42,"gold_loss":0,"cards_obtained":["Madness","Madness"]},{"damage_healed":0,"gold_gain":0,"player_choice":"Memory 1","damage_taken":0,"max_hp_gain":0,"max_hp_loss":0,"event_name":"SensoryStone","floor":48,"gold_loss":0}],"is_beta":false,"boss_relics":[{"not_picked":["Fusion Hammer","White Beast Statue"],"picked":"Ectoplasm"},{"not_picked":["Black Blood","Busted Crown"],"picked":"Sozu"}],"items_purged_floors":[22,44],"is_endless":false,"potions_floor_spawned":[7,13,25,31,35,36],"ascension_level":0}