{"gold_per_floor":[109,128,128,145,160,160,187,187,187,187],"floor_reached":10,"playtime":355,"items_purged":[],"score":126,"play_id":"8578e2c7-96e8-421d-ac0a-7e59c24b1559","local_time":"20190429151330","is_ascension_mode":true,"campfire_choices":[{"data":"Bash","floor":6,"key":"SMITH"},{"data":"Shockwave","floor":8,"key":"SMITH"}],"neow_cost":"NONE","seed_source_timestamp":143121718628741,"circlet_count":0,"master_deck":["AscendersBane","Strike_R","Strike_R","Strike_R+1","Strike_R","Strike_R+1","Defend_R","Defend_R","Defend_R","Defend_R","Bash+1","Juggernaut","Shockwave+1","Shrug It Off","Clothesline","Disarm","Wild Strike"],"relics":["Burning Blood","Whetstone","Pear"],"potions_floor_usage":[5],"damage_taken":[{"damage":6,"enemies":"2 Louse","floor":1,"turns":4},{"damage":4,"enemies":"Jaw Worm","floor":2,"turns":4},{"damage":24,"enemies":"Small Slimes","floor":4,"turns":4},{"damage":0,"enemies":"Gremlin Gang","floor":5,"turns":2},{"damage":30,"enemies":"Lagavulin","floor":7,"turns":9},{"damage":47,"enemies":"3 Sentries","floor":10,"turns":8}],"seed_played":"-7815220243997154388","potions_obtained":[{"floor":4,"key":"AttackPotion"}],"is_trial":false,"path_per_floor":["M","M","?","M","M","R","E","R","T","E"],"character_chosen":"IRONCLAD","items_purchased":[],"campfire_rested":0,"item_purchase_floors":[],"current_hp_per_floor":[68,70,70,52,58,58,34,34,44,0],"gold":187,"neow_bonus":"ONE_RANDOM_RARE_CARD","is_prod":false,"is_daily":false,"chose_seed":false,"campfire_upgraded":2,"win_rate":0,"timestamp":1556576010,"path_taken":["M","M","?","M","M","R","E","R","T","E"],"build_version":"2019-01-23","purchased_purges":0,"victory":false,"max_hp_per_floor":[75,75,75,75,75,75,75,75,85,85],"card_choices":[{"not_picked":["Heavy Blade","Dual Wield"],"picked":"Shockwave","floor":1},{"not_picked":["True Grit","Pommel Strike"],"picked":"Shrug It Off","floor":2},{"not_picked":["Wild Strike","Cleave"],"picked":"Clothesline","floor":4},{"not_picked":["Bloodletting","Rupture"],"picked":"Disarm","floor":5},{"not_picked":["True Grit","Intimidate"],"picked":"Wild Strike","floor":7}],"player_experience":503928,"relics_obtained":[{"floor":7,"key":"Whetstone"},{"floor":9,"key":"Pear"}],"event_choices":[{"damage_healed":0,"gold_gain":0,"player_choice":"Ignored","damage_taken":0,"max_hp_gain":0,"max_hp_loss":0,"event_name":"Liars Game","floor":3,"gold_loss":0}],"is_beta":false,"boss_relics":[],"items_purged_floors":[],"is_endless":false,"potions_floor_spawned":[4],"killed_by":"3 Sentries","ascension_level":17}