{"gold_per_floor":[114,64,64,75,86,111,135,147],"floor_reached":8,"playtime":188,"items_purged":[],"score":64,"play_id":"7c536f05-9168-44d5-8f0f-fbb4dd790163","local_time":"20190406084051","is_ascension_mode":true,"campfire_choices":[],"neow_cost":"NONE","seed_source_timestamp":54354099829150,"circlet_count":0,"master_deck":["Strike_B","Strike_B","Strike_B","Defend_B","Defend_B","Defend_B","Defend_B","Zap","Dualcast","Capacitor+1","Streamline","Streamline","Storm","Capacitor"],"relics":["Cracked Core","NeowsBlessing","MawBank"],"potions_floor_usage":[6,6],"damage_taken":[{"damage":0,"enemies":"Jaw Worm","floor":1,"turns":1},{"damage":0,"enemies":"2 Louse","floor":4,"turns":1},{"damage":0,"enemies":"Cultist","floor":5,"turns":1},{"damage":44,"enemies":"Gremlin Nob","floor":6,"turns":5},{"damage":28,"enemies":"Lots of Slimes","floor":7,"turns":4},{"damage":0,"enemies":"3 Louse","floor":8,"turns":1}],"seed_played":"5485501948268620418","potions_obtained":[{"floor":1,"key":"AttackPotion"},{"floor":4,"key":"SpeedPotion"}],"is_trial":false,"path_per_floor":["M","?","?","M","M","E","M","M"],"character_chosen":"DEFECT","items_purchased":[],"campfire_rested":0,"item_purchase_floors":[],"current_hp_per_floor":[75,75,75,75,75,31,3,3],"gold":147,"neow_bonus":"THREE_ENEMY_KILL","is_prod":false,"is_daily":false,"chose_seed":false,"campfire_upgraded":0,"win_rate":0,"timestamp":1554565251,"path_taken":["M","?","?","M","M","E","?","M"],"build_version":"2019-01-23","purchased_purges":0,"victory":false,"max_hp_per_floor":[75,75,75,75,75,75,75,75],"card_choices":[{"not_picked":["Loop","Tempest"],"picked":"Capacitor","floor":1},{"not_picked":["Go for the Eyes","Turbo"],"picked":"Streamline","floor":4},{"not_picked":["Compile Driver","Turbo"],"picked":"Streamline","floor":5},{"not_picked":["Turbo","Steam Power"],"picked":"Storm","floor":6},{"not_picked":["Cold Snap","Doom and Gloom"],"picked":"Capacitor","floor":7}],"player_experience":405964,"relics_obtained":[{"floor":6,"key":"MawBank"}],"event_choices":[{"cards_removed":["Strike_B"],"damage_healed":0,"gold_gain":0,"player_choice":"Card Removal","damage_taken":0,"max_hp_gain":0,"max_hp_loss":0,"event_name":"The Cleric","floor":2,"gold_loss":50},{"damage_healed":0,"gold_gain":0,"player_choice":"Forge","damage_taken":0,"max_hp_gain":0,"max_hp_loss":0,"event_name":"Accursed Blacksmith","floor":3,"gold_loss":0,"cards_upgraded":["Capacitor"]}],"is_beta":false,"boss_relics":[],"items_purged_floors":[],"is_endless":false,"potions_floor_spawned":[1,4],"killed_by":"3 Louse","ascension_level":2}