{"gold_per_floor":[119,119,19,36,46,79,79,98,124,199,199,215,19,49,49,152,152,171,171,171,146,146,146,179,179,179,195,223,100,100,112,112,214,214,229,249,249,98,117,147,147,173,173,173,173,205,205,223,223,223],"floor_reached":51,"playtime":4057,"items_purged":["Strike_R"],"score":843,"play_id":"0e73b12f-fecd-4b35-943e-9769061cad3a","local_time":"20190505201035","is_ascension_mode":true,"campfire_choices":[{"data":"Feed","floor":7,"key":"SMITH"},{"data":"Bash","floor":11,"key":"SMITH"},{"data":"Disarm","floor":15,"key":"SMITH"},{"data":"Inflame","floor":23,"key":"SMITH"},{"data":"Armaments","floor":32,"key":"SMITH"},{"data":"Uppercut","floor":41,"key":"SMITH"},{"data":"Transmutation","floor":49,"key":"SMITH"}],"neow_cost":"TEN_PERCENT_HP_LOSS","seed_source_timestamp":1800234736605120,"circlet_count":0,"master_deck":["Defend_R","Defend_R","Defend_R","Bash+1","Feed+1","Uppercut+1","Inflame+1","Shrug It Off","Disarm+1","Reaper","Dual Wield+1","Immolate+1","Sword Boomerang+1","Bite+1","Bite+1","Bite+1","Bite+1","Bite+1","Armaments+1","Reaper+1","Reaper+1","Thunderclap+1","Transmutation+1","Rage"],"relics":["Burning Blood","Art of War","Omamori","Orichalcum","Juzu Bracelet","Sozu","Happy Flower","Question Card","Letter Opener","Molten Egg 2","Coffee Dripper","Pen Nib","Dodecahedron","Boot","Ornamental Fan","Bag of Preparation"],"potions_floor_usage":[6,6,14,16,24],"damage_taken":[{"damage":5,"enemies":"2 Louse","floor":1,"turns":2},{"damage":1,"enemies":"Cultist","floor":4,"turns":3},{"damage":15,"enemies":"Small Slimes","floor":5,"turns":5},{"damage":12,"enemies":"Gremlin Nob","floor":6,"turns":5},{"damage":23,"enemies":"Gremlin Gang","floor":8,"turns":6},{"damage":16,"enemies":"Exordium Thugs","floor":12,"turns":6},{"damage":20,"enemies":"3 Sentries","floor":14,"turns":10},{"damage":24,"enemies":"The Guardian","floor":16,"turns":16},{"damage":13,"enemies":"Spheric Guardian","floor":18,"turns":6},{"damage":19,"enemies":"2 Thieves","floor":21,"turns":5},{"damage":37,"enemies":"Slavers","floor":24,"turns":10},{"damage":3,"enemies":"Shelled Parasite and Fungi","floor":27,"turns":7},{"damage":64,"enemies":"Gremlin Leader","floor":28,"turns":9},{"damage":6,"enemies":"Snake Plant","floor":31,"turns":4},{"damage":125,"enemies":"Automaton","floor":33,"turns":13},{"damage":14,"enemies":"Orb Walker","floor":35,"turns":5},{"damage":15,"enemies":"3 Darklings","floor":36,"turns":3},{"damage":15,"enemies":"4 Shapes","floor":39,"turns":3},{"damage":60,"enemies":"Reptomancer","floor":40,"turns":8},{"damage":89,"enemies":"Giant Head","floor":42,"turns":9},{"damage":97,"enemies":"Reptomancer","floor":46,"turns":7},{"damage":24,"enemies":"Maw","floor":48,"turns":7},{"damage":162,"enemies":"Donu and Deca","floor":50,"turns":10}],"seed_played":"-3326343776411783017","potions_obtained":[{"floor":1,"key":"LiquidBronze"},{"floor":8,"key":"Ancient Potion"},{"floor":14,"key":"Regen Potion"}],"is_trial":false,"path_per_floor":["M","?","$","M","M","E","R","M","T","?","R","M","$","E","R","B",null,"M","?","?","M","T","R","E","?","T","M","E","$","?","M","R","B",null,"M","M","?","$","M","E","R","E","T","?","?","E","?","M","R","B",null],"character_chosen":"IRONCLAD","items_purchased":["PowerPotion","PowerPotion","Orichalcum","Block Potion","Sword Boomerang+1","Pen Nib"],"campfire_rested":0,"item_purchase_floors":[3,3,13,13,29,38],"current_hp_per_floor":[75,75,75,78,72,69,69,56,56,45,45,41,41,33,33,36,100,97,97,97,98,98,98,81,81,81,90,90,90,90,112,112,61,124,124,128,128,128,129,128,128,108,108,108,108,96,96,129,129,47],"gold":223,"neow_bonus":"THREE_RARE_CARDS","is_prod":false,"is_daily":false,"chose_seed":false,"campfire_upgraded":7,"win_rate":0,"timestamp":1557083435,"path_taken":["M","?","?","M","M","E","R","?","T","?","R","M","$","E","R","BOSS","M","?","?","M","?","R","E","?","T","M","E","$","?","M","R","BOSS","M","M","?","$","M","E","R","E","T","?","?","E","?","M","R","BOSS"],"build_version":"2019-01-23","purchased_purges":1,"victory":true,"max_hp_per_floor":[75,75,75,78,81,84,84,88,88,88,88,92,92,96,96,100,100,104,104,104,108,108,108,112,112,112,116,120,120,120,120,120,124,124,124,128,128,128,132,136,136,140,140,140,140,140,140,144,144,144],"card_choices":[{"not_picked":["Immolate","Bludgeon"],"picked":"Feed","floor":0},{"not_picked":["Anger","Body Slam"],"picked":"Uppercut","floor":1},{"not_picked":["Rampage","Clash"],"picked":"Inflame","floor":4},{"not_picked":["Havoc","Headbutt"],"picked":"Shrug It Off","floor":5},{"not_picked":["Pommel Strike","Rage"],"picked":"Disarm","floor":6},{"not_picked":["Iron Wave","Headbutt","Uppercut"],"picked":"SKIP","floor":8},{"not_picked":["Searing Blow","True Grit","Anger"],"picked":"SKIP","floor":12},{"not_picked":["Thunderclap","Anger","True Grit"],"picked":"SKIP","floor":14},{"not_picked":["Dark Embrace","Immolate"],"picked":"Reaper","floor":16},{"not_picked":["Twin Strike+1","Havoc+1"],"picked":"Dual Wield","floor":18},{"not_picked":["Perfected Strike+1","Body Slam","Wild Strike"],"picked":"SKIP","floor":21},{"not_picked":["Twin Strike","Armaments+1","Anger+1"],"picked":"SKIP","floor":24},{"not_picked":["Reckless Charge","Uppercut","Cleave","Clothesline+1"],"picked":"SKIP","floor":27},{"not_picked":["Dual Wield+1","Pommel Strike","Sentinel+1"],"picked":"Immolate","floor":28},{"not_picked":["Clothesline+1","Heavy Blade+1","True Grit"],"picked":"Armaments","floor":31},{"not_picked":["Dark Embrace","Juggernaut","Offering"],"picked":"Reaper+1","floor":33},{"not_picked":["Twin Strike+1","Flex+1","Infernal Blade+1","Headbutt+1"],"picked":"SKIP","floor":35},{"not_picked":["Pommel Strike+1","Armaments+1","Headbutt+1"],"picked":"Reaper+1","floor":36},{"not_picked":["Clothesline+1","Thunderclap+1","Havoc","Seeing Red+1"],"picked":"SKIP","floor":39},{"not_picked":["Sentinel","Heavy Blade+1","Armaments+1","Headbutt+1"],"picked":"SKIP","floor":40},{"not_picked":["Anger+1","Perfected Strike+1","Uppercut+1","Searing Blow+1"],"picked":"SKIP","floor":42},{"not_picked":["Shockwave","Havoc+1","Sword Boomerang+1"],"picked":"Thunderclap+1","floor":46},{"not_picked":["Sadistic Nature","Flash of Steel+1","Secret Technique"],"picked":"Transmutation","floor":47},{"not_picked":["Body Slam+1","Rampage+1","Wild Strike+1"],"picked":"Rage","floor":48}],"player_experience":1927795,"relics_obtained":[{"floor":6,"key":"Omamori"},{"floor":9,"key":"Blood Vial"},{"floor":14,"key":"Juzu Bracelet"},{"floor":22,"key":"Happy Flower"},{"floor":24,"key":"Question Card"},{"floor":26,"key":"Letter Opener"},{"floor":28,"key":"Molten Egg 2"},{"floor":40,"key":"Dodecahedron"},{"floor":42,"key":"Boot"},{"floor":43,"key":"Ornamental Fan"},{"floor":46,"key":"Bag of Preparation"}],"event_choices":[{"damage_healed":0,"gold_gain":0,"player_choice":"Gave Potion","damage_taken":0,"relics_obtained":["Art of War"],"max_hp_gain":0,"max_hp_loss":0,"event_name":"WeMeetAgain","floor":2,"gold_loss":0},{"damage_healed":0,"gold_gain":75,"player_choice":"Gather Gold","damage_taken":11,"max_hp_gain":0,"max_hp_loss":0,"event_name":"World of Goop","floor":10,"gold_loss":0},{"damage_healed":0,"gold_gain":0,"player_choice":"Upgraded","damage_taken":0,"max_hp_gain":0,"max_hp_loss":0,"event_name":"Upgrade Shrine","floor":19,"gold_loss":0,"cards_upgraded":["Dual Wield"]},{"cards_removed":["Strike_R"],"damage_healed":0,"gold_gain":0,"player_choice":"Purged","damage_taken":0,"max_hp_gain":0,"max_hp_loss":0,"event_name":"Purifier","floor":20,"gold_loss":0},{"damage_healed":0,"gold_gain":0,"player_choice":"Bought 0 Potions","damage_taken":0,"max_hp_gain":0,"max_hp_loss":0,"event_name":"The Woman in Blue","floor":25,"gold_loss":0},{"damage_healed":0,"gold_gain":0,"player_choice":"Became a vampire (Vial)","damage_taken":0,"max_hp_gain":0,"max_hp_loss":0,"event_name":"Vampires","floor":30,"relics_lost":["Blood Vial"],"gold_loss":0,"cards_obtained":["Bite","Bite","Bite","Bite","Bite"]},{"damage_healed":0,"gold_gain":0,"player_choice":"Ignored","damage_taken":0,"max_hp_gain":0,"max_hp_loss":0,"event_name":"Tomb of Lord Red Mask","floor":37,"gold_loss":0},{"cards_removed":["Defend_R"],"damage_healed":0,"gold_gain":0,"player_choice":"Offered Basic","damage_taken":0,"max_hp_gain":0,"max_hp_loss":0,"event_name":"Bonfire Elementals","floor":44,"gold_loss":0},{"damage_healed":0,"gold_gain":0,"player_choice":"Ignored","damage_taken":0,"max_hp_gain":0,"max_hp_loss":0,"event_name":"Mysterious Sphere","floor":45,"gold_loss":0},{"damage_healed":0,"gold_gain":0,"player_choice":"Memory 1","damage_taken":0,"max_hp_gain":0,"max_hp_loss":0,"event_name":"SensoryStone","floor":47,"gold_loss":0}],"is_beta":false,"boss_relics":[{"not_picked":["Mark of Pain","Philosopher\u0027s Stone"],"picked":"Sozu"},{"not_picked":["Eternal Feather","Pandora\u0027s Box"],"picked":"Coffee Dripper"}],"items_purged_floors":[29],"is_endless":false,"potions_floor_spawned":[1,8,14,21,24,28,31,36,39,40],"ascension_level":1}