{"gold_per_floor":[112,122,132,148,148,148,0,0,0,0,0,0,0,74,74,167,167,190,240,31,81,100,131,131,162,162,162,185,256,221,236,236,329,392,411,461,511,529,704,704,754,804,804,804,817,156,171,184,184,184],"floor_reached":50,"playtime":2627,"items_purged":["Strike_B","Strike_B"],"score":923,"play_id":"19b2a296-8078-417e-9df6-8d0e7d10b357","local_time":"20190322203035","is_ascension_mode":true,"campfire_choices":[{"data":"Scrape","floor":6,"key":"SMITH"},{"data":"Rainbow","floor":8,"key":"SMITH"},{"data":"Chill","floor":10,"key":"SMITH"},{"data":"Zap","floor":12,"key":"SMITH"},{"data":"Dualcast","floor":15,"key":"SMITH"},{"floor":24,"key":"REST"},{"floor":27,"key":"REST"},{"floor":32,"key":"REST"},{"data":"Machine Learning","floor":40,"key":"SMITH"},{"floor":44,"key":"REST"},{"floor":49,"key":"REST"}],"neow_cost":"PERCENT_DAMAGE","seed_source_timestamp":956132155710072,"circlet_count":0,"master_deck":["AscendersBane","Strike_B","Strike_B+1","Defend_B","Defend_B","Defend_B","Defend_B","Zap+1","Dualcast+1","Gash","Chill+1","Gash","Scrape+1","Rainbow+1","All For One","All For One","Gash+1","Gash+1","Defragment","Streamline","Gash+1","Beam Cell","FTL","Machine Learning+1","Gash","Cold Snap","Chill","Gash","Finesse","FTL","Hologram","Gash+1","Beam Cell"],"relics":["Cracked Core","Symbiotic Virus","Golden Idol","SsserpentHead","Nuclear Battery","Shuriken","Gremlin Horn","Darkstone Periapt","Matryoshka","Tiny House","Emotion Chip","Whetstone","Pear","Dream Catcher","Bottled Flame"],"potions_floor_usage":[16,22,33,39,50,50],"damage_taken":[{"damage":1,"enemies":"Cultist","floor":1,"turns":4},{"damage":0,"enemies":"2 Louse","floor":2,"turns":3},{"damage":2,"enemies":"Jaw Worm","floor":3,"turns":4},{"damage":7,"enemies":"Looter","floor":4,"turns":4},{"damage":0,"enemies":"Exordium Thugs","floor":14,"turns":4},{"damage":24,"enemies":"Hexaghost","floor":16,"turns":7},{"damage":5,"enemies":"Chosen","floor":18,"turns":3},{"damage":0,"enemies":"Spheric Guardian","floor":22,"turns":2},{"damage":43,"enemies":"Book of Stabbing","floor":23,"turns":4},{"damage":24,"enemies":"Slavers","floor":25,"turns":4},{"damage":0,"enemies":"Cultist and Chosen","floor":28,"turns":3},{"damage":4,"enemies":"Shelled Parasite and Fungi","floor":29,"turns":2},{"damage":3,"enemies":"Snecko","floor":31,"turns":3},{"damage":1,"enemies":"Collector","floor":33,"turns":3},{"damage":0,"enemies":"3 Shapes","floor":35,"turns":2},{"damage":4,"enemies":"Orb Walker","floor":38,"turns":3},{"damage":40,"enemies":"Mind Bloom Boss Battle","floor":39,"turns":5},{"damage":25,"enemies":"4 Shapes","floor":45,"turns":3},{"damage":24,"enemies":"Writhing Mass","floor":47,"turns":4},{"damage":0,"enemies":"Transient","floor":48,"turns":5},{"damage":69,"enemies":"Awakened One","floor":50,"turns":5}],"seed_played":"4251050242040790007","potions_obtained":[{"floor":3,"key":"PowerPotion"},{"floor":18,"key":"Fruit Juice"},{"floor":25,"key":"SteroidPotion"},{"floor":28,"key":"PowerPotion"},{"floor":34,"key":"GamblersBrew"},{"floor":38,"key":"FocusPotion"}],"is_trial":false,"path_per_floor":["M","M","M","M","?","R","$","R","T","R","?","R","?","M","R","B",null,"M","?","$","?","M","E","R","E","T","R","M","M","?","M","R","B",null,"M","?","?","M","?","R","?","?","T","R","M","$","M","M","R","B"],"character_chosen":"DEFECT","items_purchased":["Rainbow","Gash","Defragment","Dream Catcher","Bottled Flame","Finesse","FTL","Strength Potion"],"campfire_rested":5,"item_purchase_floors":[7,20,20,46,46,46,46,46],"current_hp_per_floor":[59,59,57,50,50,50,50,50,50,50,50,50,50,50,50,26,64,59,59,59,59,64,21,45,21,21,45,45,41,41,38,62,61,82,82,82,82,78,38,38,38,38,48,75,50,50,26,26,53,0],"gold":184,"neow_bonus":"TWENTY_PERCENT_HP_BONUS","is_prod":false,"is_daily":false,"chose_seed":false,"campfire_upgraded":6,"win_rate":0,"timestamp":1553286635,"path_taken":["M","M","M","?","?","R","$","R","T","R","?","R","?","?","R","BOSS","M","?","$","?","M","E","R","E","T","R","M","?","?","M","R","BOSS","M","?","?","M","?","R","?","?","T","R","M","?","M","M","R","BOSS"],"build_version":"2019-01-23","purchased_purges":2,"victory":false,"max_hp_per_floor":[85,85,85,85,85,85,85,85,85,85,77,77,77,77,77,77,77,77,77,77,77,82,82,82,82,82,82,82,82,82,82,82,82,87,87,87,87,87,87,87,83,83,93,93,93,93,93,93,93,93],"card_choices":[{"not_picked":["Sweeping Beam","Coolheaded"],"picked":"Gash","floor":1},{"not_picked":["Beam Cell","Hologram"],"picked":"Chill","floor":2},{"not_picked":["Coolheaded","Chaos"],"picked":"Gash","floor":3},{"not_picked":["Conserve Battery","Barrage"],"picked":"Scrape","floor":4},{"not_picked":["Leap","Tempest"],"picked":"All For One","floor":14},{"not_picked":["Amplify","Rainbow"],"picked":"All For One","floor":16},{"not_picked":["Barrage","Melter+1"],"picked":"Gash","floor":18},{"not_picked":["Turbo+1","Streamline"],"picked":"Gash+1","floor":22},{"not_picked":["Conserve Battery","Compile Driver","Stack+1"],"picked":"SKIP","floor":23},{"not_picked":["Leap","Auto Shields","Conserve Battery"],"picked":"SKIP","floor":25},{"not_picked":["Beam Cell","Rebound","Aggregate+1"],"picked":"SKIP","floor":28},{"not_picked":["Rebound","Aggregate+1"],"picked":"Beam Cell","floor":28},{"not_picked":["Rip and Tear","Ball Lightning"],"picked":"FTL","floor":29},{"not_picked":["Aggregate","Hello World"],"picked":"Buffer","floor":31},{"not_picked":["Multi-Cast","Biased Cognition"],"picked":"Machine Learning","floor":33},{"not_picked":["Consume","Compile Driver"],"picked":"Gash","floor":34},{"not_picked":["Loop","Conserve Battery+1"],"picked":"Cold Snap","floor":35},{"not_picked":["Sweeping Beam+1","Barrage","Cold Snap"],"picked":"SKIP","floor":38},{"not_picked":["Compile Driver","Self Repair"],"picked":"Chill","floor":39},{"not_picked":["Turbo","Steam"],"picked":"Gash","floor":45},{"not_picked":["White Noise","Defragment"],"picked":"Hologram","floor":47},{"not_picked":["Storm","Force Field"],"picked":"Gash+1","floor":48},{"not_picked":["BootSequence","Barrage"],"picked":"Beam Cell","floor":49}],"player_experience":1603978,"relics_obtained":[{"floor":9,"key":"Symbiotic Virus"},{"floor":23,"key":"Shuriken"},{"floor":25,"key":"Gremlin Horn"},{"floor":26,"key":"Darkstone Periapt"},{"floor":39,"key":"Emotion Chip"},{"floor":43,"key":"Whetstone"},{"floor":43,"key":"Pear"}],"event_choices":[{"damage_healed":0,"gold_gain":0,"player_choice":"Ignored","damage_taken":0,"max_hp_gain":0,"max_hp_loss":0,"event_name":"Shining Light","floor":5,"gold_loss":0},{"damage_healed":0,"gold_gain":0,"player_choice":"Lose Max HP","damage_taken":0,"relics_obtained":["Golden Idol"],"max_hp_gain":0,"max_hp_loss":8,"event_name":"Golden Idol","floor":11,"gold_loss":0},{"damage_healed":0,"gold_gain":0,"player_choice":"Trade","damage_taken":0,"relics_obtained":["SsserpentHead"],"max_hp_gain":0,"max_hp_loss":0,"event_name":"FaceTrader","floor":13,"gold_loss":0},{"damage_healed":0,"gold_gain":0,"player_choice":"Ignored","damage_taken":0,"max_hp_gain":0,"max_hp_loss":0,"event_name":"Vampires","floor":19,"gold_loss":0},{"damage_healed":0,"gold_gain":0,"player_choice":"Read","damage_taken":0,"max_hp_gain":0,"max_hp_loss":0,"event_name":"The Library","floor":21,"gold_loss":0,"cards_obtained":["Streamline"]},{"damage_healed":0,"gold_gain":0,"player_choice":"Obtained Relic","damage_taken":0,"relics_obtained":["Matryoshka"],"max_hp_gain":0,"max_hp_loss":0,"event_name":"Addict","floor":30,"gold_loss":85},{"damage_healed":0,"gold_gain":0,"player_choice":"Ignored","damage_taken":0,"max_hp_gain":0,"max_hp_loss":0,"event_name":"Mysterious Sphere","floor":36,"gold_loss":0},{"cards_removed":["Buffer"],"damage_healed":0,"gold_gain":0,"player_choice":"Removed Power","damage_taken":0,"max_hp_gain":0,"max_hp_loss":0,"event_name":"Falling","floor":37,"gold_loss":0},{"damage_healed":0,"gold_gain":0,"player_choice":"Fight","damage_taken":0,"max_hp_gain":0,"max_hp_loss":0,"event_name":"MindBloom","floor":39,"gold_loss":0},{"damage_healed":0,"gold_gain":0,"player_choice":"Max HP","damage_taken":0,"max_hp_gain":0,"max_hp_loss":4,"event_name":"Winding Halls","floor":41,"gold_loss":0},{"damage_healed":0,"gold_gain":0,"player_choice":"Ignored","damage_taken":0,"max_hp_gain":0,"max_hp_loss":0,"event_name":"Tomb of Lord Red Mask","floor":42,"gold_loss":0}],"is_beta":false,"boss_relics":[{"not_picked":["Runic Pyramid","Philosopher\u0027s Stone"],"picked":"Nuclear Battery"},{"not_picked":["White Beast Statue","Velvet Choker"],"picked":"Tiny House"}],"items_purged_floors":[20,46],"is_endless":false,"potions_floor_spawned":[3,18,25,28,29,35,38,48],"killed_by":"Awakened One","ascension_level":15}