{"gold_per_floor":[110,127,142,155,169,169,185,204,204,279,293,350,385,398,398,496,496,496,44,0,0,0,0,0,0,0,0,0,0,0,0],"floor_reached":31,"playtime":10291,"items_purged":[],"score":317,"play_id":"3b9ed530-e153-4c50-97da-4c73dea1080a","local_time":"20190416233245","is_ascension_mode":true,"campfire_choices":[{"data":"Zap","floor":6,"key":"SMITH"},{"data":"White Noise","floor":15,"key":"SMITH"},{"data":"Defragment","floor":24,"key":"SMITH"},{"data":"Defragment","floor":27,"key":"SMITH"}],"neow_cost":"CURSE","seed_source_timestamp":599141803059400,"circlet_count":0,"master_deck":["Strike_B","Strike_B","Defend_B","Defend_B","Defend_B","Defend_B","Zap+1","Dualcast","Parasite","Self Repair","Coolheaded","Undo","Ball Lightning+1","Rebound+1","Gash","White Noise+1","Ball Lightning","Defragment+1","Coolheaded","Multi-Cast","Stack","Glacier+1","Defragment+1","Hologram+1","Fission+1","Coolheaded+1","Meteor Strike","Reinforced Body+1"],"relics":["Cracked Core","Ice Cream","Whetstone","Pear","Ectoplasm","Runic Capacitor","Toxic Egg 2","Blue Candle","Bag of Marbles"],"potions_floor_usage":[4,13,13,13,23,31],"damage_taken":[{"damage":3,"enemies":"2 Louse","floor":1,"turns":3},{"damage":19,"enemies":"Small Slimes","floor":2,"turns":4},{"damage":9,"enemies":"Jaw Worm","floor":3,"turns":4},{"damage":5,"enemies":"Large Slime","floor":4,"turns":4},{"damage":21,"enemies":"Lots of Slimes","floor":5,"turns":4},{"damage":8,"enemies":"Exordium Thugs","floor":7,"turns":4},{"damage":4,"enemies":"2 Fungi Beasts","floor":8,"turns":3},{"damage":7,"enemies":"3 Louse","floor":11,"turns":5},{"damage":0,"enemies":"3 Sentries","floor":13,"turns":5},{"damage":6,"enemies":"Exordium Wildlife","floor":14,"turns":4},{"damage":25,"enemies":"The Guardian","floor":16,"turns":10},{"damage":6,"enemies":"Spheric Guardian","floor":18,"turns":3},{"damage":30,"enemies":"2 Thieves","floor":20,"turns":4},{"damage":23,"enemies":"Snecko","floor":21,"turns":6},{"damage":29,"enemies":"Snake Plant","floor":22,"turns":5},{"damage":6,"enemies":"Book of Stabbing","floor":23,"turns":7},{"damage":3,"enemies":"Cultist and Chosen","floor":28,"turns":4},{"damage":31,"enemies":"Gremlin Leader","floor":31,"turns":2}],"seed_played":"-1595130776417041787","potions_obtained":[{"floor":1,"key":"AttackPotion"},{"floor":2,"key":"Fire Potion"},{"floor":7,"key":"EssenceOfSteel"},{"floor":11,"key":"Fire Potion"},{"floor":14,"key":"Ancient Potion"},{"floor":16,"key":"Energy Potion"},{"floor":18,"key":"FearPotion"}],"is_trial":false,"path_per_floor":["M","M","M","M","M","R","M","M","T","?","M","?","E","M","R","B",null,"M","$","M","M","M","E","R","?","T","R","M","?","?","E"],"character_chosen":"DEFECT","items_purchased":["Runic Capacitor","Toxic Egg 2"],"campfire_rested":0,"item_purchase_floors":[19,19],"current_hp_per_floor":[72,60,58,60,46,46,45,41,41,30,30,30,40,41,41,23,85,79,79,56,40,18,19,19,19,19,19,23,23,23,0],"gold":0,"neow_bonus":"ONE_RARE_RELIC","is_prod":false,"is_daily":false,"chose_seed":false,"campfire_upgraded":4,"win_rate":0,"timestamp":1555450365,"path_taken":["M","M","M","M","M","R","M","M","T","?","M","?","E","M","R","BOSS","M","$","M","M","M","E","R","?","T","R","M","?","?","E"],"build_version":"2019-01-23","purchased_purges":0,"victory":false,"max_hp_per_floor":[75,75,75,75,75,75,75,75,75,75,75,75,85,85,85,85,85,85,85,85,85,85,85,85,85,85,85,85,85,85,85],"card_choices":[{"not_picked":["Go for the Eyes","Rebound"],"picked":"Self Repair","floor":1},{"not_picked":["Steam","Steam Power"],"picked":"Coolheaded","floor":2},{"not_picked":["Rebound","Aggregate"],"picked":"Undo","floor":3},{"not_picked":["Steam Power","Compile Driver"],"picked":"Ball Lightning","floor":4},{"not_picked":["Consume","BootSequence"],"picked":"Rebound","floor":5},{"not_picked":["Barrage","Biased Cognition"],"picked":"Gash","floor":7},{"not_picked":["Stack","Hello World"],"picked":"White Noise","floor":8},{"not_picked":["Chaos","Reinforced Body"],"picked":"Ball Lightning","floor":11},{"not_picked":["Aggregate","Melter"],"picked":"Defragment","floor":13},{"not_picked":["Beam Cell","Heatsinks"],"picked":"Coolheaded","floor":14},{"not_picked":["Thunder Strike","Hyperbeam"],"picked":"Multi-Cast","floor":16},{"not_picked":["BootSequence","Recycle"],"picked":"Stack","floor":18},{"not_picked":["Stack+1","Sweeping Beam"],"picked":"Glacier+1","floor":20},{"not_picked":["Glacier+1","Leap+1"],"picked":"Defragment","floor":21},{"not_picked":["Coolheaded+1","Darkness+1"],"picked":"Hologram+1","floor":22},{"not_picked":["Chill+1","Gash"],"picked":"Fission+1","floor":23},{"not_picked":["Sweeping Beam+1","Ball Lightning+1"],"picked":"Coolheaded+1","floor":28}],"player_experience":520291,"relics_obtained":[{"floor":9,"key":"Whetstone"},{"floor":13,"key":"Pear"},{"floor":23,"key":"Blue Candle"}],"event_choices":[{"damage_healed":0,"gold_gain":75,"player_choice":"Gather Gold","damage_taken":11,"max_hp_gain":0,"max_hp_loss":0,"event_name":"World of Goop","floor":10,"gold_loss":0},{"damage_healed":0,"gold_gain":57,"player_choice":"Gained Gold","damage_taken":0,"max_hp_gain":0,"max_hp_loss":0,"event_name":"Golden Wing","floor":12,"gold_loss":0},{"damage_healed":0,"gold_gain":99,"player_choice":"Stole From Cult","damage_taken":0,"max_hp_gain":0,"max_hp_loss":0,"event_name":"Nest","floor":25,"gold_loss":0},{"damage_healed":0,"gold_gain":0,"cards_transformed":["Strike_B","Strike_B"],"player_choice":"Became Test Subject","damage_taken":0,"max_hp_gain":0,"max_hp_loss":0,"event_name":"Drug Dealer","floor":29,"gold_loss":0,"cards_obtained":["Meteor Strike","Reinforced Body"]},{"damage_healed":0,"gold_gain":0,"player_choice":"Opened","damage_taken":0,"relics_obtained":["Bag of Marbles"],"max_hp_gain":0,"max_hp_loss":0,"event_name":"The Mausoleum","floor":30,"gold_loss":0}],"is_beta":false,"boss_relics":[{"not_picked":["Tiny House","Orrery"],"picked":"Ectoplasm"}],"items_purged_floors":[],"is_endless":false,"potions_floor_spawned":[1,2,7,11,14,16,18],"killed_by":"Gremlin Leader","ascension_level":2}