{"gold_per_floor":[17,17,37,37,2,2,17,48,48,48,68,103,120,147,147,220,220,209,61,161,15,34,34,68,82,82,82,82,102,102,118,118,190,190,209,309,329,329,346,346,377,377,377,412,428,428,79,114,114,114],"floor_reached":51,"playtime":2986,"items_purged":["Pain","Writhe"],"score":1404,"play_id":"e2cf3fc8-b245-44ec-9eef-18a8d4e6fbfa","local_time":"20190411125144","is_ascension_mode":true,"campfire_choices":[{"data":"Bash","floor":6,"key":"SMITH"},{"data":"Feed","floor":10,"key":"SMITH"},{"floor":15,"key":"REST"},{"data":"Shockwave","floor":23,"key":"SMITH"},{"floor":28,"key":"REST"},{"data":"Normality","floor":32,"key":"PURGE"},{"floor":40,"key":"DIG"},{"floor":46,"key":"REST"},{"floor":49,"key":"REST"}],"neow_cost":"NO_GOLD","seed_source_timestamp":46645496241070,"circlet_count":0,"master_deck":["AscendersBane","Strike_R","Strike_R","Strike_R","Strike_R","Strike_R","Defend_R","Defend_R","Defend_R","Defend_R","Bash+1","Feed+1","Flame Barrier+1","Ghostly Armor","Iron Wave","Infernal Blade","Clothesline","Shrug It Off","Corruption","Combust","Immolate","Injury","Pommel Strike","Cleave+1","Offering","Intimidate","Reaper","Feel No Pain+1","Shockwave+1","Havoc+1","Feel No Pain+1","Havoc","Demon Form+1","Armaments","Pain","Shrug It Off","True Grit","Offering","Shrug It Off+1","True Grit","Feed","Intimidate","Feel No Pain+1","Mayhem+1","Apotheosis","Dramatic Entrance","Flame Barrier+1","Spot Weakness","Panache+1","Shockwave","Impervious"],"relics":["Burning Blood","Ginger","Pantograph","Orichalcum","Bronze Scales","Calling Bell","Oddly Smooth Stone","Shuriken","Prayer Wheel","Turnip","Frozen Egg 2","Peace Pipe","Self Forming Clay","Darkstone Periapt","WarpedTongs","Black Star","Shovel","Dream Catcher","Mercury Hourglass","Strawberry","Singing Bowl","Ancient Tea Set","Lantern","Happy Flower","Unceasing Top"],"potions_floor_usage":[14,14,20,25,33,41,50],"damage_taken":[{"damage":10,"enemies":"Small Slimes","floor":1,"turns":4},{"damage":8,"enemies":"Jaw Worm","floor":3,"turns":5},{"damage":1,"enemies":"2 Louse","floor":7,"turns":5},{"damage":25,"enemies":"3 Sentries","floor":8,"turns":12},{"damage":12,"enemies":"Red Slaver","floor":11,"turns":4},{"damage":31,"enemies":"Gremlin Nob","floor":12,"turns":5},{"damage":2,"enemies":"2 Fungi Beasts","floor":13,"turns":4},{"damage":24,"enemies":"3 Sentries","floor":14,"turns":10},{"damage":47,"enemies":"The Guardian","floor":16,"turns":10},{"damage":10,"enemies":"2 Thieves","floor":18,"turns":4},{"damage":17,"enemies":"Colosseum Slavers","floor":20,"turns":3},{"damage":10,"enemies":"Colosseum Nobs","floor":20,"turns":3},{"damage":6,"enemies":"3 Byrds","floor":22,"turns":4},{"damage":41,"enemies":"Book of Stabbing","floor":24,"turns":6},{"damage":24,"enemies":"Centurion and Healer","floor":25,"turns":8},{"damage":16,"enemies":"Snecko","floor":29,"turns":6},{"damage":17,"enemies":"Snake Plant","floor":31,"turns":4},{"damage":19,"enemies":"Champ","floor":33,"turns":8},{"damage":14,"enemies":"Orb Walker","floor":35,"turns":6},{"damage":31,"enemies":"Mind Bloom Boss Battle","floor":36,"turns":7},{"damage":51,"enemies":"3 Darklings","floor":37,"turns":10},{"damage":15,"enemies":"Jaw Worm Horde","floor":39,"turns":4},{"damage":38,"enemies":"Nemesis","floor":41,"turns":13},{"damage":32,"enemies":"Reptomancer","floor":44,"turns":8},{"damage":19,"enemies":"Sphere and 2 Shapes","floor":45,"turns":9},{"damage":31,"enemies":"Nemesis","floor":48,"turns":9},{"damage":59,"enemies":"Awakened One","floor":50,"turns":12}],"seed_played":"-6985664196008761461","potions_obtained":[{"floor":1,"key":"Regen Potion"},{"floor":7,"key":"Weak Potion"},{"floor":18,"key":"Swift Potion"},{"floor":22,"key":"FearPotion"},{"floor":25,"key":"GamblersBrew"},{"floor":29,"key":"Fire Potion"},{"floor":33,"key":"LiquidBronze"},{"floor":36,"key":"EntropicBrew"},{"floor":39,"key":"SkillPotion"},{"floor":44,"key":"Swift Potion"}],"is_trial":false,"path_per_floor":["M","?","M","?","?","R","M","E","T","R","M","E","M","E","R","B",null,"M","$","?","$","M","R","E","M","T","T","R","M","?","M","R","B",null,"M","?","M","?","M","R","E","?","T","E","M","R","$","E","R","B",null],"character_chosen":"IRONCLAD","items_purchased":["Offering","Reaper","Panache+1","Shockwave"],"campfire_rested":4,"item_purchase_floors":[19,21,47,47],"current_hp_per_floor":[67,67,68,56,76,76,84,68,68,68,66,41,49,50,79,58,89,85,85,74,74,80,80,45,39,39,39,69,63,69,58,58,70,99,101,100,55,89,111,111,86,76,76,54,51,91,91,66,108,106],"gold":114,"neow_bonus":"THREE_RARE_CARDS","is_prod":false,"is_daily":false,"chose_seed":false,"campfire_upgraded":3,"win_rate":0,"timestamp":1555012304,"path_taken":["M","?","M","?","?","R","?","E","T","R","M","E","M","E","R","BOSS","M","$","?","$","M","R","E","M","T","?","R","M","?","M","R","BOSS","M","?","M","?","M","R","E","?","T","E","M","R","$","E","R","BOSS"],"build_version":"2019-01-23","purchased_purges":2,"victory":true,"max_hp_per_floor":[78,78,81,81,81,81,84,87,87,87,91,91,95,99,99,99,99,99,99,103,103,103,103,103,103,103,103,103,103,109,109,109,109,109,113,113,113,119,119,119,126,126,126,126,134,134,134,134,136,136],"card_choices":[{"not_picked":["Juggernaut","Double Tap"],"picked":"Feed","floor":0},{"not_picked":["Burning Pact","Power Through"],"picked":"Flame Barrier","floor":1},{"not_picked":["Burning Pact","Flex"],"picked":"Ghostly Armor","floor":3},{"not_picked":["Body Slam","Fire Breathing"],"picked":"Iron Wave","floor":7},{"not_picked":["Sword Boomerang","Flex"],"picked":"Infernal Blade","floor":8},{"not_picked":["Heavy Blade","Thunderclap"],"picked":"Clothesline","floor":11},{"not_picked":["Clash","Armaments"],"picked":"Shrug It Off","floor":12},{"not_picked":["Power Through","Cleave"],"picked":"Corruption","floor":13},{"not_picked":["Cleave","Anger"],"picked":"Combust","floor":14},{"not_picked":["Bludgeon","Barricade"],"picked":"Immolate","floor":16},{"not_picked":["Wild Strike","Perfected Strike"],"picked":"Pommel Strike","floor":18},{"not_picked":["Havoc","Perfected Strike"],"picked":"Cleave+1","floor":18},{"not_picked":["Perfected Strike","Clash"],"picked":"Intimidate","floor":20},{"not_picked":["Sword Boomerang","Clothesline"],"picked":"Feel No Pain+1","floor":22},{"not_picked":["Second Wind+1","True Grit+1"],"picked":"Shockwave","floor":22},{"not_picked":["Warcry","Searing Blow"],"picked":"Havoc+1","floor":24},{"not_picked":["Dual Wield","Flex"],"picked":"Feel No Pain+1","floor":25},{"not_picked":["Body Slam","Anger"],"picked":"Havoc","floor":25},{"not_picked":["Wild Strike+1","Hemokinesis"],"picked":"Demon Form+1","floor":29},{"not_picked":["Warcry","Entrench"],"picked":"Armaments","floor":29},{"not_picked":["Clash","Power Through"],"picked":"Shrug It Off","floor":31},{"not_picked":["Clothesline","Sever Soul+1"],"picked":"True Grit","floor":31},{"not_picked":["Reaper","Demon Form+1"],"picked":"Offering","floor":33},{"not_picked":["Body Slam+1","Iron Wave"],"picked":"Shrug It Off+1","floor":35},{"not_picked":["Cleave","Pommel Strike","Armaments"],"picked":"SKIP","floor":35},{"not_picked":["Twin Strike","Flex"],"picked":"True Grit","floor":36},{"not_picked":["Iron Wave","Flex"],"picked":"Feed","floor":37},{"not_picked":["True Grit","Iron Wave"],"picked":"Intimidate","floor":37},{"not_picked":["Rage","Intimidate+1"],"picked":"Feel No Pain+1","floor":39},{"not_picked":["Shrug It Off","Pommel Strike+1","Sever Soul"],"picked":"SKIP","floor":39},{"not_picked":["Shrug It Off","Fire Breathing+1","Entrench+1"],"picked":"SKIP","floor":41},{"not_picked":["Violence","Chrysalis"],"picked":"Mayhem+1","floor":42},{"not_picked":["Trip","Violence"],"picked":"Apotheosis","floor":42},{"not_picked":["Trip","The Bomb"],"picked":"Dramatic Entrance","floor":42},{"not_picked":["Iron Wave+1","Entrench"],"picked":"Flame Barrier+1","floor":44},{"not_picked":["Body Slam+1","Headbutt","Warcry"],"picked":"Singing Bowl","floor":45},{"not_picked":["Thunderclap","Warcry","Cleave+1"],"picked":"Singing Bowl","floor":45},{"not_picked":["Inflame+1","Armaments"],"picked":"Spot Weakness","floor":46},{"not_picked":["Flame Barrier","Twin Strike"],"picked":"Impervious","floor":48},{"not_picked":["Dual Wield+1","Sword Boomerang","Armaments+1"],"picked":"Singing Bowl","floor":49}],"player_experience":415264,"relics_obtained":[{"floor":8,"key":"Ginger"},{"floor":9,"key":"Pantograph"},{"floor":12,"key":"Orichalcum"},{"floor":14,"key":"Bronze Scales"},{"floor":17,"key":"Oddly Smooth Stone"},{"floor":17,"key":"Shuriken"},{"floor":17,"key":"Prayer Wheel"},{"floor":20,"key":"Turnip"},{"floor":20,"key":"Frozen Egg 2"},{"floor":24,"key":"Peace Pipe"},{"floor":26,"key":"Self Forming Clay"},{"floor":27,"key":"Darkstone Periapt"},{"floor":36,"key":"Shovel"},{"floor":40,"key":"Dream Catcher"},{"floor":41,"key":"Mercury Hourglass"},{"floor":41,"key":"Strawberry"},{"floor":43,"key":"Singing Bowl"},{"floor":44,"key":"Ancient Tea Set"},{"floor":44,"key":"Lantern"},{"floor":48,"key":"Happy Flower"},{"floor":48,"key":"Unceasing Top"}],"event_choices":[{"damage_healed":0,"gold_gain":0,"player_choice":"Grow","damage_taken":0,"max_hp_gain":0,"max_hp_loss":0,"event_name":"Living Wall","floor":2,"gold_loss":0,"cards_upgraded":["Flame Barrier"]},{"damage_healed":0,"gold_gain":0,"player_choice":"Fled","damage_taken":12,"max_hp_gain":0,"max_hp_loss":0,"event_name":"Scrap Ooze","floor":4,"gold_loss":0},{"damage_healed":20,"gold_gain":0,"player_choice":"Healed","damage_taken":0,"max_hp_gain":0,"max_hp_loss":0,"event_name":"The Cleric","floor":5,"gold_loss":35},{"damage_healed":0,"gold_gain":0,"player_choice":"Fight","damage_taken":0,"max_hp_gain":0,"max_hp_loss":0,"event_name":"Colosseum","floor":20,"gold_loss":0},{"damage_healed":0,"gold_gain":0,"player_choice":"Fought Nobs","damage_taken":0,"max_hp_gain":0,"max_hp_loss":0,"event_name":"Colosseum","floor":20,"gold_loss":0},{"damage_healed":0,"gold_gain":0,"player_choice":"Rummage","damage_taken":0,"relics_obtained":["WarpedTongs"],"max_hp_gain":0,"max_hp_loss":0,"event_name":"Accursed Blacksmith","floor":30,"gold_loss":0,"cards_obtained":["Pain"]},{"damage_healed":0,"gold_gain":0,"player_choice":"Fight","damage_taken":0,"max_hp_gain":0,"max_hp_loss":0,"event_name":"MindBloom","floor":36,"gold_loss":0},{"damage_healed":28,"gold_gain":0,"player_choice":"Writhe","damage_taken":0,"max_hp_gain":0,"max_hp_loss":0,"event_name":"Winding Halls","floor":38,"gold_loss":0,"cards_obtained":["Writhe"]},{"damage_healed":0,"gold_gain":0,"player_choice":"Memory 3","damage_taken":10,"max_hp_gain":0,"max_hp_loss":0,"event_name":"SensoryStone","floor":42,"gold_loss":0}],"is_beta":false,"boss_relics":[{"not_picked":["Coffee Dripper","Philosopher\u0027s Stone"],"picked":"Calling Bell"},{"not_picked":["Mark of Pain","Tiny House"],"picked":"Black Star"}],"items_purged_floors":[19,47],"is_endless":false,"potions_floor_spawned":[1,7,12,18,22,25,29,33,36,39,44,48],"ascension_level":14}