{"gold_per_floor":[110,81,94,94,19,19,34,34,34,34,34,34,104,116,128,239,251,247,284,22,38,38,38,79,29,29,54,87,87,87],"floor_reached":30,"playtime":1004,"items_purged":["Strike_G"],"score":508,"play_id":"e1fdd234-882c-420e-bbd2-7de0d116b8b7","local_time":"20190429170454","is_ascension_mode":true,"campfire_choices":[{"data":"Noxious Fumes","floor":6,"key":"SMITH"},{"data":"Dagger Spray","floor":10,"key":"SMITH"},{"data":"Terror","floor":12,"key":"SMITH"},{"data":"Neutralize","floor":15,"key":"SMITH"},{"data":"Apotheosis","floor":23,"key":"SMITH"},{"floor":29,"key":"REST"}],"neow_cost":"NONE","seed_source_timestamp":3179010649690748,"circlet_count":0,"master_deck":["AscendersBane","Defend_G","Defend_G","Defend_G+1","Defend_G","Defend_G","Strike_G+1","Strike_G+1","Survivor","Neutralize+1","Bullet Time","Terror+1","Dagger Spray+1","Noxious Fumes+1","Deadly Poison","PiercingWail","Tools of the Trade","Well Laid Plans","Acrobatics","Footwork","Apotheosis+1","Blur","Deflect","Backflip"],"special_seed":0,"relics":["Ring of the Snake","Golden Idol","Pantograph","MawBank","WristBlade","Snake Skull","Gambling Chip","Whetstone"],"potions_floor_usage":[13,16,19,24,24,24,24,28],"damage_taken":[{"damage":0,"enemies":"Small Slimes","floor":1,"turns":3},{"damage":1,"enemies":"2 Louse","floor":3,"turns":4},{"damage":0,"enemies":"Jaw Worm","floor":7,"turns":3},{"damage":6,"enemies":"Gremlin Nob","floor":13,"turns":4},{"damage":12,"enemies":"Hexaghost","floor":16,"turns":9},{"damage":11,"enemies":"2 Thieves","floor":18,"turns":4},{"damage":22,"enemies":"Chosen","floor":19,"turns":5},{"damage":0,"enemies":"Snecko","floor":21,"turns":6},{"damage":12,"enemies":"Slavers","floor":24,"turns":7},{"damage":19,"enemies":"Centurion and Healer","floor":27,"turns":6},{"damage":5,"enemies":"Book of Stabbing","floor":28,"turns":7},{"damage":23,"enemies":"Cultist and Chosen","floor":30,"turns":4}],"seed_played":"8984067134968025447","potions_obtained":[{"floor":1,"key":"SkillPotion"},{"floor":3,"key":"GhostInAJar"},{"floor":13,"key":"Poison Potion"},{"floor":19,"key":"EssenceOfSteel"},{"floor":21,"key":"EntropicBrew"},{"floor":24,"key":"Dexterity Potion"}],"is_trial":false,"path_per_floor":["M","$","M","?","$","R","M","?","T","R","?","R","?","?","R","B",null,"M","M","$","M","?","R","E","?","T","M","E","R","M"],"character_chosen":"THE_SILENT","items_purchased":["Dagger Spray","Footwork","Apotheosis"],"campfire_rested":1,"item_purchase_floors":[2,20,20],"current_hp_per_floor":[59,59,58,38,38,38,38,38,38,38,38,38,32,25,25,38,55,44,22,22,22,22,22,25,25,25,6,1,19,0],"gold":87,"neow_bonus":"ONE_RANDOM_RARE_CARD","is_prod":false,"is_daily":false,"chose_seed":false,"campfire_upgraded":5,"win_rate":0,"timestamp":1556553894,"path_taken":["M","$","M","?","$","R","M","?","T","R","?","R","?","?","R","BOSS","M","M","$","M","?","R","E","?","T","?","E","R","M"],"build_version":"2019-01-23","purchased_purges":1,"victory":false,"max_hp_per_floor":[66,66,66,66,66,66,66,60,60,60,60,60,60,60,60,60,60,60,60,60,60,60,60,60,60,60,60,60,60,60],"card_choices":[{"not_picked":["Finisher","Bane"],"picked":"Terror","floor":1},{"not_picked":["Dodge and Roll","Well Laid Plans"],"picked":"Noxious Fumes","floor":3},{"not_picked":["Blade Dance","Flying Knee"],"picked":"Deadly Poison","floor":7},{"not_picked":["Acrobatics","Cloak And Dagger"],"picked":"PiercingWail","floor":13},{"not_picked":["Grand Finale","Storm of Steel"],"picked":"Tools of the Trade","floor":16},{"not_picked":["Outmaneuver","Deadly Poison"],"picked":"Well Laid Plans","floor":18},{"not_picked":["PiercingWail+1","Skewer"],"picked":"Acrobatics","floor":19},{"not_picked":["Dodge and Roll","Bouncing Flask"],"picked":"Blur","floor":21},{"not_picked":["Cloak And Dagger","Heel Hook","Doppelganger"],"picked":"SKIP","floor":24},{"not_picked":["Dagger Spray","Tactician"],"picked":"Deflect","floor":27},{"not_picked":["Slice","Cloak And Dagger+1"],"picked":"Backflip","floor":28}],"player_experience":257914,"relics_obtained":[{"floor":9,"key":"Pantograph"},{"floor":13,"key":"MawBank"},{"floor":24,"key":"Snake Skull"},{"floor":26,"key":"Gambling Chip"},{"floor":28,"key":"Whetstone"}],"event_choices":[{"damage_healed":0,"gold_gain":0,"player_choice":"Entered Light","damage_taken":20,"max_hp_gain":0,"max_hp_loss":0,"event_name":"Shining Light","floor":4,"gold_loss":0,"cards_upgraded":["Defend_G","Strike_G"]},{"damage_healed":0,"gold_gain":0,"player_choice":"Lose Max HP","damage_taken":0,"relics_obtained":["Golden Idol"],"max_hp_gain":0,"max_hp_loss":6,"event_name":"Golden Idol","floor":8,"gold_loss":0},{"damage_healed":0,"gold_gain":0,"player_choice":"Ignored","damage_taken":0,"max_hp_gain":0,"max_hp_loss":0,"event_name":"Liars Game","floor":11,"gold_loss":0},{"damage_healed":0,"gold_gain":0,"player_choice":"Searched \u00271\u0027 times","damage_taken":0,"max_hp_gain":0,"max_hp_loss":0,"event_name":"Dead Adventurer","floor":13,"gold_loss":0},{"cards_removed":["Strike_G"],"damage_healed":0,"gold_gain":0,"player_choice":"Card Removal","damage_taken":7,"max_hp_gain":0,"max_hp_loss":0,"event_name":"Golden Wing","floor":14,"gold_loss":0},{"cards_removed":["Strike_G"],"damage_healed":0,"gold_gain":0,"player_choice":"Elegance","damage_taken":0,"max_hp_gain":0,"max_hp_loss":0,"event_name":"Back to Basics","floor":22,"gold_loss":0},{"damage_healed":0,"gold_gain":0,"player_choice":"Bet on Murderer","damage_taken":0,"max_hp_gain":0,"max_hp_loss":0,"event_name":"The Joust","floor":25,"gold_loss":50}],"is_beta":false,"boss_relics":[{"not_picked":["Runic Dome","Black Star"],"picked":"WristBlade"}],"items_purged_floors":[5],"is_endless":false,"potions_floor_spawned":[1,3,13,19,21,24],"killed_by":"Cultist and Chosen","ascension_level":20}