{"gold_per_floor":[366,541,551,567,579,579,592,609,609,408,435,454,454,467,467,570,570,586,606,506,416,202,230,230,257,257,257,272,272,291,291,291,291],"floor_reached":33,"playtime":2245,"items_purged":["Doubt","Beam Cell","Hologram"],"score":424,"play_id":"fb8579a6-a8ec-45b3-b457-456aa6fac50a","local_time":"20190418223508","is_ascension_mode":true,"campfire_choices":[{"data":"Sunder","floor":6.0,"key":"SMITH"},{"floor":13.0,"key":"REST"},{"data":"Hologram","floor":15.0,"key":"SMITH"},{"floor":24,"key":"REST"},{"floor":27,"key":"REST"},{"data":"Fission","floor":29,"key":"SMITH"},{"floor":32,"key":"REST"}],"neow_cost":"TEN_PERCENT_HP_LOSS","seed_source_timestamp":0,"circlet_count":0,"master_deck":["Zap","Dualcast","Sunder+1","Hologram+1","Ball Lightning","Auto Shields+1","Chill","Capacitor","Cold Snap","Melter","Thunder Strike","Beam Cell","Rebound","Streamline","Rip and Tear","Fission+1","Capacitor","Glacier+1","Turbo+1","Flash of Steel","Skim","FTL+1"],"special_seed":0,"relics":["Cracked Core","Vajra","Incense Burner","Pandora\u0027s Box","Anchor","Pear","Bag of Marbles"],"potions_floor_usage":[19,23,33],"damage_taken":[{"damage":3.0,"enemies":"2 Louse","floor":1.0,"turns":3.0},{"damage":13.0,"enemies":"Jaw Worm","floor":3.0,"turns":4.0},{"damage":1.0,"enemies":"Cultist","floor":4.0,"turns":3.0},{"damage":6.0,"enemies":"3 Louse","floor":5.0,"turns":3.0},{"damage":9.0,"enemies":"Lots of Slimes","floor":7.0,"turns":3.0},{"damage":4.0,"enemies":"Exordium Thugs","floor":8.0,"turns":3.0},{"damage":0.0,"enemies":"Lagavulin","floor":11.0,"turns":6.0},{"damage":12.0,"enemies":"Red Slaver","floor":12.0,"turns":3.0},{"damage":0.0,"enemies":"Blue Slaver","floor":14.0,"turns":2.0},{"damage":9.0,"enemies":"The Guardian","floor":16.0,"turns":9.0},{"damage":33,"enemies":"Shell Parasite","floor":18,"turns":3},{"damage":0,"enemies":"Chosen","floor":19,"turns":3},{"damage":8,"enemies":"Gremlin Leader","floor":23,"turns":6},{"damage":36,"enemies":"Book of Stabbing","floor":25,"turns":6},{"damage":0,"enemies":"Snake Plant","floor":28,"turns":1},{"damage":4,"enemies":"Centurion and Healer","floor":30,"turns":4},{"damage":63,"enemies":"Automaton","floor":33,"turns":12}],"seed_played":"-6042372672264040157","potions_obtained":[{"floor":1.0,"key":"Dexterity Potion"},{"floor":3.0,"key":"EntropicBrew"},{"floor":8.0,"key":"Weak Potion"},{"floor":11.0,"key":"FocusPotion"},{"floor":12.0,"key":"Weak Potion"},{"floor":14.0,"key":"Regen Potion"},{"floor":18,"key":"SkillPotion"},{"floor":30,"key":"Ancient Potion"}],"is_trial":false,"path_per_floor":["M","?","M","M","M","R","M","M","T","$","E","M","R","M","R","B",null,"M","M","$","?","$","E","R","E","T","R","M","R","M","?","R","B"],"character_chosen":"DEFECT","items_purchased":["Block Potion","Lockon","Flash of Steel"],"campfire_rested":4,"item_purchase_floors":[10,10,22],"current_hp_per_floor":[65,65,52,51,45,45,36,32,32,32,32,20,40,40,40,31,59,26,31,31,31,31,23,43,17,17,40,40,40,36,36,59,0],"gold":291,"neow_bonus":"TWO_FIFTY_GOLD","is_prod":false,"is_daily":false,"chose_seed":false,"campfire_upgraded":3,"win_rate":0,"timestamp":1555594508,"path_taken":["M","?","M","M","M","R","M","M","T","$","E","M","R","M","R","BOSS","M","M","$","?","$","E","R","E","T","R","M","R","?","?","R","BOSS"],"build_version":"2019-01-23","purchased_purges":3,"victory":false,"max_hp_per_floor":[68,68,68,68,68,68,68,68,68,68,68,68,68,68,68,68,68,68,68,68,68,68,68,68,78,78,78,78,78,78,78,78,78],"card_choices":[{"not_picked":["Consume","BootSequence"],"picked":"Sunder","floor":1.0},{"not_picked":["Sweeping Beam","Stack"],"picked":"Hologram","floor":3.0},{"not_picked":["Conserve Battery","Loop"],"picked":"Ball Lightning","floor":4.0},{"not_picked":["Stack","Turbo","Hologram"],"picked":"SKIP","floor":5.0},{"not_picked":["Cold Snap","Coolheaded"],"picked":"Auto Shields","floor":7.0},{"not_picked":["Leap","Stack"],"picked":"Chill","floor":8.0},{"not_picked":["Undo","Gash"],"picked":"Capacitor","floor":11.0},{"not_picked":["Leap","Hologram"],"picked":"Cold Snap","floor":12.0},{"not_picked":["Tempest","Turbo"],"picked":"Melter","floor":14.0},{"not_picked":["Fission","Machine Learning"],"picked":"Thunder Strike","floor":16.0},{"not_picked":["Turbo","Leap"],"picked":"Glacier+1","floor":18},{"not_picked":["Cold Snap","Hologram"],"picked":"Turbo+1","floor":19},{"not_picked":["Multi-Cast","Aggregate+1","Capacitor+1"],"picked":"SKIP","floor":23},{"not_picked":["Gash","Core Surge"],"picked":"Skim","floor":25},{"not_picked":["Conserve Battery","Redo"],"picked":"FTL+1","floor":28},{"not_picked":["Coolheaded","Rebound","Cold Snap+1"],"picked":"SKIP","floor":30}],"player_experience":356860,"relics_obtained":[{"floor":9.0,"key":"Vajra"},{"floor":11.0,"key":"Incense Burner"},{"floor":23,"key":"Anchor"},{"floor":25,"key":"Pear"},{"floor":26,"key":"Bag of Marbles"}],"event_choices":[{"damage_healed":0.0,"max_hp_gain":0.0,"max_hp_loss":0.0,"gold_gain":175.0,"event_name":"Liars Game","player_choice":"AGREE","floor":2.0,"gold_loss":0.0,"damage_taken":0.0,"cards_obtained":["Doubt"]},{"cards_removed":["Lockon"],"damage_healed":0,"gold_gain":0,"player_choice":"Upgrade and Remove","damage_taken":0,"max_hp_gain":0,"max_hp_loss":0,"event_name":"Designer","floor":21,"gold_loss":90,"cards_upgraded":["Auto Shields"]},{"damage_healed":0,"gold_gain":0,"player_choice":"0 cards matched","damage_taken":0,"max_hp_gain":0,"max_hp_loss":0,"event_name":"Match and Keep!","floor":31,"gold_loss":0,"cards_obtained":[]}],"is_beta":false,"boss_relics":[{"not_picked":["Velvet Choker","Busted Crown"],"picked":"Pandora\u0027s Box"}],"items_purged_floors":[10,20,22],"is_endless":false,"potions_floor_spawned":[1,3,8,11,12,14,18,30],"killed_by":"Automaton","ascension_level":7}