{"gold_per_floor":[115,125,136,136,60,60,93,106,106,121,133,167,167,14,14,134,134,158,173,211,211,229,229,229],"floor_reached":24,"playtime":743,"items_purged":["Strike_R"],"score":333,"play_id":"a333ae62-5179-4633-be22-695c0301a900","local_time":"20190420192459","is_ascension_mode":true,"campfire_choices":[{"data":"Inflame","floor":6.0,"key":"SMITH"},{"floor":15.0,"key":"REST"},{"floor":23,"key":"REST"}],"neow_cost":"NONE","seed_source_timestamp":0,"circlet_count":0,"master_deck":["AscendersBane","Strike_R","Strike_R","Strike_R","Strike_R","Defend_R","Defend_R","Defend_R","Defend_R","Bash+1","Inflame+1","Wild Strike","Inflame","Flame Barrier","Anger","Combust","Shrug It Off","Rupture","Shrug It Off","Sword Boomerang","Shrug It Off"],"special_seed":0,"relics":["Black Blood","NeowsBlessing","Mercury Hourglass","Matryoshka","Oddly Smooth Stone","Golden Idol","Red Mask"],"potions_floor_usage":[16,20,20,22],"damage_taken":[{"damage":0.0,"enemies":"Cultist","floor":1.0,"turns":1.0},{"damage":0.0,"enemies":"Small Slimes","floor":2.0,"turns":2.0},{"damage":0.0,"enemies":"Jaw Worm","floor":3.0,"turns":1.0},{"damage":21.0,"enemies":"Gremlin Nob","floor":7.0,"turns":4.0},{"damage":3.0,"enemies":"3 Louse","floor":8.0,"turns":2.0},{"damage":11.0,"enemies":"Looter","floor":10.0,"turns":2.0},{"damage":8.0,"enemies":"Exordium Thugs","floor":11.0,"turns":4.0},{"damage":20.0,"enemies":"3 Sentries","floor":12.0,"turns":3.0},{"damage":50,"enemies":"The Guardian","floor":16,"turns":13},{"damage":17,"enemies":"Shell Parasite","floor":18,"turns":6},{"damage":20,"enemies":"3 Byrds","floor":19,"turns":5},{"damage":51,"enemies":"Masked Bandits","floor":20,"turns":6},{"damage":16,"enemies":"Shelled Parasite and Fungi","floor":22,"turns":5},{"damage":44,"enemies":"Slavers","floor":24,"turns":3}],"seed_played":"7075732996746728057","potions_obtained":[{"floor":1.0,"key":"LiquidBronze"},{"floor":10.0,"key":"AttackPotion"},{"floor":11.0,"key":"FearPotion"},{"floor":12.0,"key":"Ancient Potion"},{"floor":19,"key":"Regen Potion"},{"floor":21,"key":"Block Potion"},{"floor":21,"key":"SpeedPotion"}],"is_trial":false,"path_per_floor":["M","M","M","?","$","R","E","M","T","M","M","E","?","$","R","B",null,"M","M","?","?","M","R","E"],"character_chosen":"IRONCLAD","items_purchased":["Inflame","Rupture"],"campfire_rested":2,"item_purchase_floors":[5,14],"current_hp_per_floor":[78,80,80,80,80,80,65,68,68,63,61,47,27,27,51,7,62,55,45,19,19,13,37,0],"gold":229,"neow_bonus":"THREE_ENEMY_KILL","is_prod":false,"is_daily":false,"chose_seed":false,"campfire_upgraded":1,"win_rate":0,"timestamp":1555813499,"path_taken":["M","M","?","?","$","R","E","M","T","M","M","E","?","$","R","BOSS","M","M","?","?","M","R","E"],"build_version":"2019-01-23","purchased_purges":1,"victory":false,"max_hp_per_floor":[80,80,80,80,80,80,80,80,80,80,80,80,80,80,80,80,80,80,80,80,80,80,80,80],"card_choices":[{"not_picked":["Metallicize","Ghostly Armor"],"picked":"Inflame","floor":1.0},{"not_picked":["Warcry","Rage"],"picked":"Wild Strike","floor":2.0},{"not_picked":["Blood for Blood","Body Slam","Twin Strike"],"picked":"SKIP","floor":3.0},{"not_picked":["Dropkick","Pummel"],"picked":"Flame Barrier","floor":7.0},{"not_picked":["Clash","Body Slam"],"picked":"Anger","floor":8.0},{"not_picked":["Pommel Strike","Blood for Blood","Burning Pact"],"picked":"SKIP","floor":10.0},{"not_picked":["Twin Strike","Warcry"],"picked":"Combust","floor":11.0},{"not_picked":["Armaments","Rupture"],"picked":"Shrug It Off","floor":12.0},{"not_picked":["Sever Soul+1","Bloodletting"],"picked":"Shrug It Off","floor":18},{"not_picked":["Cleave","Body Slam","Intimidate"],"picked":"SKIP","floor":19},{"not_picked":["Warcry","Anger"],"picked":"Sword Boomerang","floor":20},{"not_picked":["Infernal Blade","Clothesline"],"picked":"Shrug It Off","floor":22}],"player_experience":284551,"relics_obtained":[{"floor":7.0,"key":"Mercury Hourglass"},{"floor":9.0,"key":"Matryoshka"},{"floor":12.0,"key":"Oddly Smooth Stone"},{"floor":20,"key":"Red Mask"}],"event_choices":[{"damage_healed":0.0,"max_hp_gain":0.0,"max_hp_loss":0.0,"gold_gain":0.0,"event_name":"Living Wall","player_choice":"Grow","floor":4.0,"gold_loss":0.0,"damage_taken":0.0,"cards_upgraded":["Bash"]},{"damage_healed":0.0,"max_hp_gain":0.0,"max_hp_loss":0.0,"gold_gain":0.0,"event_name":"Golden Idol","player_choice":"Take Damage","floor":13.0,"gold_loss":0.0,"damage_taken":20.0,"relics_obtained":["Golden Idol"]},{"damage_healed":0,"gold_gain":0,"player_choice":"Fought Bandits","damage_taken":0,"max_hp_gain":0,"max_hp_loss":0,"event_name":"Masked Bandits","floor":20,"gold_loss":0},{"damage_healed":0,"gold_gain":0,"player_choice":"Got Potions","damage_taken":0,"max_hp_gain":0,"max_hp_loss":0,"event_name":"Lab","floor":21,"gold_loss":0}],"is_beta":false,"boss_relics":[{"not_picked":["Runic Dome","Lizard Tail"],"picked":"Black Blood"}],"items_purged_floors":[14],"is_endless":false,"potions_floor_spawned":[1,10,11,12,19],"killed_by":"Slavers","ascension_level":12}