{"gold_per_floor":[20,38,50,65,80,80,106,106,130,149,149,149,149,174,174,273,273,273,273,273,273,239,239,239,239,239,239,239,239,239,65,65,65,65,65,65,65,65,65,65,65,65,65,65,0,0,0,0,0,0],"floor_reached":51,"playtime":3002,"items_purged":[],"score":1112,"play_id":"8f3c8b5b-50b8-403f-9193-3e3f04111aa8","local_time":"20190506171000","is_ascension_mode":true,"campfire_choices":[{"data":"Biased Cognition","floor":6.0,"key":"SMITH"},{"data":"Coolheaded","floor":8.0,"key":"SMITH"},{"floor":11.0,"key":"REST"},{"data":"Glacier","floor":15.0,"key":"SMITH"},{"data":"Echo Form","floor":24.0,"key":"SMITH"},{"data":"Defragment","floor":27.0,"key":"SMITH"},{"data":"Apotheosis","floor":32.0,"key":"SMITH"},{"floor":41,"key":"REST"},{"floor":44,"key":"REST"},{"floor":49,"key":"REST"}],"neow_cost":"NO_GOLD","seed_source_timestamp":0,"circlet_count":0,"master_deck":["AscendersBane","Strike_B","Strike_B","Strike_B","Defend_B","Defend_B","Defend_B","Defend_B","Zap","Dualcast","Biased Cognition+1","Coolheaded+1","FTL","Ball Lightning","Electrodynamics","Coolheaded","Rip and Tear+1","Glacier+1","Echo Form+1","Self Repair","Conserve Battery","Defragment+1","Barrage","Go for the Eyes+1","Leap","Apotheosis+1","Machine Learning","Reinforced Body+1","Skim+1","Madness","Madness","Blizzard","Capacitor+1"],"special_seed":0,"relics":["Cracked Core","Incense Burner","Orichalcum","Potion Belt","Vajra","Ectoplasm","DataDisk","PreservedInsect","Blood Vial","Letter Opener","Fusion Hammer","Toxic Egg 2","Bag of Marbles","Red Mask"],"potions_floor_usage":[39],"damage_taken":[{"damage":0.0,"enemies":"Small Slimes","floor":1.0,"turns":3.0},{"damage":1.0,"enemies":"Jaw Worm","floor":2.0,"turns":4.0},{"damage":0.0,"enemies":"Cultist","floor":3.0,"turns":2.0},{"damage":4.0,"enemies":"Red Slaver","floor":4.0,"turns":3.0},{"damage":1.0,"enemies":"Exordium Wildlife","floor":5.0,"turns":2.0},{"damage":23.0,"enemies":"Gremlin Nob","floor":7.0,"turns":4.0},{"damage":13.0,"enemies":"Large Slime","floor":10.0,"turns":3.0},{"damage":13.0,"enemies":"3 Sentries","floor":14.0,"turns":4.0},{"damage":24.0,"enemies":"Hexaghost","floor":16.0,"turns":10.0},{"damage":0.0,"enemies":"Chosen","floor":18.0,"turns":3.0},{"damage":8.0,"enemies":"Shell Parasite","floor":20.0,"turns":5.0},{"damage":3.0,"enemies":"Centurion and Healer","floor":21.0,"turns":7.0},{"damage":9.0,"enemies":"Slavers","floor":23.0,"turns":5.0},{"damage":0.0,"enemies":"Cultist and Chosen","floor":25.0,"turns":6.0},{"damage":11.0,"enemies":"Gremlin Leader","floor":28.0,"turns":5.0},{"damage":6.0,"enemies":"Chosen and Byrds","floor":29.0,"turns":3.0},{"damage":8.0,"enemies":"Book of Stabbing","floor":30.0,"turns":6.0},{"damage":42.0,"enemies":"Automaton","floor":33.0,"turns":13.0},{"damage":19.0,"enemies":"3 Shapes","floor":35.0,"turns":7.0},{"damage":0.0,"enemies":"Orb Walker","floor":36.0,"turns":3.0},{"damage":0.0,"enemies":"Maw","floor":37.0,"turns":8.0},{"damage":3,"enemies":"Writhing Mass","floor":39,"turns":7},{"damage":44,"enemies":"Nemesis","floor":40,"turns":5},{"damage":0,"enemies":"Sphere and 2 Shapes","floor":42,"turns":4},{"damage":0,"enemies":"Maw","floor":46,"turns":7},{"damage":6,"enemies":"4 Shapes","floor":47,"turns":4},{"damage":23,"enemies":"Awakened One","floor":50,"turns":14}],"seed_played":"-4600157717435852859","potions_obtained":[{"floor":2.0,"key":"Strength Potion"},{"floor":4.0,"key":"Swift Potion"},{"floor":10.0,"key":"Fire Potion"},{"floor":14.0,"key":"FocusPotion"},{"floor":18.0,"key":"EssenceOfSteel"},{"floor":25.0,"key":"EssenceOfSteel"},{"floor":39,"key":"GamblersBrew"}],"is_trial":false,"path_per_floor":["M","M","M","M","M","R","E","R","T","M","R","?","?","E","R","B",null,"M","?","M","M","$","E","R","M","T","R","E","M","E","$","R","B",null,"M","M","M","?","M","E","R","M","T","R","?","M","M","?","R","B",null],"character_chosen":"DEFECT","items_purchased":["Defragment","Apotheosis"],"campfire_rested":4,"item_purchase_floors":[22,31],"current_hp_per_floor":[68,67,67,63,62,62,39,39,39,26,48,48,48,35,35,11,59,59,59,65,75,75,73,73,75,75,75,71,75,74,74,74,40,66,56,65,75,66,72,37,59,71,71,75,75,75,75,75,75,62],"gold":0,"neow_bonus":"THREE_RARE_CARDS","is_prod":false,"is_daily":false,"chose_seed":false,"campfire_upgraded":6,"win_rate":0,"timestamp":1557133800,"path_taken":["M","M","M","M","M","R","E","R","T","M","R","?","?","E","R","BOSS","M","?","M","M","?","E","R","M","T","R","E","M","E","$","R","BOSS","M","M","M","?","M","E","R","M","T","R","?","M","M","?","R","BOSS"],"build_version":"2019-01-23","purchased_purges":0,"victory":true,"max_hp_per_floor":[75,75,75,75,75,75,75,75,75,75,75,75,75,75,75,75,75,75,75,75,75,75,75,75,75,75,75,75,75,75,75,75,75,75,75,75,75,75,75,75,75,75,75,75,75,75,75,75,75,75],"card_choices":[{"not_picked":["Seek","Rainbow"],"picked":"Biased Cognition","floor":0.0},{"not_picked":["Barrage","Gash"],"picked":"Coolheaded","floor":1.0},{"not_picked":["Rebound","Hologram"],"picked":"FTL","floor":2.0},{"not_picked":["Sweeping Beam","Turbo"],"picked":"Ball Lightning","floor":3.0},{"not_picked":["Compile Driver","Chill"],"picked":"Electrodynamics","floor":4.0},{"not_picked":["Barrage","Coolheaded","Gash"],"picked":"SKIP","floor":5.0},{"not_picked":["Streamline","Hologram"],"picked":"Coolheaded","floor":7.0},{"not_picked":["Streamline","Chaos"],"picked":"Rip and Tear","floor":10.0},{"not_picked":["Sweeping Beam","Chaos"],"picked":"Glacier","floor":14.0},{"not_picked":["Seek","Meteor Strike"],"picked":"Echo Form","floor":16.0},{"not_picked":["Cold Snap","Double Energy+1"],"picked":"Self Repair","floor":18.0},{"not_picked":["Rebound","FTL+1"],"picked":"Conserve Battery","floor":20.0},{"not_picked":["Rebound","Stack","Rip and Tear"],"picked":"SKIP","floor":21.0},{"not_picked":["Beam Cell+1","Auto Shields"],"picked":"Barrage","floor":23.0},{"not_picked":["Sweeping Beam","Coolheaded"],"picked":"Go for the Eyes+1","floor":25.0},{"not_picked":["Recycle","Compile Driver"],"picked":"Leap","floor":28.0},{"not_picked":["Chill","Streamline+1","Coolheaded"],"picked":"SKIP","floor":29.0},{"not_picked":["Sunder","Darkness","Lockon"],"picked":"SKIP","floor":30.0},{"not_picked":["Thunder Strike","Core Surge"],"picked":"Machine Learning","floor":33.0},{"not_picked":["Chaos+1","Sweeping Beam","Leap"],"picked":"SKIP","floor":35.0},{"not_picked":["Redo+1","Cold Snap"],"picked":"Reinforced Body+1","floor":36.0},{"not_picked":["Darkness+1","Sweeping Beam"],"picked":"Skim+1","floor":37.0},{"not_picked":["Skim","Reprogram+1"],"picked":"Blizzard","floor":39},{"not_picked":["Genetic Algorithm","Skim+1","Gash+1"],"picked":"SKIP","floor":40},{"not_picked":["Storm","Sweeping Beam+1","Turbo+1"],"picked":"SKIP","floor":42},{"not_picked":["Thunder Strike","Storm+1"],"picked":"Capacitor+1","floor":46},{"not_picked":["Heatsinks","Lockon+1","Cold Snap"],"picked":"SKIP","floor":47}],"player_experience":734804,"relics_obtained":[{"floor":7.0,"key":"Incense Burner"},{"floor":9.0,"key":"Orichalcum"},{"floor":14.0,"key":"Vajra"},{"floor":23.0,"key":"DataDisk"},{"floor":26.0,"key":"PreservedInsect"},{"floor":28.0,"key":"Blood Vial"},{"floor":30.0,"key":"Letter Opener"},{"floor":40,"key":"Toxic Egg 2"},{"floor":43,"key":"Bag of Marbles"}],"event_choices":[{"damage_healed":0.0,"max_hp_gain":0.0,"max_hp_loss":0.0,"gold_gain":0.0,"event_name":"Dead Adventurer","player_choice":"Searched \u00271\u0027 times","floor":12.0,"gold_loss":0.0,"damage_taken":0.0,"relics_obtained":["Potion Belt"]},{"damage_healed":0.0,"max_hp_gain":0.0,"max_hp_loss":0.0,"gold_gain":0.0,"event_name":"Living Wall","player_choice":"Grow","floor":13.0,"gold_loss":0.0,"damage_taken":0.0,"cards_upgraded":["Rip and Tear"]},{"damage_healed":0.0,"max_hp_gain":0.0,"max_hp_loss":0.0,"gold_gain":0.0,"event_name":"Lab","player_choice":"Got Potions","floor":19.0,"gold_loss":0.0,"damage_taken":0.0},{"damage_healed":0.0,"max_hp_gain":0.0,"max_hp_loss":0.0,"gold_gain":0.0,"event_name":"Winding Halls","player_choice":"Embrace Madness","floor":38.0,"gold_loss":0.0,"damage_taken":9.0,"cards_obtained":["Madness","Madness"]},{"damage_healed":0,"gold_gain":0,"player_choice":"Paid","damage_taken":0,"relics_obtained":["Red Mask"],"max_hp_gain":0,"max_hp_loss":0,"event_name":"Tomb of Lord Red Mask","floor":45,"gold_loss":65},{"cards_removed":["Strike_B"],"damage_healed":0,"gold_gain":0,"player_choice":"Removed Attack","damage_taken":0,"max_hp_gain":0,"max_hp_loss":0,"event_name":"Falling","floor":48,"gold_loss":0}],"is_beta":false,"boss_relics":[{"not_picked":["Astrolabe","Runic Dome"],"picked":"Ectoplasm"},{"not_picked":["Empty Cage","Nuclear Battery"],"picked":"Fusion Hammer"}],"items_purged_floors":[],"is_endless":false,"potions_floor_spawned":[2,4,10,14,18,21,25,28,39,40,47],"ascension_level":11}