{"gold_per_floor":[116,41,54,74,92,123,141,153,153,165,183,183,148,161,161,260,260,280,280,35,35,35,35,35],"floor_reached":24,"playtime":1680,"items_purged":["Strike_R","Strike_R"],"score":270,"play_id":"81c8b37d-2848-4f90-b267-21042f6b39a6","local_time":"20190410210452","is_ascension_mode":true,"campfire_choices":[{"data":"Armaments","floor":15,"key":"SMITH"},{"floor":23,"key":"REST"}],"neow_cost":"NONE","seed_source_timestamp":357801576994715,"circlet_count":0,"master_deck":["Strike_R","Strike_R","Strike_R","Defend_R+1","Defend_R","Defend_R","Defend_R","Bash","Cleave","Twin Strike+1","Power Through","Battle Trance","Iron Wave","Armaments+1","Metallicize","Thunderclap","Seeing Red","Clothesline","Impervious","Headbutt+1","Pummel"],"relics":["Burning Blood","Strawberry","Magic Flower","Question Card","Runic Cube","Juzu Bracelet"],"potions_floor_usage":[6,6,14,16,16,18],"damage_taken":[{"damage":9,"enemies":"Jaw Worm","floor":1,"turns":6},{"damage":7,"enemies":"2 Louse","floor":3,"turns":2},{"damage":7,"enemies":"Small Slimes","floor":4,"turns":3},{"damage":0,"enemies":"Red Slaver","floor":5,"turns":4},{"damage":36,"enemies":"Lagavulin","floor":6,"turns":7},{"damage":16,"enemies":"Lots of Slimes","floor":7,"turns":3},{"damage":18,"enemies":"Exordium Thugs","floor":8,"turns":6},{"damage":2,"enemies":"Looter","floor":10,"turns":4},{"damage":4,"enemies":"Exordium Wildlife","floor":11,"turns":3},{"damage":12,"enemies":"Exordium Thugs","floor":14,"turns":4},{"damage":23,"enemies":"Slime Boss","floor":16,"turns":11},{"damage":14,"enemies":"Spheric Guardian","floor":18,"turns":7},{"damage":81,"enemies":"Book of Stabbing","floor":24,"turns":8}],"seed_played":"6376251437118069222","potions_obtained":[{"floor":1,"key":"AttackPotion"},{"floor":5,"key":"Energy Potion"},{"floor":7,"key":"EssenceOfSteel"},{"floor":10,"key":"Block Potion"},{"floor":14,"key":"Dexterity Potion"},{"floor":16,"key":"SkillPotion"}],"is_trial":false,"path_per_floor":["M","$","M","M","M","E","M","M","T","M","M","?","?","M","R","B",null,"M","?","$","?","?","R","E"],"character_chosen":"IRONCLAD","items_purchased":["Juzu Bracelet"],"campfire_rested":1,"item_purchase_floors":[20],"current_hp_per_floor":[76,76,75,74,80,50,43,34,34,41,46,29,50,47,47,33,74,69,52,52,52,52,79,0],"gold":35,"neow_bonus":"RANDOM_COMMON_RELIC","is_prod":false,"is_daily":false,"chose_seed":false,"campfire_upgraded":1,"win_rate":0,"timestamp":1554897892,"path_taken":["M","$","M","M","M","E","M","M","T","M","M","?","?","M","R","BOSS","M","?","$","?","?","R","E"],"build_version":"2019-01-23","purchased_purges":2,"victory":false,"max_hp_per_floor":[87,87,87,87,87,87,87,87,87,87,87,87,87,87,87,87,87,87,92,92,92,92,92,92],"card_choices":[{"not_picked":["Uppercut","Armaments"],"picked":"Cleave","floor":1},{"not_picked":["Flex","Cleave"],"picked":"Twin Strike","floor":3},{"not_picked":["Fire Breathing","Evolve"],"picked":"Power Through","floor":4},{"not_picked":["Evolve","Feel No Pain"],"picked":"Battle Trance","floor":5},{"not_picked":["Flex","Wild Strike"],"picked":"Iron Wave","floor":6},{"not_picked":["Cleave","Brutality"],"picked":"Armaments","floor":7},{"not_picked":["Entrench","Warcry"],"picked":"Metallicize","floor":8},{"not_picked":["Heavy Blade","Dual Wield","Twin Strike"],"picked":"Thunderclap","floor":10},{"not_picked":["Iron Wave","Rage","Twin Strike"],"picked":"Seeing Red","floor":11},{"not_picked":["Cleave","Body Slam","Thunderclap"],"picked":"Clothesline","floor":14},{"not_picked":["Immolate","Brutality","Limit Break"],"picked":"Impervious","floor":16},{"not_picked":["Twin Strike","Thunderclap+1","Corruption"],"picked":"Headbutt+1","floor":18}],"player_experience":302864,"relics_obtained":[{"floor":6,"key":"Magic Flower"},{"floor":9,"key":"Question Card"}],"event_choices":[{"damage_healed":0,"gold_gain":0,"player_choice":"Entered Light","damage_taken":17,"max_hp_gain":0,"max_hp_loss":0,"event_name":"Shining Light","floor":12,"gold_loss":0,"cards_upgraded":["Twin Strike","Defend_R"]},{"damage_healed":21,"gold_gain":0,"player_choice":"Healed","damage_taken":0,"max_hp_gain":0,"max_hp_loss":0,"event_name":"The Cleric","floor":13,"gold_loss":35},{"damage_healed":0,"gold_gain":0,"player_choice":"Shed Blood","damage_taken":22,"max_hp_gain":5,"max_hp_loss":0,"event_name":"Forgotten Altar","floor":19,"gold_loss":0},{"damage_healed":0,"gold_gain":0,"player_choice":"Read","damage_taken":0,"max_hp_gain":0,"max_hp_loss":0,"event_name":"The Library","floor":21,"gold_loss":0,"cards_obtained":["Pummel"]},{"damage_healed":0,"gold_gain":0,"player_choice":"Ignored","damage_taken":0,"max_hp_gain":0,"max_hp_loss":0,"event_name":"Beggar","floor":22,"gold_loss":0}],"is_beta":false,"boss_relics":[{"not_picked":["Tiny House","Runic Dome"],"picked":"Runic Cube"}],"items_purged_floors":[2,20],"is_endless":false,"potions_floor_spawned":[1,5,7,10,14,16],"killed_by":"Book of Stabbing","ascension_level":7}