{"gold_per_floor":[118,118,68,32,46,103,126,144,197,231,245,256,256,272,272,368,368,381,321,337,356,390,390,406,439,465,490,503,533,533,543,543,641,641,656,423,433,449,500,500,511,544,544,544,556,556,556,13,13,13],"floor_reached":51,"playtime":2390,"items_purged":["Strike_R","Strike_R","Strike_R"],"score":779,"play_id":"74537f1d-0bbc-4490-8baf-875bdc921cef","local_time":"20180824162123","is_ascension_mode":false,"campfire_choices":[{"data":"Rampage","floor":13,"key":"SMITH"},{"data":"Anger","floor":15,"key":"SMITH"},{"data":"Shockwave","floor":23,"key":"SMITH"},{"data":"Spot Weakness","floor":30,"key":"SMITH"},{"data":"Metallicize","floor":32,"key":"SMITH"},{"data":"Limit Break","floor":40,"key":"SMITH"},{"data":"Dual Wield","floor":46,"key":"SMITH"},{"data":"Pummel","floor":49,"key":"SMITH"}],"neow_cost":"NONE","seed_source_timestamp":529346725657175,"circlet_count":0,"master_deck":["Strike_R","Defend_R","Defend_R+1","Defend_R","Defend_R+1","Bash+1","Inflame","Carnage","Shrug It Off","Shockwave+1","Rampage+1","Pommel Strike+1","Spot Weakness+1","Anger+1","Reaper","Armaments+1","Iron Wave+1","Whirlwind+1","Metallicize+1","Limit Break+1","Fire Breathing+1","Pummel+1","Iron Wave+1","Headbutt+1","Bloodletting+1","Dual Wield+1"],"relics":["Black Blood","NeowsBlessing","War Paint","Tiny Chest","Blood Vial","Oddly Smooth Stone","The Courier","Coffee Dripper","Red Mask","Whetstone","Strawberry","Anchor","Self Forming Clay","Bag of Marbles","Ice Cream","Ornamental Fan","Centennial Puzzle","Sundial","Thread and Needle","Bag of Preparation"],"potions_floor_usage":[22,33,38,39,44,50,50,50],"damage_taken":[{"damage":0,"enemies":"2 Louse","floor":1,"turns":1},{"damage":0,"enemies":"Jaw Worm","floor":5,"turns":1},{"damage":0,"enemies":"3 Sentries","floor":6,"turns":2},{"damage":2,"enemies":"Small Slimes","floor":8,"turns":3},{"damage":15,"enemies":"Lagavulin","floor":10,"turns":9},{"damage":8,"enemies":"Exordium Thugs","floor":11,"turns":6},{"damage":22,"enemies":"Gremlin Gang","floor":12,"turns":5},{"damage":0,"enemies":"Blue Slaver","floor":14,"turns":4},{"damage":25,"enemies":"The Guardian","floor":16,"turns":10},{"damage":0,"enemies":"Chosen","floor":18,"turns":4},{"damage":16,"enemies":"Shell Parasite","floor":20,"turns":6},{"damage":2,"enemies":"Centurion and Healer","floor":21,"turns":6},{"damage":17,"enemies":"Masked Bandits","floor":22,"turns":5},{"damage":3,"enemies":"Chosen and Byrds","floor":24,"turns":5},{"damage":12,"enemies":"Gremlin Leader","floor":25,"turns":5},{"damage":12,"enemies":"Snake Plant","floor":28,"turns":5},{"damage":14,"enemies":"Book of Stabbing","floor":29,"turns":6},{"damage":9,"enemies":"Shelled Parasite and Fungi","floor":31,"turns":4},{"damage":53,"enemies":"Automaton","floor":33,"turns":8},{"damage":7,"enemies":"Orb Walker","floor":35,"turns":4},{"damage":9,"enemies":"Flame Bruiser 1 Orb","floor":37,"turns":5},{"damage":8,"enemies":"Maw","floor":38,"turns":6},{"damage":19,"enemies":"Mysterious Sphere","floor":39,"turns":4},{"damage":36,"enemies":"Spire Growth","floor":41,"turns":6},{"damage":13,"enemies":"Giant Head","floor":42,"turns":8},{"damage":13,"enemies":"Mind Bloom Boss Battle","floor":44,"turns":8},{"damage":16,"enemies":"Flame Bruiser 2 Orb","floor":45,"turns":9},{"damage":35,"enemies":"Donu and Deca","floor":50,"turns":7}],"seed_played":"-697355373019615542","potions_obtained":[{"floor":1,"key":"Ancient Potion"},{"floor":6,"key":"Ancient Potion"},{"floor":8,"key":"Swift Potion"},{"floor":20,"key":"BloodPotion"},{"floor":25,"key":"Strength Potion"},{"floor":33,"key":"Poison Potion"},{"floor":37,"key":"Explosive Potion"},{"floor":38,"key":"FearPotion"},{"floor":42,"key":"FearPotion"}],"is_trial":false,"path_per_floor":["M","?","?","$","M","E","T","M","T","E","M","M","R","M","R","B",null,"M","$","M","M","?","R","M","E","T","T","M","E","R","M","R","B",null,"M","$","M","M","?","R","M","E","T","?","M","R","?","$","R","B"],"character_chosen":"IRONCLAD","items_purchased":["Carnage","Pummel","Bag of Marbles","Thread and Needle","Bag of Preparation","AttackPotion"],"campfire_rested":0,"item_purchase_floors":[4,36,36,48,48,48],"current_hp_per_floor":[80,62,62,62,68,74,74,80,80,71,71,57,57,65,65,48,80,80,80,77,80,69,69,80,74,81,81,77,87,87,87,87,40,87,87,87,87,87,81,81,81,80,80,87,87,87,87,87,87,70],"gold":13,"neow_bonus":"THREE_ENEMY_KILL","is_prod":false,"is_daily":false,"chose_seed":false,"campfire_upgraded":8,"win_rate":0,"timestamp":1535152883,"path_taken":["M","?","?","$","M","E","?","M","T","E","M","M","R","M","R","BOSS","M","$","M","M","?","R","M","E","T","?","M","E","R","M","R","BOSS","M","$","M","M","?","R","M","E","T","?","M","R","?","$","R","BOSS"],"build_version":"2018-08-23v2","purchased_purges":3,"victory":true,"max_hp_per_floor":[80,80,80,80,80,80,80,80,80,80,80,80,80,80,80,80,80,80,80,80,80,80,80,80,80,87,87,87,87,87,87,87,87,87,87,87,87,87,87,87,87,87,87,87,87,87,87,87,87,87],"card_choices":[{"not_picked":["Heavy Blade","Thunderclap"],"picked":"Inflame","floor":1},{"not_picked":["Battle Trance","Searing Blow"],"picked":"Shrug It Off","floor":5},{"not_picked":["Flex","Sword Boomerang"],"picked":"Shockwave","floor":6},{"not_picked":["Sword Boomerang","Thunderclap","Evolve"],"picked":"SKIP","floor":8},{"not_picked":["Sword Boomerang","Second Wind"],"picked":"Rampage","floor":10},{"not_picked":["Sword Boomerang","Havoc"],"picked":"Pommel Strike","floor":11},{"not_picked":["Clothesline","Battle Trance"],"picked":"Spot Weakness","floor":12},{"not_picked":["Body Slam","Barricade"],"picked":"Anger","floor":14},{"not_picked":["Limit Break","Brutality"],"picked":"Reaper","floor":16},{"not_picked":["Perfected Strike+1","Clothesline"],"picked":"Armaments+1","floor":18},{"not_picked":["Ghostly Armor","Sword Boomerang","Burning Pact"],"picked":"SKIP","floor":20},{"not_picked":["Clothesline","Twin Strike"],"picked":"Iron Wave+1","floor":21},{"not_picked":["Sever Soul","Dual Wield"],"picked":"Whirlwind+1","floor":22},{"not_picked":["Searing Blow","Hemokinesis"],"picked":"Inflame+1","floor":24},{"not_picked":["Thunderclap+1","Body Slam"],"picked":"Metallicize","floor":25},{"not_picked":["Whirlwind","Rampage","Blood for Blood"],"picked":"SKIP","floor":28},{"not_picked":["Sword Boomerang","True Grit","Warcry"],"picked":"SKIP","floor":29},{"not_picked":["Havoc","Armaments+1","Twin Strike"],"picked":"SKIP","floor":31},{"not_picked":["Dark Embrace","Offering"],"picked":"Limit Break","floor":33},{"not_picked":["Body Slam","Power Through+1"],"picked":"Fire Breathing+1","floor":35},{"not_picked":["Twin Strike","Wild Strike+1","Sentinel"],"picked":"SKIP","floor":37},{"not_picked":["Cleave","Flex","Wild Strike"],"picked":"SKIP","floor":38},{"not_picked":["Pommel Strike+1","Seeing Red"],"picked":"Iron Wave+1","floor":39},{"not_picked":["Havoc+1","Hemokinesis+1","Flex"],"picked":"SKIP","floor":41},{"not_picked":["Wild Strike","Bludgeon"],"picked":"Headbutt+1","floor":42},{"not_picked":["Sword Boomerang+1","Clash+1"],"picked":"Bloodletting+1","floor":44},{"not_picked":["Pommel Strike","Clash+1"],"picked":"Dual Wield","floor":45}],"player_experience":137355,"relics_obtained":[{"floor":6,"key":"Tiny Chest"},{"floor":7,"key":"Blood Vial"},{"floor":9,"key":"Oddly Smooth Stone"},{"floor":10,"key":"The Courier"},{"floor":22,"key":"Red Mask"},{"floor":25,"key":"Whetstone"},{"floor":26,"key":"Strawberry"},{"floor":27,"key":"Anchor"},{"floor":29,"key":"Self Forming Clay"},{"floor":39,"key":"Ice Cream"},{"floor":42,"key":"Ornamental Fan"},{"floor":43,"key":"Centennial Puzzle"},{"floor":44,"key":"Sundial"}],"event_choices":[{"event_name":"Scrap Ooze","player_choice":"success","floor":2,"damage_taken":18},{"event_name":"The Cleric","player_choice":"Card Removal","floor":3,"damage_taken":0},{"event_name":"Masked Bandits","player_choice":"Fought Bandits","floor":22,"damage_taken":0},{"event_name":"Mysterious Sphere","player_choice":"Fight","floor":39,"damage_taken":0},{"event_name":"MindBloom","player_choice":"Fight","floor":44,"damage_taken":0},{"event_name":"Falling","player_choice":"Removed Power","floor":47,"damage_taken":0}],"is_beta":false,"boss_relics":[{"not_picked":["Velvet Choker","Runic Pyramid"],"picked":"Coffee Dripper"},{"not_picked":["Runic Dome","Fusion Hammer"],"picked":"Black Blood"}],"items_purged_floors":[19,36,48],"is_endless":false,"potions_floor_spawned":[1,6,8,12,14,20,21,25,31,33,37,38,42],"ascension_level":0}