{"gold_per_floor":[113,73,33,43,62,93,105,105,105,105,65,83,107,145,145,239,239,253,253,253],"floor_reached":20,"playtime":830,"items_purged":[],"score":322,"play_id":"95f920d3-2744-41a1-8028-78924ac087b2","local_time":"20190416101117","is_ascension_mode":true,"campfire_choices":[{"data":"Fiend Fire","floor":10,"key":"SMITH"},{"floor":15,"key":"REST"}],"neow_cost":"NONE","seed_source_timestamp":140455132191634,"circlet_count":0,"master_deck":["AscendersBane","Strike_R","Strike_R","Strike_R","Strike_R","Strike_R","Defend_R","Defend_R","Defend_R","Defend_R","Bash","Clothesline","Metallicize","Iron Wave","Cleave","Fiend Fire+1","Sword Boomerang","Injury","Inflame","Cleave","Demon Form","Iron Wave","Fiend Fire","Feel No Pain","Intimidate","True Grit","Shrug It Off","Corruption","Anger"],"relics":["Burning Blood","Vajra","Golden Idol","Juzu Bracelet","Pear","Orrery"],"potions_floor_usage":[14,14,16,19],"damage_taken":[{"damage":2,"enemies":"Small Slimes","floor":1,"turns":5},{"damage":1,"enemies":"Cultist","floor":4,"turns":4},{"damage":5,"enemies":"2 Louse","floor":5,"turns":4},{"damage":34,"enemies":"Lagavulin","floor":6,"turns":8},{"damage":9,"enemies":"Blue Slaver","floor":7,"turns":4},{"damage":6,"enemies":"Looter","floor":12,"turns":2},{"damage":7,"enemies":"2 Fungi Beasts","floor":13,"turns":3},{"damage":31,"enemies":"3 Sentries","floor":14,"turns":7},{"damage":42,"enemies":"The Guardian","floor":16,"turns":9},{"damage":17,"enemies":"3 Byrds","floor":18,"turns":5},{"damage":53,"enemies":"Colosseum Slavers","floor":19,"turns":6},{"damage":23,"enemies":"Shell Parasite","floor":20,"turns":2}],"seed_played":"1010931456903088953","potions_obtained":[{"floor":2,"key":"EntropicBrew"},{"floor":2,"key":"LiquidBronze"},{"floor":14,"key":"SneckoOil"}],"is_trial":false,"path_per_floor":["M","?","$","M","M","E","M","?","T","R","$","M","M","E","R","B",null,"M","?","M"],"character_chosen":"IRONCLAD","items_purchased":["Metallicize","Inflame"],"campfire_rested":1,"item_purchase_floors":[3,11],"current_hp_per_floor":[79,79,79,82,82,54,51,51,51,51,51,51,50,35,62,26,76,65,18,0],"gold":253,"neow_bonus":"TEN_PERCENT_HP_BONUS","is_prod":false,"is_daily":false,"chose_seed":false,"campfire_upgraded":1,"win_rate":0,"timestamp":1555434677,"path_taken":["M","?","?","M","M","E","?","?","T","R","$","M","M","E","R","BOSS","M","?","M"],"build_version":"2019-01-23","purchased_purges":0,"victory":false,"max_hp_per_floor":[82,82,82,82,82,82,82,82,82,82,82,82,82,92,92,92,92,92,92,92],"card_choices":[{"not_picked":["Clash","Corruption"],"picked":"Clothesline","floor":1},{"not_picked":["Heavy Blade","Anger"],"picked":"Iron Wave","floor":4},{"not_picked":["Wild Strike","Headbutt"],"picked":"Cleave","floor":5},{"not_picked":["Infernal Blade","Flex"],"picked":"Fiend Fire","floor":6},{"not_picked":["Fire Breathing","Flex"],"picked":"Sword Boomerang","floor":7},{"not_picked":["Sword Boomerang","Wild Strike"],"picked":"Cleave","floor":12},{"not_picked":["Shockwave","Metallicize"],"picked":"Demon Form","floor":13},{"not_picked":["Clothesline","Body Slam"],"picked":"Iron Wave","floor":14},{"not_picked":["Brutality","Juggernaut"],"picked":"Fiend Fire","floor":16},{"not_picked":["Fire Breathing","Entrench"],"picked":"Feel No Pain","floor":17},{"not_picked":["Thunderclap","Body Slam"],"picked":"Intimidate","floor":17},{"not_picked":["Body Slam","Entrench"],"picked":"True Grit","floor":17},{"not_picked":["Burning Pact","Carnage"],"picked":"Shrug It Off","floor":17},{"not_picked":["Flex","True Grit"],"picked":"Corruption","floor":17},{"not_picked":["Wild Strike","Clash"],"picked":"Anger","floor":18}],"player_experience":439817,"relics_obtained":[{"floor":6,"key":"Vajra"},{"floor":9,"key":"Juzu Bracelet"},{"floor":14,"key":"Pear"}],"event_choices":[{"damage_healed":0,"gold_gain":0,"player_choice":"Bought 3 Potions","damage_taken":0,"max_hp_gain":0,"max_hp_loss":0,"event_name":"The Woman in Blue","floor":2,"gold_loss":0},{"damage_healed":0,"gold_gain":0,"player_choice":"Take Wound","damage_taken":0,"relics_obtained":["Golden Idol"],"max_hp_gain":0,"max_hp_loss":0,"event_name":"Golden Idol","floor":8,"gold_loss":0,"cards_obtained":["Injury"]},{"damage_healed":0,"gold_gain":0,"player_choice":"Fight","damage_taken":0,"max_hp_gain":0,"max_hp_loss":0,"event_name":"Colosseum","floor":19,"gold_loss":0},{"damage_healed":0,"gold_gain":0,"player_choice":"Fled From Nobs","damage_taken":0,"max_hp_gain":0,"max_hp_loss":0,"event_name":"Colosseum","floor":19,"gold_loss":0}],"is_beta":false,"boss_relics":[{"not_picked":["Black Star","Runic Cube"],"picked":"Orrery"}],"items_purged_floors":[],"is_endless":false,"potions_floor_spawned":[5,7,13,14,19],"killed_by":"Shell Parasite","ascension_level":15}