{"gold_per_floor":[119,133,145,220,233,259,259,279,279,279,64,98,116,135,135,234,234,246,230,230],"floor_reached":20,"playtime":1101,"items_purged":[],"score":260,"play_id":"1bc42586-54a3-4460-b46f-1f712f1dbb79","local_time":"20180818104430","is_ascension_mode":true,"campfire_choices":[{"data":"Bash","floor":7,"key":"SMITH"},{"floor":10,"key":"REST"},{"floor":15,"key":"REST"}],"neow_cost":"","seed_source_timestamp":259051489014140,"circlet_count":0,"master_deck":["Strike_R","Strike_R","Strike_R","Strike_R","Strike_R","Defend_R","Defend_R","Defend_R","Defend_R","Bash+1","Fire Breathing","Clothesline","Spot Weakness","Shrug It Off","Feed","Panache","Pummel","Uppercut","Evolve","Shrug It Off","Demon Form","Iron Wave+1","Evolve+1"],"relics":["Burning Blood","Strawberry","Orichalcum","Blood Vial","Eternal Feather"],"potions_floor_usage":[5,6,14],"damage_taken":[{"damage":12,"enemies":"Small Slimes","floor":1,"turns":4},{"damage":11,"enemies":"2 Louse","floor":2,"turns":3},{"damage":0,"enemies":"Cultist","floor":3,"turns":4},{"damage":0,"enemies":"2 Fungi Beasts","floor":5,"turns":4},{"damage":36,"enemies":"Lagavulin","floor":6,"turns":9},{"damage":25,"enemies":"Lots of Slimes","floor":8,"turns":5},{"damage":28,"enemies":"3 Sentries","floor":12,"turns":8},{"damage":31,"enemies":"Gremlin Gang","floor":13,"turns":5},{"damage":10,"enemies":"Exordium Wildlife","floor":14,"turns":4},{"damage":32,"enemies":"Slime Boss","floor":16,"turns":8},{"damage":31,"enemies":"Spheric Guardian","floor":18,"turns":6},{"damage":26,"enemies":"2 Thieves","floor":19,"turns":4},{"damage":59,"enemies":"3 Cultists","floor":20,"turns":5}],"seed_played":"-3817502090327059773","potions_obtained":[{"floor":3,"key":"Fire Potion"},{"floor":5,"key":"SkillPotion"},{"floor":8,"key":"SneckoOil"},{"floor":14,"key":"FairyPotion"},{"floor":19,"key":"LiquidBronze"}],"is_trial":false,"path_per_floor":["M","M","M","?","M","E","R","M","T","R","$","E","M","M","R","B",null,"M","M"],"character_chosen":"IRONCLAD","items_purchased":["Panache","Pummel"],"campfire_rested":2,"item_purchase_floors":[11,11],"current_hp_per_floor":[74,69,75,64,70,47,47,28,28,54,54,35,15,16,44,23,80,57,42,0],"gold":230,"neow_bonus":"","is_prod":false,"is_daily":false,"chose_seed":false,"campfire_upgraded":1,"win_rate":0,"timestamp":1534614270,"path_taken":["M","M","M","?","M","E","R","?","T","R","$","E","M","M","R","BOSS","M","M","M"],"build_version":"2018-08-16","purchased_purges":0,"victory":false,"max_hp_per_floor":[80,80,80,80,80,87,87,87,87,87,87,90,93,96,96,99,99,99,102,105],"card_choices":[{"not_picked":["Havoc","Feel No Pain"],"picked":"Fire Breathing","floor":1},{"not_picked":["Flex","Cleave"],"picked":"Clothesline","floor":2},{"not_picked":["Headbutt","Clash"],"picked":"Spot Weakness","floor":3},{"not_picked":["Heavy Blade","Burning Pact","Perfected Strike"],"picked":"SKIP","floor":5},{"not_picked":["Flex","Sentinel"],"picked":"Shrug It Off","floor":6},{"not_picked":["Thunderclap","Clash"],"picked":"Feed","floor":8},{"not_picked":["Flex","Fire Breathing"],"picked":"Uppercut","floor":12},{"not_picked":["Pommel Strike","Headbutt"],"picked":"Evolve","floor":13},{"not_picked":["Body Slam","Warcry"],"picked":"Shrug It Off","floor":14},{"not_picked":["Reaper","Barricade"],"picked":"Demon Form","floor":16},{"not_picked":["Flex","Heavy Blade+1"],"picked":"Iron Wave+1","floor":18},{"not_picked":["Headbutt","Twin Strike"],"picked":"Evolve+1","floor":19}],"player_experience":91371,"relics_obtained":[{"floor":6,"key":"Strawberry"},{"floor":9,"key":"Orichalcum"},{"floor":12,"key":"Blood Vial"}],"event_choices":[{"event_name":"World of Goop","player_choice":"Gather Gold","floor":4,"damage_taken":0}],"is_beta":false,"boss_relics":[{"not_picked":["Fusion Hammer","Lizard Tail"],"picked":"Eternal Feather"}],"items_purged_floors":[],"is_endless":false,"potions_floor_spawned":[3,5,8,14,19],"killed_by":"3 Cultists","ascension_level":5}