{"gold_per_floor":[109,122,135,146,146,146,180,180,207,233,233,265,276,126,126,223,223,237,79,92,103,121,121,150,150,222,237,237,267,293,323,323,428,428,441,204,218,41,58,58,85,85,85,111,128,128,188,203,203,203],"floor_reached":51,"playtime":3321,"items_purged":["Strike_B","Strike_B","Strike_B","Strike_B"],"score":1160,"play_id":"b0c6a953-d89b-404e-967d-69897909067f","local_time":"20180821131201","is_ascension_mode":true,"campfire_choices":[{"data":"Zap","floor":6,"key":"SMITH"},{"data":"Dualcast","floor":8,"key":"SMITH"},{"data":"Self Repair","floor":11,"key":"SMITH"},{"data":"Self Repair","floor":15,"key":"SMITH"},{"data":"Capacitor","floor":23,"key":"SMITH"},{"data":"Buffer","floor":25,"key":"SMITH"},{"data":"Stack","floor":32,"key":"SMITH"},{"data":"Defragment","floor":40,"key":"SMITH"},{"data":"Capacitor","floor":42,"key":"SMITH"},{"data":"Panache","floor":49,"key":"SMITH"}],"neow_cost":"NONE","seed_source_timestamp":0,"circlet_count":0,"master_deck":["Defend_B","Defend_B","Defend_B","Defend_B","Zap+1","Dualcast+1","Cold Snap","Self Repair+1","Self Repair+1","Glacier","Electrodynamics","Conserve Battery","Ball Lightning","Compile Driver","Hologram","Buffer+1","Go for the Eyes+1","Conserve Battery","Melter","Sunder+1","Capacitor+1","Stack+1","Conserve Battery","Ball Lightning","Creative AI","Cold Snap+1","Panache+1","Hologram","Capacitor+1","Barrage","Defragment+1","Hologram+1","Shame","Go for the Eyes+1","Stack+1","Madness+1","Madness+1","Reboot+1","Hologram+1"],"special_seed":0,"relics":["Cracked Core","Bag of Marbles","Centennial Puzzle","Bag of Preparation","Smiling Mask","Coffee Dripper","Nunchaku","Dodecahedron","Kunai","Blue Candle","Red Mask","Art of War","Cursed Key","Toxic Egg 2","Regal Pillow","Strawberry","Tiny Chest"],"potions_floor_usage":[10,16,22,29,30,33,37,47,50],"damage_taken":[{"damage":7,"enemies":"Jaw Worm","floor":1,"turns":3},{"damage":4,"enemies":"2 Louse","floor":2,"turns":3},{"damage":8,"enemies":"Small Slimes","floor":3,"turns":3},{"damage":16,"enemies":"3 Louse","floor":4,"turns":5},{"damage":23,"enemies":"Lagavulin","floor":7,"turns":8},{"damage":0,"enemies":"3 Sentries","floor":10,"turns":5},{"damage":8,"enemies":"Lagavulin","floor":12,"turns":8},{"damage":1,"enemies":"Blue Slaver","floor":13,"turns":4},{"damage":12,"enemies":"The Guardian","floor":16,"turns":10},{"damage":7,"enemies":"2 Thieves","floor":18,"turns":3},{"damage":6,"enemies":"Chosen","floor":20,"turns":5},{"damage":8,"enemies":"Centurion and Healer","floor":21,"turns":6},{"damage":28,"enemies":"Cultist and Chosen","floor":22,"turns":5},{"damage":49,"enemies":"Slavers","floor":24,"turns":4},{"damage":0,"enemies":"Snecko","floor":27,"turns":3},{"damage":0,"enemies":"Gremlin Leader","floor":29,"turns":6},{"damage":0,"floor":30,"turns":4},{"damage":8,"enemies":"Book of Stabbing","floor":31,"turns":6},{"damage":2,"enemies":"Collector","floor":33,"turns":12},{"damage":0,"enemies":"3 Shapes","floor":35,"turns":4},{"damage":19,"enemies":"3 Darklings","floor":37,"turns":5},{"damage":0,"enemies":"Spire Growth","floor":39,"turns":5},{"damage":12,"enemies":"2 Orb Walkers","floor":41,"turns":4},{"damage":9,"enemies":"Giant Head","floor":44,"turns":9},{"damage":0,"enemies":"Maw","floor":45,"turns":8},{"damage":7,"enemies":"Nemesis","floor":47,"turns":7},{"damage":0,"enemies":"Transient","floor":48,"turns":5},{"damage":27,"enemies":"Time Eater","floor":50,"turns":9}],"seed_played":"-2197719635157960161","potions_obtained":[{"floor":1,"key":"FocusPotion"},{"floor":3,"key":"Fire Potion"},{"floor":12,"key":"Weak Potion"},{"floor":13,"key":"Fire Potion"},{"floor":18,"key":"LiquidBronze"},{"floor":24,"key":"Regen Potion"},{"floor":27,"key":"Dexterity Potion"},{"floor":33,"key":"PowerPotion"},{"floor":35,"key":"PowerPotion"},{"floor":41,"key":"AttackPotion"},{"floor":44,"key":"SpeedPotion"},{"floor":45,"key":"SkillPotion"}],"is_trial":false,"path_per_floor":["M","M","M","M","?","R","E","R","T","E","R","E","M","$","R","B",null,"M","$","M","M","M","R","E","R","T","M","?","E","?","E","R","B",null,"M","$","M","$","M","R","E","R","T","E","M","?","E","M","R","B"],"character_chosen":"DEFECT","items_purchased":["Compile Driver","Hologram","Conserve Battery","Melter","Panache","Capacitor","Barrage"],"campfire_rested":0,"item_purchase_floors":[14,14,19,19,36,38,38],"current_hp_per_floor":[68,64,63,61,66,66,57,57,57,71,71,80,87,87,87,87,87,87,87,87,87,69,69,40,40,40,50,50,85,87,87,87,87,87,87,87,87,87,87,87,85,85,85,94,94,82,94,94,94,87],"gold":203,"neow_bonus":"TEN_PERCENT_HP_BONUS","is_prod":false,"is_daily":false,"chose_seed":false,"campfire_upgraded":10,"win_rate":0,"timestamp":1534882321,"path_taken":["M","M","M","M","?","R","E","R","T","E","R","E","M","$","R","BOSS","M","$","M","M","M","R","E","R","T","M","?","E","?","E","R","BOSS","M","$","M","$","M","R","E","R","T","E","M","?","E","M","R","BOSS"],"build_version":"2018-08-16","purchased_purges":4,"victory":true,"max_hp_per_floor":[82,82,82,82,87,87,87,87,87,87,87,87,87,87,87,87,87,87,87,87,87,87,87,87,87,87,87,87,87,87,87,87,87,87,87,87,87,87,87,87,87,87,87,94,94,94,94,94,94,94],"card_choices":[{"not_picked":["Chaos","Stack"],"picked":"Cold Snap","floor":1},{"not_picked":["Cold Snap","Recycle"],"picked":"Self Repair","floor":2},{"not_picked":["Gash","Conserve Battery"],"picked":"Self Repair","floor":3},{"not_picked":["Conserve Battery","White Noise"],"picked":"Glacier","floor":4},{"not_picked":["Steam","Rebound"],"picked":"Electrodynamics","floor":7},{"not_picked":["Reprogram","Blizzard","White Noise"],"picked":"SKIP","floor":10},{"not_picked":["BootSequence","Self Repair"],"picked":"Conserve Battery","floor":12},{"not_picked":["White Noise","Redo"],"picked":"Ball Lightning","floor":13},{"not_picked":["Thunder Strike","Hyperbeam"],"picked":"Buffer","floor":16},{"not_picked":["Tempest","Steam Power"],"picked":"Go for the Eyes+1","floor":18},{"not_picked":["Coolheaded+1","Beam Cell"],"picked":"Sunder+1","floor":20},{"not_picked":["Redo","Sweeping Beam"],"picked":"Capacitor","floor":21},{"not_picked":["Melter","Leap","Streamline+1"],"picked":"SKIP","floor":22},{"not_picked":["Rebound+1","Rainbow","Heatsinks+1"],"picked":"SKIP","floor":24},{"not_picked":["Coolheaded","Steam Power+1"],"picked":"Stack","floor":27},{"not_picked":["Gash","FTL"],"picked":"Conserve Battery","floor":29},{"not_picked":["Steam Power","Blizzard+1"],"picked":"Ball Lightning","floor":30},{"not_picked":["Blizzard","Chaos","Melter"],"picked":"SKIP","floor":31},{"not_picked":["Thunder Strike","All For One"],"picked":"Creative AI","floor":33},{"not_picked":["Chill","Beam Cell+1"],"picked":"Cold Snap+1","floor":35},{"not_picked":["Gash","Sweeping Beam+1"],"picked":"Hologram","floor":37},{"not_picked":["Coolheaded","Consume"],"picked":"Defragment","floor":39},{"not_picked":["Steam","Gash+1"],"picked":"Hologram","floor":41},{"not_picked":["Cold Snap","Thunder Strike"],"picked":"Go for the Eyes+1","floor":44},{"not_picked":["Static Discharge+1","Sweeping Beam+1"],"picked":"Stack+1","floor":45},{"not_picked":["Gash","Sweeping Beam"],"picked":"Reboot+1","floor":47},{"not_picked":["Steam+1","Rebound+1"],"picked":"Hologram+1","floor":48}],"player_experience":121127,"relics_obtained":[{"floor":7,"key":"Bag of Marbles"},{"floor":9,"key":"Centennial Puzzle"},{"floor":10,"key":"Bag of Preparation"},{"floor":12,"key":"Smiling Mask"},{"floor":24,"key":"Nunchaku"},{"floor":26,"key":"Dodecahedron"},{"floor":29,"key":"Blue Candle"},{"floor":30,"key":"Red Mask"},{"floor":31,"key":"Art of War"},{"floor":41,"key":"Toxic Egg 2"},{"floor":43,"key":"Regal Pillow"},{"floor":44,"key":"Strawberry"},{"floor":47,"key":"Tiny Chest"}],"event_choices":[{"event_name":"Big Fish","player_choice":"Donut","floor":5,"damage_taken":0},{"event_name":"The Mausoleum","player_choice":"Yes","floor":28,"damage_taken":0},{"event_name":"Masked Bandits","player_choice":"Fought Bandits","floor":30,"damage_taken":0},{"event_name":"Winding Halls","player_choice":"Embrace Madness","floor":46,"damage_taken":0}],"is_beta":false,"boss_relics":[{"not_picked":["Empty Cage","FrozenCore"],"picked":"Coffee Dripper"},{"not_picked":["Nuclear Battery","Fusion Hammer"],"picked":"Cursed Key"}],"items_purged_floors":[14,19,36,38],"is_endless":false,"potions_floor_spawned":[1,3,12,13,18,24,27,33,35,41,44,45],"ascension_level":6}