{"gold_per_floor":[114,19,38,53,41,67,67,96,96,96,110,140,170,170,170,266,266,286,299,317,331,246,246,277,277,346,346],"floor_reached":27,"playtime":1322,"items_purged":[],"score":392,"play_id":"1902ac91-a8a2-47bf-bd22-8ad9c2282ec3","local_time":"20190403120529","is_ascension_mode":true,"campfire_choices":[{"floor":7,"key":"REST"},{"floor":10,"key":"REST"},{"floor":15,"key":"REST"},{"floor":23,"key":"REST"},{"floor":25,"key":"REST"}],"neow_cost":"NONE","seed_source_timestamp":68454743157820,"circlet_count":0,"master_deck":["Strike_R","Strike_R","Strike_R","Strike_R","Strike_R","Defend_R","Bash","Rampage","True Grit","Twin Strike","Sever Soul","Armaments","Clothesline","Perfected Strike","Flame Barrier","Uppercut","Pommel Strike","Impervious","Perfected Strike+1","Uppercut","Perfected Strike+1","Disarm","Corruption"],"relics":["Burning Blood","Potion Belt","Pear","Ornamental Fan","Orichalcum","Odd Mushroom","Empty Cage","Happy Flower","The Courier","Matryoshka"],"potions_floor_usage":[6,13,16,21,24,24,24,24,24,24,27,27,27,27],"damage_taken":[{"damage":1,"enemies":"Cultist","floor":1,"turns":3},{"damage":14,"enemies":"2 Louse","floor":3,"turns":4},{"damage":0,"enemies":"Small Slimes","floor":4,"turns":3},{"damage":22,"enemies":"Exordium Thugs","floor":5,"turns":4},{"damage":49,"enemies":"Lagavulin","floor":6,"turns":6},{"damage":36,"enemies":"3 Sentries","floor":8,"turns":8},{"damage":4,"enemies":"Exordium Wildlife","floor":11,"turns":3},{"damage":26,"enemies":"Lagavulin","floor":12,"turns":7},{"damage":14,"enemies":"The Mushroom Lair","floor":13,"turns":4},{"damage":35,"enemies":"The Guardian","floor":16,"turns":13},{"damage":27,"enemies":"Shell Parasite","floor":18,"turns":6},{"damage":13,"enemies":"Spheric Guardian","floor":19,"turns":5},{"damage":20,"enemies":"Cultist and Chosen","floor":20,"turns":9},{"damage":26,"enemies":"Sentry and Sphere","floor":21,"turns":5},{"damage":35,"enemies":"Slavers","floor":24,"turns":6},{"damage":49,"enemies":"Gremlin Leader","floor":27,"turns":7}],"seed_played":"585099163554754124","potions_obtained":[{"floor":1,"key":"Ancient Potion"},{"floor":4,"key":"SpeedPotion"},{"floor":6,"key":"SkillPotion"},{"floor":8,"key":"Energy Potion"},{"floor":13,"key":"Energy Potion"},{"floor":16,"key":"GamblersBrew"},{"floor":19,"key":"EntropicBrew"},{"floor":21,"key":"SteroidPotion"}],"is_trial":false,"path_per_floor":["M","$","M","M","M","E","R","E","T","R","M","E","?","?","R","B",null,"M","M","M","M","?","R","E","R","T","E"],"character_chosen":"IRONCLAD","items_purchased":["True Grit","PowerPotion"],"campfire_rested":5,"item_purchase_floors":[2,2],"current_hp_per_floor":[85,85,77,83,67,24,50,30,30,59,61,41,33,33,62,33,82,61,54,40,20,20,49,20,49,49,0],"gold":346,"neow_bonus":"TEN_PERCENT_HP_BONUS","is_prod":false,"is_daily":false,"chose_seed":false,"campfire_upgraded":0,"win_rate":0,"timestamp":1554318329,"path_taken":["M","$","M","M","?","E","R","E","T","R","M","E","?","?","R","BOSS","M","M","M","?","?","R","E","R","T","E"],"build_version":"2019-01-23","purchased_purges":0,"victory":false,"max_hp_per_floor":[88,88,88,88,88,88,88,98,98,98,98,98,98,98,98,98,98,98,98,98,98,98,98,98,98,98,98],"card_choices":[{"not_picked":["Carnage","Flex"],"picked":"Rampage","floor":1},{"not_picked":["Seeing Red","Evolve"],"picked":"Twin Strike","floor":3},{"not_picked":["Body Slam","Clash"],"picked":"Sever Soul","floor":4},{"not_picked":["Body Slam","Cleave"],"picked":"Armaments","floor":5},{"not_picked":["True Grit","Sword Boomerang"],"picked":"Clothesline","floor":6},{"not_picked":["Warcry","Evolve"],"picked":"Perfected Strike","floor":8},{"not_picked":["Twin Strike","Flex"],"picked":"Flame Barrier","floor":11},{"not_picked":["Combust","Clash"],"picked":"Uppercut","floor":12},{"not_picked":["Flex","Clash"],"picked":"Pommel Strike","floor":13},{"not_picked":["Exhume","Juggernaut"],"picked":"Impervious","floor":16},{"not_picked":["Pommel Strike","Corruption"],"picked":"Perfected Strike+1","floor":18},{"not_picked":["Shrug It Off","Sentinel"],"picked":"Uppercut","floor":19},{"not_picked":["Armaments","Thunderclap+1"],"picked":"Perfected Strike+1","floor":20},{"not_picked":["Feel No Pain","Fire Breathing"],"picked":"Disarm","floor":21},{"not_picked":["Armaments+1","Dark Embrace"],"picked":"Corruption","floor":24}],"player_experience":364929,"relics_obtained":[{"floor":6,"key":"Potion Belt"},{"floor":8,"key":"Pear"},{"floor":9,"key":"Ornamental Fan"},{"floor":12,"key":"Orichalcum"},{"floor":13,"key":"Odd Mushroom"},{"floor":24,"key":"The Courier"},{"floor":26,"key":"Matryoshka"}],"event_choices":[{"damage_healed":0,"gold_gain":0,"player_choice":"Fought Mushrooms","damage_taken":0,"max_hp_gain":0,"max_hp_loss":0,"event_name":"Mushrooms","floor":13,"gold_loss":0},{"cards_removed":["Defend_R"],"damage_healed":0,"gold_gain":0,"player_choice":"Purged","damage_taken":0,"max_hp_gain":0,"max_hp_loss":0,"event_name":"Purifier","floor":14,"gold_loss":0},{"damage_healed":0,"gold_gain":0,"player_choice":"Obtained Relic","damage_taken":0,"relics_obtained":["Happy Flower"],"max_hp_gain":0,"max_hp_loss":0,"event_name":"Addict","floor":22,"gold_loss":85}],"is_beta":false,"boss_relics":[{"not_picked":["Tiny House","Black Star"],"picked":"Empty Cage"}],"items_purged_floors":[],"is_endless":false,"potions_floor_spawned":[1,4,6,8,13,16,19,21],"killed_by":"Gremlin Leader","ascension_level":9}