{"gold_per_floor":[113,38,58,73,73,107,107,139,164,164,181,192,192,57,57,134,134,152,181,181,194,194],"floor_reached":22,"playtime":934,"items_purged":[],"score":365,"play_id":"da3ee5a5-c677-49ba-9073-4f2b2e23cd90","local_time":"20190415102712","is_ascension_mode":true,"campfire_choices":[{"floor":10,"key":"REST"},{"data":"Flame Barrier","floor":13,"key":"SMITH"},{"floor":15,"key":"REST"}],"neow_cost":"NONE","seed_source_timestamp":111472245600094,"circlet_count":0,"master_deck":["AscendersBane","Bash","Flame Barrier+1","Clothesline","Spot Weakness+1","Infernal Blade","Shrug It Off","Havoc","Flame Barrier","Limit Break+1","Reaper","Infernal Blade","Limit Break","Dual Wield","Offering","Bludgeon","Shrug It Off","Shrug It Off","Bloodletting","Shrug It Off+1","Twin Strike+1","Shockwave"],"relics":["Burning Blood","Potion Belt","GremlinMask","Bronze Scales","Pen Nib","Pandora\u0027s Box","Red Mask"],"potions_floor_usage":[6,8,19],"damage_taken":[{"damage":4,"enemies":"Small Slimes","floor":1,"turns":4},{"damage":2,"enemies":"Jaw Worm","floor":3,"turns":5},{"damage":9,"enemies":"Cultist","floor":4,"turns":5},{"damage":45,"enemies":"3 Sentries","floor":6,"turns":10},{"damage":29,"enemies":"Lagavulin","floor":8,"turns":8},{"damage":21,"enemies":"Large Slime","floor":11,"turns":8},{"damage":1,"enemies":"Blue Slaver","floor":12,"turns":4},{"damage":42,"enemies":"Hexaghost","floor":16,"turns":11},{"damage":0,"enemies":"3 Byrds","floor":18,"turns":1},{"damage":59,"enemies":"Masked Bandits","floor":19,"turns":5},{"damage":22,"enemies":"Spheric Guardian","floor":21,"turns":6},{"damage":46,"enemies":"Shelled Parasite and Fungi","floor":22,"turns":5}],"seed_played":"5262670954809157666","potions_obtained":[{"floor":1,"key":"BloodPotion"},{"floor":4,"key":"Poison Potion"},{"floor":16,"key":"PowerPotion"}],"is_trial":false,"path_per_floor":["M","?","M","M","?","E","?","E","T","R","M","M","R","$","R","B",null,"M","?","?","M","M"],"character_chosen":"IRONCLAD","items_purchased":["Limit Break"],"campfire_rested":2,"item_purchase_floors":[14],"current_hp_per_floor":[77,77,81,78,78,47,47,24,24,48,33,38,38,38,62,26,68,74,31,31,15,0],"gold":194,"neow_bonus":"TEN_PERCENT_HP_BONUS","is_prod":false,"is_daily":false,"chose_seed":false,"campfire_upgraded":1,"win_rate":0,"timestamp":1555349232,"path_taken":["M","?","M","M","?","E","?","E","T","R","M","?","R","$","R","BOSS","M","?","?","M","M"],"build_version":"2019-01-23","purchased_purges":0,"victory":false,"max_hp_per_floor":[82,82,82,82,82,82,82,82,82,82,82,82,82,82,82,82,82,82,82,82,82,82],"card_choices":[{"not_picked":["Inflame","Searing Blow"],"picked":"Flame Barrier","floor":1},{"not_picked":["Twin Strike","Corruption"],"picked":"Clothesline","floor":3},{"not_picked":["Wild Strike","Body Slam"],"picked":"Spot Weakness","floor":4},{"not_picked":["Flex","Seeing Red"],"picked":"Infernal Blade","floor":6},{"not_picked":["Rupture","Clothesline"],"picked":"Shrug It Off","floor":8},{"not_picked":["Blood for Blood","Sever Soul"],"picked":"Havoc","floor":11},{"not_picked":["Sword Boomerang","Pommel Strike"],"picked":"Flame Barrier","floor":12},{"not_picked":["Bludgeon","Berserk"],"picked":"Reaper","floor":16},{"not_picked":["Thunderclap","Havoc"],"picked":"Shrug It Off+1","floor":18},{"not_picked":["Cleave","True Grit"],"picked":"Twin Strike+1","floor":19},{"not_picked":["Headbutt","Sever Soul+1"],"picked":"Shockwave","floor":21}],"player_experience":430712,"relics_obtained":[{"floor":6,"key":"Potion Belt"},{"floor":8,"key":"Bronze Scales"},{"floor":9,"key":"Pen Nib"},{"floor":19,"key":"Red Mask"}],"event_choices":[{"cards_removed":["Strike_R"],"damage_healed":0,"gold_gain":0,"player_choice":"Card Removal","damage_taken":0,"max_hp_gain":0,"max_hp_loss":0,"event_name":"The Cleric","floor":2,"gold_loss":75},{"damage_healed":0,"gold_gain":0,"player_choice":"Grow","damage_taken":0,"max_hp_gain":0,"max_hp_loss":0,"event_name":"Living Wall","floor":5,"gold_loss":0,"cards_upgraded":["Spot Weakness"]},{"damage_healed":0,"gold_gain":0,"player_choice":"Trade","damage_taken":0,"relics_obtained":["GremlinMask"],"max_hp_gain":0,"max_hp_loss":0,"event_name":"FaceTrader","floor":7,"gold_loss":0},{"damage_healed":0,"gold_gain":0,"player_choice":"Fought Bandits","damage_taken":0,"max_hp_gain":0,"max_hp_loss":0,"event_name":"Masked Bandits","floor":19,"gold_loss":0},{"damage_healed":0,"gold_gain":0,"player_choice":"Upgraded","damage_taken":0,"max_hp_gain":0,"max_hp_loss":0,"event_name":"Upgrade Shrine","floor":20,"gold_loss":0,"cards_upgraded":["Limit Break"]}],"is_beta":false,"boss_relics":[{"not_picked":["Runic Cube","Eternal Feather"],"picked":"Pandora\u0027s Box"}],"items_purged_floors":[],"is_endless":false,"potions_floor_spawned":[1,4,16],"killed_by":"Shelled Parasite and Fungi","ascension_level":15}