{"gold_per_floor":[109,127,127,89,89,122,122,136,136,146,160,189,207,157,157,257,257,268,287,298,325,250,313,313,339,385,285,312,312,322,322,322,425,425,437,456,473,473,483,483,516,516,516,616,634,634,647,658,658,658],"floor_reached":51,"playtime":3334,"items_purged":["Strike_R","Normality"],"score":1095,"play_id":"b149fba8-da5b-486c-98be-1b1cf090242d","local_time":"20190428153303","is_ascension_mode":true,"campfire_choices":[{"data":"Heavy Blade","floor":7,"key":"SMITH"},{"data":"Dual Wield","floor":15,"key":"SMITH"},{"data":"Whirlwind","floor":29,"key":"SMITH"},{"data":"Dual Wield","floor":32,"key":"SMITH"},{"data":"Inflame","floor":40,"key":"SMITH"},{"data":"Battle Trance","floor":42,"key":"SMITH"},{"data":"Inflame","floor":46,"key":"SMITH"},{"data":"Pommel Strike","floor":49,"key":"SMITH"}],"neow_cost":"NONE","seed_source_timestamp":1614123719103100,"circlet_count":0,"master_deck":["Strike_R","Defend_R+1","Defend_R","Defend_R","Bash","Pommel Strike+1","Inflame+1","Inflame+1","Exhume","Heavy Blade+1","Battle Trance+1","Dual Wield+1","Battle Trance+1","Reaper","Inflame+1","Inflame+1","Whirlwind+1","Parasite","Dual Wield+1","Reaper","Injury","Inflame+1"],"relics":["Burning Blood","NeowsBlessing","Shuriken","Mummified Hand","Ancient Tea Set","Anchor","Cursed Key","Red Mask","Tiny Chest","Pen Nib","Orichalcum","Bag of Marbles","Matryoshka","Empty Cage","Thread and Needle","War Paint","Self Forming Clay","Pocketwatch"],"potions_floor_usage":[12,16,20,23,36],"damage_taken":[{"damage":0,"enemies":"Jaw Worm","floor":1,"turns":1},{"damage":0,"enemies":"Small Slimes","floor":2,"turns":1},{"damage":0,"enemies":"3 Sentries","floor":6,"turns":1},{"damage":1,"enemies":"Cultist","floor":8,"turns":3},{"damage":0,"enemies":"2 Fungi Beasts","floor":10,"turns":2},{"damage":7,"enemies":"Large Slime","floor":11,"turns":5},{"damage":30,"enemies":"Lagavulin","floor":12,"turns":4},{"damage":28,"enemies":"Exordium Wildlife","floor":13,"turns":5},{"damage":34,"enemies":"The Guardian","floor":16,"turns":7},{"damage":25,"enemies":"3 Byrds","floor":18,"turns":5},{"damage":2,"enemies":"Shell Parasite","floor":19,"turns":2},{"damage":38,"enemies":"Chosen and Byrds","floor":20,"turns":6},{"damage":9,"enemies":"Masked Bandits","floor":21,"turns":3},{"damage":19,"enemies":"Gremlin Leader","floor":23,"turns":5},{"damage":17,"enemies":"Slavers","floor":25,"turns":3},{"damage":11,"enemies":"Book of Stabbing","floor":28,"turns":3},{"damage":0,"enemies":"Cultist and Chosen","floor":30,"turns":3},{"damage":20,"enemies":"Collector","floor":33,"turns":3},{"damage":28,"enemies":"3 Shapes","floor":35,"turns":2},{"damage":22,"enemies":"3 Darklings","floor":36,"turns":3},{"damage":44,"enemies":"Transient","floor":37,"turns":5},{"damage":5,"enemies":"Sphere and 2 Shapes","floor":39,"turns":3},{"damage":0,"enemies":"Reptomancer","floor":41,"turns":2},{"damage":0,"enemies":"Mind Bloom Boss Battle","floor":44,"turns":1},{"damage":0,"enemies":"Jaw Worm Horde","floor":45,"turns":2},{"damage":27,"enemies":"Transient","floor":47,"turns":5},{"damage":0,"enemies":"Maw","floor":48,"turns":3},{"damage":44,"enemies":"Donu and Deca","floor":50,"turns":4}],"seed_played":"1221853989441520496","potions_obtained":[{"floor":2,"key":"LiquidBronze"},{"floor":6,"key":"FearPotion"},{"floor":11,"key":"Dexterity Potion"},{"floor":20,"key":"SkillPotion"},{"floor":23,"key":"AttackPotion"},{"floor":30,"key":"Strength Potion"},{"floor":36,"key":"Fruit Juice"},{"floor":41,"key":"LiquidBronze"},{"floor":45,"key":"SkillPotion"}],"is_trial":false,"path_per_floor":["M","M","?","$","?","E","R","M","T","M","M","E","M","?","R","B",null,"M","M","M","?","$","E","T","E","T","$","E","R","M","?","R","B",null,"M","M","M","$","M","R","E","R","T","?","M","R","M","M","R","B",null],"character_chosen":"IRONCLAD","items_purchased":["Inflame"],"campfire_rested":0,"item_purchase_floors":[4],"current_hp_per_floor":[78,80,68,68,68,74,74,79,79,80,79,55,49,49,49,31,68,58,77,66,80,80,80,80,78,78,78,80,80,80,80,80,66,77,55,85,47,47,85,85,85,85,85,85,85,85,81,85,85,47],"gold":658,"neow_bonus":"THREE_ENEMY_KILL","is_prod":false,"is_daily":false,"chose_seed":false,"campfire_upgraded":8,"win_rate":0,"timestamp":1556458383,"path_taken":["M","M","?","$","?","E","R","?","T","M","M","E","M","?","R","BOSS","M","M","M","?","$","E","?","E","T","$","E","R","?","?","R","BOSS","M","M","M","$","M","R","E","R","T","?","M","R","M","M","R","BOSS"],"build_version":"2019-01-23","purchased_purges":2,"victory":true,"max_hp_per_floor":[80,80,80,80,80,80,80,80,80,80,80,80,80,80,80,80,80,80,80,80,80,80,80,80,80,80,80,80,80,80,80,80,80,80,80,85,85,85,85,85,85,85,85,85,85,85,85,85,85,85],"card_choices":[{"not_picked":["Twin Strike","Cleave"],"picked":"Pommel Strike","floor":1},{"not_picked":["Warcry","Thunderclap"],"picked":"Inflame","floor":2},{"not_picked":["Reckless Charge","Perfected Strike"],"picked":"Heavy Blade","floor":6},{"not_picked":["Hemokinesis","True Grit"],"picked":"Battle Trance","floor":8},{"not_picked":["Iron Wave","Shrug It Off"],"picked":"Dual Wield","floor":10},{"not_picked":["Body Slam","Power Through"],"picked":"Battle Trance","floor":11},{"not_picked":["Anger","Shrug It Off"],"picked":"Reaper","floor":12},{"not_picked":["Flex","Iron Wave","Corruption"],"picked":"SKIP","floor":13},{"not_picked":["Anger+1","Pommel Strike"],"picked":"Inflame+1","floor":18},{"not_picked":["Blood for Blood","Thunderclap","Power Through"],"picked":"SKIP","floor":19},{"not_picked":["Rage","Burning Pact"],"picked":"Inflame+1","floor":20},{"not_picked":["Disarm+1","Havoc"],"picked":"Whirlwind","floor":23},{"not_picked":["Perfected Strike","Power Through+1","Dark Embrace"],"picked":"SKIP","floor":25},{"not_picked":["Searing Blow","Shockwave","Havoc"],"picked":"SKIP","floor":28},{"not_picked":["Anger+1","Corruption","Havoc"],"picked":"SKIP","floor":30},{"not_picked":["Berserk","Dark Embrace"],"picked":"Reaper","floor":33},{"not_picked":["True Grit","Headbutt+1","Armaments"],"picked":"SKIP","floor":35},{"not_picked":["Cleave","Thunderclap","Power Through"],"picked":"SKIP","floor":36},{"not_picked":["Clash+1","Rupture+1","Cleave"],"picked":"SKIP","floor":37},{"not_picked":["Feel No Pain+1","Warcry+1","Iron Wave+1"],"picked":"SKIP","floor":39},{"not_picked":["Sentinel","Headbutt","Wild Strike"],"picked":"SKIP","floor":41},{"not_picked":["Anger+1","Flex"],"picked":"Inflame+1","floor":45},{"not_picked":["Clash+1","Evolve","Thunderclap+1"],"picked":"SKIP","floor":47},{"not_picked":["Shrug It Off","Disarm+1","Seeing Red"],"picked":"SKIP","floor":48}],"player_experience":822559,"relics_obtained":[{"floor":6,"key":"Mummified Hand"},{"floor":9,"key":"Ancient Tea Set"},{"floor":12,"key":"Anchor"},{"floor":21,"key":"Red Mask"},{"floor":23,"key":"Tiny Chest"},{"floor":24,"key":"Pen Nib"},{"floor":25,"key":"Orichalcum"},{"floor":26,"key":"Bag of Marbles"},{"floor":28,"key":"Matryoshka"},{"floor":41,"key":"Thread and Needle"},{"floor":43,"key":"War Paint"},{"floor":43,"key":"Self Forming Clay"},{"floor":44,"key":"Pocketwatch"}],"event_choices":[{"damage_healed":0,"gold_gain":0,"player_choice":"Success","damage_taken":12,"relics_obtained":["Shuriken"],"max_hp_gain":0,"max_hp_loss":0,"event_name":"Scrap Ooze","floor":3,"gold_loss":0},{"damage_healed":0,"gold_gain":0,"cards_transformed":["Strike_R"],"player_choice":"Transformed","damage_taken":0,"max_hp_gain":0,"max_hp_loss":0,"event_name":"Transmorgrifier","floor":5,"gold_loss":0,"cards_obtained":["Exhume"]},{"cards_removed":["Strike_R"],"damage_healed":0,"gold_gain":0,"player_choice":"Card Removal","damage_taken":0,"max_hp_gain":0,"max_hp_loss":0,"event_name":"The Cleric","floor":14,"gold_loss":50},{"damage_healed":0,"gold_gain":0,"player_choice":"Fought Bandits","damage_taken":0,"max_hp_gain":0,"max_hp_loss":0,"event_name":"Masked Bandits","floor":21,"gold_loss":0},{"damage_healed":0,"gold_gain":0,"player_choice":"Read","damage_taken":0,"max_hp_gain":0,"max_hp_loss":0,"event_name":"The Library","floor":31,"gold_loss":0,"cards_obtained":["Dual Wield"]},{"damage_healed":0,"gold_gain":0,"player_choice":"Fight","damage_taken":0,"max_hp_gain":0,"max_hp_loss":0,"event_name":"MindBloom","floor":44,"gold_loss":0}],"is_beta":false,"boss_relics":[{"not_picked":["Calling Bell","White Beast Statue"],"picked":"Cursed Key"},{"not_picked":["Velvet Choker","Black Star"],"picked":"Empty Cage"}],"items_purged_floors":[22,27],"is_endless":false,"potions_floor_spawned":[2,6,11,20,23,30,36,41,45,47,48],"ascension_level":7}