{"gold_per_floor":[109,184,184,199,199,199,215,240,264,288,331,12,12,12,12,133,133,152,235,250,7,57,57],"floor_reached":23,"playtime":996,"items_purged":[],"score":189,"play_id":"17e32541-3503-4f75-bea4-40d8163a165f","local_time":"20181104202333","is_ascension_mode":false,"campfire_choices":[{"floor":6,"key":"REST"},{"floor":15,"key":"REST"}],"neow_cost":"NONE","seed_source_timestamp":85057602993233,"circlet_count":0,"master_deck":["Strike_B","Strike_B","Defend_B","Defend_B","Defend_B","Defend_B","Zap","Dualcast","Compile Driver","Redo","Streamline","Conserve Battery","Ball Lightning","Rebound","Streamline","Chill","Dramatic Entrance","Rainbow+1","Sweeping Beam","Leap+1","Stack"],"relics":["Cracked Core","Golden Idol","Anchor","Happy Flower","Blood Vial","Lantern","SsserpentHead","Empty Cage","Red Mask","Lee\u0027s Waffle"],"potions_floor_usage":[4,16,19,23,23],"damage_taken":[{"damage":3,"enemies":"Jaw Worm","floor":1,"turns":3},{"damage":2,"enemies":"Small Slimes","floor":4,"turns":3},{"damage":1,"enemies":"Cultist","floor":7,"turns":3},{"damage":2,"enemies":"Blue Slaver","floor":8,"turns":3},{"damage":1,"enemies":"Large Slime","floor":10,"turns":4},{"damage":15,"enemies":"Gremlin Nob","floor":11,"turns":4},{"damage":60,"enemies":"Hexaghost","floor":16,"turns":11},{"damage":19,"enemies":"Spheric Guardian","floor":18,"turns":4},{"damage":22,"enemies":"Masked Bandits","floor":19,"turns":4},{"damage":0,"enemies":"Chosen","floor":20,"turns":4},{"damage":84,"enemies":"Gremlin Leader","floor":23,"turns":9}],"seed_played":"3049215524636620439","potions_obtained":[{"floor":1,"key":"FearPotion"},{"floor":4,"key":"Poison Potion"},{"floor":11,"key":"Energy Potion"},{"floor":18,"key":"Dexterity Potion"},{"floor":20,"key":"Dexterity Potion"}],"is_trial":false,"path_per_floor":["M","?","?","M","?","R","M","M","T","M","E","$","?","?","R","B",null,"M","?","M","$","?","E"],"character_chosen":"DEFECT","items_purchased":["Lantern","Chill","Dramatic Entrance","Lee\u0027s Waffle","Energy Potion"],"campfire_rested":2,"item_purchase_floors":[12,12,12,21,21],"current_hp_per_floor":[72,61,43,41,41,63,62,60,60,59,44,44,44,44,66,8,75,56,36,38,82,82,0],"gold":57,"neow_bonus":"THREE_CARDS","is_prod":false,"is_daily":false,"chose_seed":false,"campfire_upgraded":0,"win_rate":0,"timestamp":1541391813,"path_taken":["M","?","?","M","?","R","M","M","T","?","E","$","?","?","R","BOSS","M","?","M","$","?","E"],"build_version":"2018-11-01","purchased_purges":0,"victory":false,"max_hp_per_floor":[75,75,75,75,75,75,75,75,75,75,75,75,75,75,75,75,75,75,75,75,82,82,82],"card_choices":[{"not_picked":["Turbo","Steam Power"],"picked":"Compile Driver","floor":0},{"not_picked":["Steam Power","Recycle"],"picked":"Redo","floor":1},{"not_picked":["Stack","Genetic Algorithm"],"picked":"Streamline","floor":4},{"not_picked":["Cold Snap","Beam Cell"],"picked":"Conserve Battery","floor":7},{"not_picked":["Rip and Tear","Turbo"],"picked":"Ball Lightning","floor":8},{"not_picked":["Leap","Fission"],"picked":"Rebound","floor":10},{"not_picked":["Glacier","White Noise"],"picked":"Streamline","floor":11},{"not_picked":["Multi-Cast","Hyperbeam"],"picked":"Rainbow","floor":16},{"not_picked":["Leap+1","Streamline+1"],"picked":"Sweeping Beam","floor":18},{"not_picked":["Aggregate+1","Gash+1"],"picked":"Leap+1","floor":19},{"not_picked":["Recycle","Barrage"],"picked":"Stack","floor":20}],"player_experience":82005,"relics_obtained":[{"floor":9,"key":"Happy Flower"},{"floor":11,"key":"Blood Vial"},{"floor":19,"key":"Red Mask"}],"event_choices":[{"damage_healed":0,"gold_gain":75,"player_choice":"Gather Gold","damage_taken":11,"max_hp_gain":0,"max_hp_loss":0,"event_name":"World of Goop","floor":2,"gold_loss":0},{"damage_healed":0,"gold_gain":0,"player_choice":"Take Damage","damage_taken":18,"relics_obtained":["Golden Idol"],"max_hp_gain":0,"max_hp_loss":0,"event_name":"Golden Idol","floor":3,"gold_loss":0},{"damage_healed":0,"gold_gain":0,"player_choice":"Gave Potion","damage_taken":0,"relics_obtained":["Anchor"],"max_hp_gain":0,"max_hp_loss":0,"event_name":"WeMeetAgain","floor":5,"gold_loss":0},{"damage_healed":0,"gold_gain":0,"player_choice":"Ignored","damage_taken":0,"max_hp_gain":0,"max_hp_loss":0,"event_name":"Liars Game","floor":13,"gold_loss":0},{"damage_healed":0,"gold_gain":0,"player_choice":"Trade","damage_taken":0,"relics_obtained":["SsserpentHead"],"max_hp_gain":0,"max_hp_loss":0,"event_name":"FaceTrader","floor":14,"gold_loss":0},{"damage_healed":0,"gold_gain":0,"player_choice":"Fought Bandits","damage_taken":0,"max_hp_gain":0,"max_hp_loss":0,"event_name":"Masked Bandits","floor":19,"gold_loss":0},{"damage_healed":0,"gold_gain":0,"player_choice":"Forge","damage_taken":0,"max_hp_gain":0,"max_hp_loss":0,"event_name":"Accursed Blacksmith","floor":22,"gold_loss":0,"cards_upgraded":["Rainbow"]}],"is_beta":false,"boss_relics":[{"not_picked":["Coffee Dripper","FrozenCore"],"picked":"Empty Cage"}],"items_purged_floors":[],"is_endless":false,"potions_floor_spawned":[1,4,11,18,20],"killed_by":"Gremlin Leader","ascension_level":0}