{"gold_per_floor":[115,134,134,24,42,42,55,55,55,89,103,120,145,74,74,169,169,186,186,186,202,215,215,249,85,153,153,171,182,182,281,281,386,386,405,405,405,405,4,4,4,17,17,31,46,46],"floor_reached":46,"playtime":4073,"items_purged":["Strike_G","Strike_G"],"score":588,"play_id":"75979677-5344-46ad-9b86-46ccc0e3fff9","local_time":"20190327172931","is_ascension_mode":true,"campfire_choices":[{"data":"Neutralize","floor":6,"key":"SMITH"},{"data":"Crippling Poison","floor":8,"key":"SMITH"},{"floor":15,"key":"REST"},{"data":"Catalyst","floor":23,"key":"SMITH"},{"floor":27,"key":"REST"},{"floor":30,"key":"REST"},{"data":"After Image","floor":32,"key":"SMITH"},{"data":"A Thousand Cuts","floor":40,"key":"SMITH"}],"neow_cost":"NONE","seed_source_timestamp":46881282871252,"circlet_count":0,"master_deck":["Defend_G","Defend_G","Defend_G","Defend_G","Defend_G","Strike_G","Survivor","Neutralize+1","Deflect","Blur","Footwork","Crippling Poison+1","Deadly Poison","PiercingWail","Cloak And Dagger","After Image+1","Dash","PiercingWail","Infinite Blades","Envenom+1","Catalyst+1","Distraction","Blur","Dagger Spray+1","Backstab+1","Noxious Fumes","PiercingWail","Burst","Blade Dance+1","A Thousand Cuts+1","Discovery","Madness","Madness","Dagger Throw+1","Bouncing Flask"],"relics":["Ring of the Serpent","Regal Pillow","Bottled Flame","Shuriken","Velvet Choker","Bag of Preparation","Ninja Scroll","Ice Cream"],"potions_floor_usage":[10,13,13,18,22,28,33,46,46],"damage_taken":[{"damage":3,"enemies":"2 Louse","floor":1,"turns":3},{"damage":1,"enemies":"Cultist","floor":2,"turns":5},{"damage":0,"enemies":"Jaw Worm","floor":5,"turns":5},{"damage":15,"enemies":"Large Slime","floor":7,"turns":9},{"damage":37,"enemies":"Gremlin Nob","floor":10,"turns":5},{"damage":0,"enemies":"Exordium Thugs","floor":11,"turns":5},{"damage":3,"enemies":"Looter","floor":12,"turns":4},{"damage":9,"enemies":"3 Sentries","floor":13,"turns":13},{"damage":3,"enemies":"Hexaghost","floor":16,"turns":12},{"damage":3,"enemies":"2 Thieves","floor":18,"turns":4},{"damage":0,"enemies":"Chosen","floor":21,"turns":4},{"damage":2,"enemies":"Centurion and Healer","floor":22,"turns":9},{"damage":32,"enemies":"Slavers","floor":24,"turns":6},{"damage":18,"enemies":"Chosen and Byrds","floor":28,"turns":8},{"damage":29,"enemies":"Cultist and Chosen","floor":29,"turns":7},{"damage":17,"enemies":"Collector","floor":33,"turns":8},{"damage":0,"enemies":"Orb Walker","floor":35,"turns":5},{"damage":6,"enemies":"3 Shapes","floor":42,"turns":6},{"damage":10,"enemies":"Writhing Mass","floor":44,"turns":8},{"damage":4,"enemies":"4 Shapes","floor":45,"turns":4},{"damage":62,"enemies":"Reptomancer","floor":46,"turns":2}],"seed_played":"-2132024851681022833","potions_obtained":[{"floor":1,"key":"Swift Potion"},{"floor":7,"key":"Dexterity Potion"},{"floor":11,"key":"Poison Potion"},{"floor":13,"key":"Explosive Potion"},{"floor":18,"key":"Block Potion"},{"floor":24,"key":"Swift Potion"},{"floor":29,"key":"Poison Potion"},{"floor":42,"key":"SteroidPotion"},{"floor":44,"key":"SteroidPotion"}],"is_trial":false,"path_per_floor":["?","M","?","?","M","?","?","?","?","?","M"],"character_chosen":"THE_SILENT","items_purchased":["Footwork","Crippling Poison","Infinite Blades","Noxious Fumes","PiercingWail","Ice Cream"],"campfire_rested":3,"item_purchase_floors":[4,4,14,25,25,39],"current_hp_per_floor":[74,73,73,73,73,73,58,58,58,21,21,18,9,9,47,44,69,66,66,66,66,64,64,32,32,32,70,52,23,61,61,61,44,69,69,69,59,59,59,59,59,53,53,43,39,0],"gold":46,"neow_bonus":"TEN_PERCENT_HP_BONUS","is_prod":false,"is_daily":false,"chose_seed":false,"campfire_upgraded":5,"win_rate":0,"timestamp":1553729371,"path_taken":["M","M","?","$","M","R","M","R","T","E","?","M","E","$","R","BOSS","M","?","?","M","M","R","E","$","T","R","?","M","R","?","R","BOSS","M","?","?","?","$","R","?","M","T","?","M","E"],"build_version":"2019-01-23","purchased_purges":2,"victory":false,"max_hp_per_floor":[77,77,77,77,77,77,77,77,77,77,77,77,77,77,77,77,77,77,77,77,77,77,77,77,77,77,77,77,77,77,77,77,77,77,77,77,77,77,77,77,77,77,77,77,77,77],"card_choices":[{"not_picked":["Endless Agony","Finisher"],"picked":"Deflect","floor":1},{"not_picked":["Tactician","Choke"],"picked":"Blur","floor":2},{"not_picked":["Finisher","Infinite Blades"],"picked":"Deadly Poison","floor":5},{"not_picked":["Cloak And Dagger","Distraction"],"picked":"PiercingWail","floor":7},{"not_picked":["Choke","Outmaneuver"],"picked":"Cloak And Dagger","floor":10},{"not_picked":["Bane","Caltrops"],"picked":"After Image","floor":11},{"not_picked":["Poisoned Stab","Choke"],"picked":"Dash","floor":12},{"not_picked":["Adrenaline","Dagger Spray"],"picked":"PiercingWail","floor":13},{"not_picked":["A Thousand Cuts","Doppelganger"],"picked":"Envenom","floor":16},{"not_picked":["Flying Knee+1","Deflect+1"],"picked":"Catalyst","floor":18},{"not_picked":["Escape Plan","Quick Slash"],"picked":"Blur","floor":21},{"not_picked":["Flechettes+1","Acrobatics"],"picked":"Dagger Spray+1","floor":22},{"not_picked":["Prepared","Sucker Punch+1"],"picked":"Backstab+1","floor":24},{"not_picked":["Dagger Spray","Blade Dance"],"picked":"Burst","floor":28},{"not_picked":["Masterful Stab","Flying Knee"],"picked":"Blade Dance+1","floor":29},{"not_picked":["Grand Finale","Malaise"],"picked":"A Thousand Cuts","floor":33},{"not_picked":["Underhanded Strike","Escape Plan+1","Backstab"],"picked":"SKIP","floor":35},{"not_picked":["Madness","Mind Blast"],"picked":"Discovery","floor":36},{"not_picked":["Escape Plan","Slice"],"picked":"Dagger Throw+1","floor":42},{"not_picked":["Flechettes+1","Heel Hook"],"picked":"Bouncing Flask","floor":44},{"not_picked":["Underhanded Strike+1","Distraction","Eviscerate"],"picked":"SKIP","floor":45}],"player_experience":362004,"relics_obtained":[{"floor":9,"key":"Regal Pillow"},{"floor":10,"key":"Bottled Flame"},{"floor":13,"key":"Shuriken"},{"floor":24,"key":"Bag of Preparation"},{"floor":26,"key":"Ninja Scroll"}],"event_choices":[{"cards_removed":["Strike_G"],"damage_healed":0,"gold_gain":0,"player_choice":"Card Removal","damage_taken":0,"max_hp_gain":0,"max_hp_loss":0,"event_name":"Wheel of Change","floor":3,"gold_loss":0},{"damage_healed":0,"gold_gain":0,"player_choice":"Ignored","damage_taken":0,"max_hp_gain":0,"max_hp_loss":0,"event_name":"Ghosts","floor":19,"gold_loss":0},{"damage_healed":0,"gold_gain":0,"cards_transformed":["Strike_G"],"player_choice":"Transformed","damage_taken":0,"max_hp_gain":0,"max_hp_loss":0,"event_name":"Transmorgrifier","floor":20,"gold_loss":0,"cards_obtained":["Distraction"]},{"damage_healed":0,"gold_gain":99,"player_choice":"Stole From Cult","damage_taken":0,"max_hp_gain":0,"max_hp_loss":0,"event_name":"Nest","floor":31,"gold_loss":0},{"damage_healed":0,"gold_gain":0,"player_choice":"Memory 1","damage_taken":0,"max_hp_gain":0,"max_hp_loss":0,"event_name":"SensoryStone","floor":36,"gold_loss":0},{"damage_healed":0,"gold_gain":0,"player_choice":"Embrace Madness","damage_taken":10,"max_hp_gain":0,"max_hp_loss":0,"event_name":"Winding Halls","floor":37,"gold_loss":0,"cards_obtained":["Madness","Madness"]},{"damage_healed":0,"gold_gain":0,"player_choice":"Ignored","damage_taken":0,"max_hp_gain":0,"max_hp_loss":0,"event_name":"Tomb of Lord Red Mask","floor":38,"gold_loss":0},{"damage_healed":0,"gold_gain":0,"player_choice":"Upgraded","damage_taken":0,"max_hp_gain":0,"max_hp_loss":0,"event_name":"Upgrade Shrine","floor":41,"gold_loss":0,"cards_upgraded":["Envenom"]}],"is_beta":false,"boss_relics":[{"not_picked":["Eternal Feather","Lizard Tail"],"picked":"Velvet Choker"},{"not_picked":["Calling Bell","Black Star"],"picked":"Ring of the Serpent"}],"items_purged_floors":[25,39],"is_endless":false,"potions_floor_spawned":[1,7,11,13,18,24,29,42,44],"killed_by":"Reptomancer","ascension_level":5}