{"gold_per_floor":[110,121,133,149,149,149,176,176,176,208,208,208],"floor_reached":12,"playtime":6487,"items_purged":[],"score":158,"play_id":"abf9d287-e2a0-489c-adf4-d348dbbdab1d","local_time":"20190505152221","is_ascension_mode":true,"campfire_choices":[{"data":"Metallicize","floor":6,"key":"SMITH"},{"floor":8,"key":"REST"}],"neow_cost":"NONE","seed_source_timestamp":481575301927600,"circlet_count":0,"master_deck":["AscendersBane","Strike_R","Strike_R","Strike_R","Strike_R","Strike_R","Defend_R","Defend_R","Defend_R","Defend_R","Bash","Heavy Blade","Metallicize+1","Pommel Strike","Spot Weakness","Inflame","Disarm"],"relics":["Velvet Choker","Gremlin Horn","Letter Opener","Bag of Marbles"],"potions_floor_usage":[7,12],"damage_taken":[{"damage":1,"enemies":"Cultist","floor":1,"turns":4},{"damage":4,"enemies":"Jaw Worm","floor":2,"turns":3},{"damage":8,"enemies":"Small Slimes","floor":3,"turns":3},{"damage":7,"enemies":"2 Fungi Beasts","floor":4,"turns":3},{"damage":17,"enemies":"Lagavulin","floor":7,"turns":5},{"damage":22,"enemies":"Gremlin Nob","floor":10,"turns":4},{"damage":32,"enemies":"Lagavulin","floor":12,"turns":4}],"seed_played":"5710856198881321828","potions_obtained":[{"floor":2,"key":"SkillPotion"},{"floor":10,"key":"SteroidPotion"}],"is_trial":false,"path_per_floor":["M","M","M","M","$","R","E","R","T","E","?","E"],"character_chosen":"IRONCLAD","items_purchased":[],"campfire_rested":1,"item_purchase_floors":[],"current_hp_per_floor":[67,63,55,48,48,48,31,53,53,31,31,0],"gold":208,"neow_bonus":"BOSS_RELIC","is_prod":false,"is_daily":false,"chose_seed":false,"campfire_upgraded":1,"win_rate":0,"timestamp":1557062541,"path_taken":["M","M","M","M","?","R","E","R","T","E","?","E"],"build_version":"2019-01-23","purchased_purges":0,"victory":false,"max_hp_per_floor":[75,75,75,75,75,75,75,75,75,75,75,75],"card_choices":[{"not_picked":["Sword Boomerang","Second Wind"],"picked":"Heavy Blade","floor":1},{"not_picked":["Thunderclap","Twin Strike"],"picked":"Metallicize","floor":2},{"not_picked":["Searing Blow","Warcry"],"picked":"Pommel Strike","floor":3},{"not_picked":["Heavy Blade","Sentinel"],"picked":"Spot Weakness","floor":4},{"not_picked":["Fiend Fire","Heavy Blade"],"picked":"Inflame","floor":7},{"not_picked":["Perfected Strike","Thunderclap"],"picked":"Disarm","floor":10}],"player_experience":1106340,"relics_obtained":[{"floor":7,"key":"Gremlin Horn"},{"floor":9,"key":"Letter Opener"},{"floor":10,"key":"Bag of Marbles"}],"event_choices":[{"damage_healed":0,"gold_gain":0,"player_choice":"Ignored","damage_taken":0,"max_hp_gain":0,"max_hp_loss":0,"event_name":"Liars Game","floor":11,"gold_loss":0}],"is_beta":false,"boss_relics":[],"items_purged_floors":[],"is_endless":false,"potions_floor_spawned":[2,10],"killed_by":"Lagavulin","ascension_level":16}