{"gold_per_floor":[119,132,132,132,64,91,91,104,104,120,120,140,175,189,189,290,320,337,337,357,373,49,78,109,137,160,160,178,206,106,0,0,102,102,116,163,176,226,226,261,274,299,353,365,389,413,109,125,125,125],"floor_reached":51,"playtime":4000,"items_purged":["Decay","Normality","Injury"],"score":834,"play_id":"2105174f-0a3b-45f1-9a3f-d826e1e4af6a","local_time":"20190411214623","is_ascension_mode":true,"campfire_choices":[{"data":"Defragment","floor":7,"key":"SMITH"},{"data":"Zap","floor":11,"key":"SMITH"},{"data":"Loop","floor":15,"key":"SMITH"},{"floor":32,"key":"REST"},{"floor":49,"key":"REST"}],"neow_cost":"CURSE","seed_source_timestamp":2683816826285066,"circlet_count":0,"master_deck":["Strike_B","Strike_B","Strike_B+1","Strike_B","Defend_B","Defend_B","Defend_B","Defend_B","Zap+1","Dualcast","Genetic Algorithm+1","Defragment+1","Cold Snap","Coolheaded","Loop+1","Echo Form","Electrodynamics","Chill+1","Core Surge+1","Glacier","Defragment"],"relics":["Cracked Core","Meat on the Bone","Cables","Mummified Hand","Singing Bowl","Calling Bell","Tiny Chest","Matryoshka","WingedGreaves","Bottled Tornado","Lantern","Sundial","Happy Flower","Dream Catcher","Bronze Scales","Pear","Velvet Choker","Unceasing Top","Strawberry","Regal Pillow","Darkstone Periapt","Gremlin Horn","MawBank","Whetstone"],"potions_floor_usage":[13,23,24,24,29,29,36,40,41,42,45],"damage_taken":[{"damage":3,"enemies":"Cultist","floor":1,"turns":4},{"damage":3,"enemies":"Small Slimes","floor":2,"turns":3},{"damage":43,"enemies":"Gremlin Nob","floor":6,"turns":5},{"damage":3,"enemies":"2 Louse","floor":8,"turns":2},{"damage":18,"enemies":"Exordium Thugs","floor":10,"turns":4},{"damage":7,"enemies":"Large Slime","floor":12,"turns":6},{"damage":7,"enemies":"3 Sentries","floor":13,"turns":4},{"damage":0,"enemies":"Exordium Wildlife","floor":14,"turns":4},{"damage":14,"enemies":"Hexaghost","floor":16,"turns":10},{"damage":5,"enemies":"3 Byrds","floor":18,"turns":3},{"damage":5,"enemies":"Shell Parasite","floor":20,"turns":7},{"damage":16,"enemies":"Snecko","floor":21,"turns":5},{"damage":7,"enemies":"Book of Stabbing","floor":23,"turns":10},{"damage":27,"enemies":"Slavers","floor":24,"turns":2},{"damage":16,"enemies":"Book of Stabbing","floor":25,"turns":5},{"damage":0,"enemies":"Snake Plant","floor":28,"turns":3},{"damage":16,"enemies":"Slavers","floor":29,"turns":4},{"damage":16,"enemies":"Automaton","floor":33,"turns":12},{"damage":9,"enemies":"3 Darklings","floor":35,"turns":4},{"damage":18,"enemies":"2 Orb Walkers","floor":36,"turns":4},{"damage":1,"enemies":"Orb Walker","floor":37,"turns":3},{"damage":31,"enemies":"Nemesis","floor":40,"turns":9},{"damage":1,"enemies":"Transient","floor":41,"turns":5},{"damage":4,"enemies":"Reptomancer","floor":42,"turns":6},{"damage":0,"enemies":"Sphere and 2 Shapes","floor":45,"turns":4},{"damage":11,"enemies":"Spire Growth","floor":46,"turns":7},{"damage":10,"enemies":"Writhing Mass","floor":48,"turns":5},{"damage":13,"enemies":"Awakened One","floor":50,"turns":21}],"seed_played":"-4549173296514335103","potions_obtained":[{"floor":6,"key":"SkillPotion"},{"floor":8,"key":"Dexterity Potion"},{"floor":13,"key":"Explosive Potion"},{"floor":14,"key":"LiquidBronze"},{"floor":21,"key":"PowerPotion"},{"floor":24,"key":"FearPotion"},{"floor":25,"key":"Regen Potion"},{"floor":28,"key":"Poison Potion"},{"floor":33,"key":"Explosive Potion"},{"floor":36,"key":"FocusPotion"},{"floor":37,"key":"Ancient Potion"},{"floor":41,"key":"Fire Potion"},{"floor":42,"key":"Fruit Juice"},{"floor":46,"key":"SteroidPotion"}],"is_trial":false,"path_per_floor":["M","M","T","?","$","E","R","M","T","M","R","M","E","M","R","B",null,"M","?","M","M","$","E","E","E","T","?","M","E","$","?","R","B",null,"M","?","M","T","?","E","M","E","T","?","M","M","$","M","R","B",null],"character_chosen":"DEFECT","items_purchased":["Defragment","Bottled Tornado","Whetstone","Defragment"],"campfire_rested":2,"item_purchase_floors":[5,22,47,47],"current_hp_per_floor":[86,83,83,83,83,52,52,49,49,43,43,48,55,55,55,53,91,88,88,85,71,71,66,53,51,51,51,63,71,71,71,107,91,117,108,92,93,100,100,71,72,70,70,72,79,82,82,86,147,134],"gold":125,"neow_bonus":"TWENTY_PERCENT_HP_BONUS","is_prod":false,"is_daily":false,"chose_seed":false,"campfire_upgraded":3,"win_rate":0,"timestamp":1555015583,"path_taken":["M","M","?","?","$","E","R","M","T","M","R","?","E","M","R","BOSS","M","?","?","?","$","E","E","E","T","?","M","E","$","?","R","BOSS","M","?","M","?","?","E","?","E","T","?","M","M","$","M","R","BOSS"],"build_version":"2019-01-23","purchased_purges":3,"victory":true,"max_hp_per_floor":[89,89,89,89,89,89,89,89,89,89,89,89,91,91,91,91,91,93,93,95,97,97,99,101,103,103,103,103,115,115,115,117,117,117,117,119,121,128,128,130,132,134,134,136,143,145,145,147,149,149],"card_choices":[{"not_picked":["Turbo","Beam Cell","Compile Driver"],"picked":"SKIP","floor":1},{"not_picked":["Reprogram","Turbo","Barrage"],"picked":"SKIP","floor":2},{"not_picked":["Compile Driver","Redo","Streamline"],"picked":"SKIP","floor":6},{"not_picked":["Stack","Fusion"],"picked":"Cold Snap","floor":8},{"not_picked":["Barrage","Force Field"],"picked":"Coolheaded","floor":10},{"not_picked":["Steam","Skim"],"picked":"Loop","floor":12},{"not_picked":["Stack","Steam","Beam Cell"],"picked":"Singing Bowl","floor":13},{"not_picked":["Leap","Sunder"],"picked":"Echo Form","floor":14},{"not_picked":["Meteor Strike","Seek"],"picked":"Electrodynamics","floor":16},{"not_picked":["Sweeping Beam","Redo","Compile Driver+1"],"picked":"Singing Bowl","floor":18},{"not_picked":["Barrage+1","Machine Learning","Cold Snap"],"picked":"Singing Bowl","floor":20},{"not_picked":["Reprogram","Conserve Battery","Coolheaded"],"picked":"Singing Bowl","floor":21},{"not_picked":["Ball Lightning","Multi-Cast","Gash+1"],"picked":"Singing Bowl","floor":23},{"not_picked":["Rebound","Steam Power","Glacier"],"picked":"Singing Bowl","floor":24},{"not_picked":["Go for the Eyes","Steam","Tempest+1"],"picked":"Singing Bowl","floor":25},{"not_picked":["BootSequence","Compile Driver+1"],"picked":"Chill+1","floor":28},{"not_picked":["Consume","Redo","Steam Power"],"picked":"Singing Bowl","floor":29},{"not_picked":["Stack+1","Auto Shields","Steam Power"],"picked":"Singing Bowl","floor":32},{"not_picked":["Echo Form","All For One"],"picked":"Core Surge","floor":33},{"not_picked":["Recycle+1","Go for the Eyes"],"picked":"Glacier","floor":35},{"not_picked":["Stack","Beam Cell+1","Cold Snap"],"picked":"Singing Bowl","floor":36},{"not_picked":["Auto Shields","Coolheaded","Hello World+1"],"picked":"Singing Bowl","floor":37},{"not_picked":["Auto Shields","Gash+1","Turbo+1"],"picked":"Singing Bowl","floor":40},{"not_picked":["Beam Cell","Barrage+1","Stack"],"picked":"Singing Bowl","floor":41},{"not_picked":["Melter+1","Barrage","Glacier"],"picked":"Singing Bowl","floor":42},{"not_picked":["Blind","Good Instincts","Trip"],"picked":"Singing Bowl","floor":44},{"not_picked":["Hello World+1","Steam","Double Energy"],"picked":"Singing Bowl","floor":45},{"not_picked":["Machine Learning","Turbo","Storm"],"picked":"Singing Bowl","floor":46},{"not_picked":["Coolheaded+1","Barrage","Ball Lightning+1"],"picked":"Singing Bowl","floor":48},{"not_picked":["Leap","White Noise+1","Rebound"],"picked":"Singing Bowl","floor":49}],"player_experience":1751321,"relics_obtained":[{"floor":3,"key":"Meat on the Bone"},{"floor":6,"key":"Cables"},{"floor":9,"key":"Mummified Hand"},{"floor":13,"key":"Singing Bowl"},{"floor":17,"key":"Tiny Chest"},{"floor":17,"key":"Matryoshka"},{"floor":17,"key":"WingedGreaves"},{"floor":23,"key":"Lantern"},{"floor":24,"key":"Sundial"},{"floor":25,"key":"Happy Flower"},{"floor":26,"key":"Dream Catcher"},{"floor":26,"key":"Bronze Scales"},{"floor":29,"key":"Pear"},{"floor":36,"key":"Unceasing Top"},{"floor":38,"key":"Strawberry"},{"floor":38,"key":"Regal Pillow"},{"floor":40,"key":"Darkstone Periapt"},{"floor":42,"key":"Gremlin Horn"},{"floor":43,"key":"MawBank"}],"event_choices":[{"cards_removed":["Pain"],"damage_healed":0,"gold_gain":0,"player_choice":"Took Card","damage_taken":0,"max_hp_gain":0,"max_hp_loss":0,"event_name":"NoteForYourself","floor":4,"gold_loss":0,"cards_obtained":["Genetic Algorithm"]},{"damage_healed":0,"gold_gain":0,"player_choice":"Bought 0 Potions","damage_taken":0,"max_hp_gain":0,"max_hp_loss":0,"event_name":"The Woman in Blue","floor":19,"gold_loss":0},{"damage_healed":0,"gold_gain":0,"player_choice":"Ignored","damage_taken":0,"max_hp_gain":0,"max_hp_loss":0,"event_name":"Cursed Tome","floor":27,"gold_loss":0},{"damage_healed":0,"gold_gain":0,"player_choice":"Paid Fearfully","damage_taken":0,"max_hp_gain":0,"max_hp_loss":0,"event_name":"Masked Bandits","floor":31,"gold_loss":106},{"damage_healed":0,"gold_gain":0,"player_choice":"Fight","damage_taken":0,"max_hp_gain":0,"max_hp_loss":0,"event_name":"Mysterious Sphere","floor":36,"gold_loss":0},{"damage_healed":0,"gold_gain":0,"player_choice":"Ignored","damage_taken":0,"max_hp_gain":0,"max_hp_loss":0,"event_name":"Tomb of Lord Red Mask","floor":39,"gold_loss":0},{"damage_healed":0,"gold_gain":0,"player_choice":"Memory 1","damage_taken":0,"max_hp_gain":0,"max_hp_loss":0,"event_name":"SensoryStone","floor":44,"gold_loss":0}],"is_beta":false,"boss_relics":[{"not_picked":["Coffee Dripper","Fusion Hammer"],"picked":"Calling Bell"},{"not_picked":["Nuclear Battery","Tiny House"],"picked":"Velvet Choker"}],"items_purged_floors":[22,30,47],"is_endless":false,"potions_floor_spawned":[6,8,13,14,16,21,24,25,28,33,36,37,41,42,46],"ascension_level":1}