{"gold_per_floor":[119,131,147,147,147,147,159,159,159,169,169,179,104,129,129,226,226,246,246,6,26,26,61,61,61],"floor_reached":25,"playtime":868,"items_purged":["Strike_B"],"score":332,"play_id":"8c343400-0f05-4749-b022-3e317072efb3","local_time":"20190420185041","is_ascension_mode":true,"campfire_choices":[{"data":"Zap","floor":6,"key":"SMITH"},{"data":"Dualcast","floor":8,"key":"SMITH"},{"data":"Reinforced Body","floor":11,"key":"SMITH"},{"data":"Core Surge","floor":15,"key":"SMITH"}],"neow_cost":"NONE","seed_source_timestamp":638729419303536,"circlet_count":0,"master_deck":["Strike_B","Strike_B","Defend_B","Defend_B","Defend_B","Zap+1","Dualcast+1","Meteor Strike","Cold Snap+1","Rebound+1","Gash","Cold Snap","Reinforced Body+1","Conserve Battery","Core Surge+1","All For One","Go for the Eyes","Sunder","Hologram","Undo","Beam Cell"],"relics":["Cracked Core","Mercury Hourglass","Nunchaku","Whetstone","Eternal Feather","Membership Card","Unceasing Top"],"potions_floor_usage":[3,14,16,21],"damage_taken":[{"damage":3,"enemies":"Jaw Worm","floor":1,"turns":4},{"damage":0,"enemies":"Cultist","floor":2,"turns":3},{"damage":10,"enemies":"Small Slimes","floor":3,"turns":3},{"damage":12,"enemies":"3 Louse","floor":7,"turns":3},{"damage":3,"enemies":"Large Slime","floor":10,"turns":4},{"damage":0,"enemies":"Gremlin Gang","floor":12,"turns":4},{"damage":0,"enemies":"3 Sentries","floor":14,"turns":5},{"damage":41,"enemies":"The Guardian","floor":16,"turns":10},{"damage":5,"enemies":"Shell Parasite","floor":18,"turns":4},{"damage":15,"enemies":"2 Thieves","floor":21,"turns":3},{"damage":40,"enemies":"Gremlin Leader","floor":23,"turns":8},{"damage":14,"enemies":"Colosseum Slavers","floor":25,"turns":1}],"seed_played":"-1999091779725118470","potions_obtained":[{"floor":1,"key":"SteroidPotion"},{"floor":3,"key":"Ancient Potion"},{"floor":12,"key":"Fire Potion"},{"floor":14,"key":"Poison Potion"},{"floor":18,"key":"Regen Potion"}],"is_trial":false,"path_per_floor":["M","M","M","?","T","R","M","R","T","M","R","M","$","E","R","B",null,"M","?","$","M","?","E","?","?"],"character_chosen":"DEFECT","items_purchased":["Membership Card","Sunder"],"campfire_rested":0,"item_purchase_floors":[20,20],"current_hp_per_floor":[65,65,55,60,60,60,48,48,48,45,45,45,45,45,45,4,61,56,56,56,50,50,10,10,0],"gold":61,"neow_bonus":"TRANSFORM_CARD","is_prod":false,"is_daily":false,"chose_seed":false,"campfire_upgraded":4,"win_rate":0,"timestamp":1555753841,"path_taken":["M","M","M","?","?","R","M","R","T","M","R","M","$","E","R","BOSS","M","?","$","M","?","E","?","?"],"build_version":"2019-01-23","purchased_purges":1,"victory":false,"max_hp_per_floor":[75,75,75,80,80,80,80,80,80,80,80,80,80,80,80,80,80,80,80,80,80,80,80,80,80],"card_choices":[{"not_picked":["Heatsinks","Redo"],"picked":"Cold Snap","floor":1},{"not_picked":["Double Energy","Sweeping Beam"],"picked":"Rebound","floor":2},{"not_picked":["Loop","Reprogram"],"picked":"Gash","floor":3},{"not_picked":["Steam Power","Leap"],"picked":"Cold Snap","floor":7},{"not_picked":["Stack","Tempest"],"picked":"Reinforced Body","floor":10},{"not_picked":["Stack","Steam"],"picked":"Conserve Battery","floor":12},{"not_picked":["Barrage","Rainbow"],"picked":"Core Surge","floor":14},{"not_picked":["Meteor Strike","Thunder Strike"],"picked":"All For One","floor":16},{"not_picked":["Glacier","Double Energy"],"picked":"Go for the Eyes","floor":18},{"not_picked":["Rebound","Leap"],"picked":"Hologram","floor":21},{"not_picked":["Sunder+1","Go for the Eyes"],"picked":"Beam Cell","floor":23}],"player_experience":369247,"relics_obtained":[{"floor":5,"key":"Mercury Hourglass"},{"floor":9,"key":"Nunchaku"},{"floor":14,"key":"Whetstone"},{"floor":23,"key":"Unceasing Top"}],"event_choices":[{"damage_healed":0,"gold_gain":0,"player_choice":"Donut","damage_taken":0,"max_hp_gain":5,"max_hp_loss":0,"event_name":"Big Fish","floor":4,"gold_loss":0},{"cards_removed":["Defend_B"],"damage_healed":0,"gold_gain":0,"player_choice":"Elegance","damage_taken":0,"max_hp_gain":0,"max_hp_loss":0,"event_name":"Back to Basics","floor":19,"gold_loss":0},{"damage_healed":0,"gold_gain":0,"player_choice":"Read","damage_taken":0,"max_hp_gain":0,"max_hp_loss":0,"event_name":"The Library","floor":22,"gold_loss":0,"cards_obtained":["Undo"]},{"damage_healed":0,"gold_gain":0,"player_choice":"Ignored","damage_taken":0,"max_hp_gain":0,"max_hp_loss":0,"event_name":"Beggar","floor":24,"gold_loss":0},{"damage_healed":0,"gold_gain":0,"player_choice":"Fight","damage_taken":0,"max_hp_gain":0,"max_hp_loss":0,"event_name":"Colosseum","floor":25,"gold_loss":0}],"is_beta":false,"boss_relics":[{"not_picked":["Black Star","Coffee Dripper"],"picked":"Eternal Feather"}],"items_purged_floors":[13],"is_endless":false,"potions_floor_spawned":[1,3,12,14,18],"killed_by":"Colosseum Slavers","ascension_level":7}