{"gold_per_floor":[117,117,117,128,203,203,237,237,264,264,284,309,322,98,98,98],"floor_reached":16,"playtime":2090,"items_purged":["Strike_G"],"score":135,"play_id":"12a27476-a291-46a1-bdb6-60c5d9cd32aa","local_time":"20190315165501","is_ascension_mode":true,"campfire_choices":[{"floor":6,"key":"REST"},{"data":"Neutralize","floor":8,"key":"SMITH"},{"data":"Blur","floor":10,"key":"SMITH"},{"floor":15,"key":"REST"}],"neow_cost":"NONE","seed_source_timestamp":170238080004347,"circlet_count":0,"master_deck":["Defend_G","Defend_G","Defend_G","Defend_G+1","Defend_G","Strike_G","Strike_G","Strike_G+1","Survivor","Neutralize+1","Purity","Blur+1","Backstab","Cloak And Dagger","Well Laid Plans","Infinite Blades","Backflip","Discovery"],"relics":["Ring of the Snake","Happy Flower","Strawberry","Singing Bowl"],"potions_floor_usage":[7,12],"damage_taken":[{"damage":2,"enemies":"2 Louse","floor":1,"turns":3},{"damage":9,"enemies":"Jaw Worm","floor":4,"turns":4},{"damage":16,"enemies":"3 Sentries","floor":7,"turns":13},{"damage":0,"enemies":"Small Slimes","floor":11,"turns":3},{"damage":22,"enemies":"Lagavulin","floor":12,"turns":8},{"damage":0,"enemies":"3 Louse","floor":13,"turns":2},{"damage":71,"enemies":"Slime Boss","floor":16,"turns":17}],"seed_played":"-235047018189447236","potions_obtained":[{"floor":1,"key":"Fire Potion"},{"floor":4,"key":"AttackPotion"},{"floor":7,"key":"FairyPotion"}],"is_trial":false,"path_per_floor":["?","?","M","?"],"character_chosen":"THE_SILENT","items_purchased":["Backflip","Discovery"],"campfire_rested":2,"item_purchase_floors":[14,14],"current_hp_per_floor":[68,61,47,38,27,48,32,32,39,39,39,17,17,17,40,0],"gold":98,"neow_bonus":"RANDOM_COLORLESS","is_prod":false,"is_daily":false,"chose_seed":false,"campfire_upgraded":2,"win_rate":0,"timestamp":1552690501,"path_taken":["M","?","?","?","?","R","E","R","T","R","M","E","M","$","R","BOSS"],"build_version":"2019-01-23","purchased_purges":1,"victory":false,"max_hp_per_floor":[70,70,70,70,70,70,70,70,77,77,77,77,77,77,77,77],"card_choices":[{"not_picked":["Underhanded Strike","Flechettes","Slice"],"picked":"SKIP","floor":1},{"not_picked":["Terror","Backstab"],"picked":"Blur","floor":4},{"not_picked":["Prepared","Flying Knee"],"picked":"Backstab","floor":7},{"not_picked":["Quick Slash","Outmaneuver"],"picked":"Cloak And Dagger","floor":11},{"not_picked":["Poisoned Stab","Cloak And Dagger"],"picked":"Well Laid Plans","floor":12},{"not_picked":["Glass Knife","Acrobatics"],"picked":"Infinite Blades","floor":13}],"player_experience":233025,"relics_obtained":[{"floor":7,"key":"Happy Flower"},{"floor":9,"key":"Strawberry"},{"floor":12,"key":"Singing Bowl"}],"event_choices":[{"cards_removed":["Strike_G"],"damage_healed":0,"gold_gain":0,"player_choice":"Card Removal","damage_taken":7,"max_hp_gain":0,"max_hp_loss":0,"event_name":"Golden Wing","floor":2,"gold_loss":0},{"damage_healed":0,"gold_gain":0,"player_choice":"Entered Light","damage_taken":14,"max_hp_gain":0,"max_hp_loss":0,"event_name":"Shining Light","floor":3,"gold_loss":0,"cards_upgraded":["Defend_G","Strike_G"]},{"damage_healed":0,"gold_gain":75,"player_choice":"Gather Gold","damage_taken":11,"max_hp_gain":0,"max_hp_loss":0,"event_name":"World of Goop","floor":5,"gold_loss":0}],"is_beta":false,"boss_relics":[],"items_purged_floors":[14],"is_endless":false,"potions_floor_spawned":[1,4,7],"killed_by":"Slime Boss","ascension_level":5}