{"gold_per_floor":[110,110,260,278,553,553,564,595,595,595,610,610,610,642,642,642],"floor_reached":16,"playtime":1121,"items_purged":[],"score":189,"play_id":"913a4095-65b7-4589-9acc-5ea1bd61e8d5","local_time":"20190504102611","is_ascension_mode":true,"campfire_choices":[{"data":"Rage","floor":6,"key":"SMITH"},{"floor":10,"key":"REST"},{"data":"1","floor":13,"key":"LIFT"},{"floor":15,"key":"REST"}],"neow_cost":"NONE","seed_source_timestamp":382841319823400,"circlet_count":0,"master_deck":["AscendersBane","Strike_R","Strike_R","Strike_R","Strike_R+1","Strike_R","Defend_R","Defend_R","Defend_R+1","Defend_R","Bash","Cleave","Doubt","Rage+1","Regret","Disarm","Cleave","Heavy Blade","Parasite","Sever Soul"],"relics":["Burning Blood","NeowsBlessing","Girya","WingedGreaves","Vajra"],"potions_floor_usage":[8,14,14],"damage_taken":[{"damage":0,"enemies":"Jaw Worm","floor":1,"turns":1},{"damage":0,"enemies":"Small Slimes","floor":4,"turns":1},{"damage":0,"enemies":"Cultist","floor":7,"turns":1},{"damage":62,"enemies":"3 Sentries","floor":8,"turns":11},{"damage":3,"enemies":"Exordium Wildlife","floor":11,"turns":4},{"damage":36,"enemies":"Lagavulin","floor":14,"turns":5},{"damage":44,"enemies":"The Guardian","floor":16,"turns":9}],"seed_played":"7779698349938818791","potions_obtained":[{"floor":1,"key":"GamblersBrew"},{"floor":4,"key":"FearPotion"},{"floor":8,"key":"Energy Potion"}],"is_trial":false,"path_per_floor":["M","?","?","M","?","R","M","E","T","R","M","?","R","E","R","B"],"character_chosen":"IRONCLAD","items_purchased":[],"campfire_rested":2,"item_purchase_floors":[],"current_hp_per_floor":[74,51,51,57,57,57,63,7,7,29,32,50,50,20,42,0],"gold":642,"neow_bonus":"THREE_ENEMY_KILL","is_prod":false,"is_daily":false,"chose_seed":false,"campfire_upgraded":1,"win_rate":0,"timestamp":1556958371,"path_taken":["M","?","?","M","?","R","?","E","T","R","M","?","R","E","R","BOSS"],"build_version":"2019-01-23","purchased_purges":0,"victory":false,"max_hp_per_floor":[75,75,75,75,75,75,75,75,75,75,75,75,75,75,75,75],"card_choices":[{"not_picked":["Body Slam","Anger"],"picked":"Cleave","floor":1},{"not_picked":["Burning Pact","Clash"],"picked":"Rage","floor":4},{"not_picked":["Pummel","Anger"],"picked":"Disarm","floor":7},{"not_picked":["Rupture","Dark Embrace"],"picked":"Cleave","floor":8},{"not_picked":["Body Slam","Pommel Strike"],"picked":"Heavy Blade","floor":11},{"not_picked":["Shockwave","Clash"],"picked":"Sever Soul","floor":14}],"player_experience":1060374,"relics_obtained":[{"floor":8,"key":"Girya"},{"floor":9,"key":"WingedGreaves"},{"floor":14,"key":"Vajra"}],"event_choices":[{"damage_healed":0,"gold_gain":0,"player_choice":"Entered Light","damage_taken":23,"max_hp_gain":0,"max_hp_loss":0,"event_name":"Shining Light","floor":2,"gold_loss":0,"cards_upgraded":["Defend_R","Strike_R"]},{"damage_healed":0,"gold_gain":150,"player_choice":"AGREE","damage_taken":0,"max_hp_gain":0,"max_hp_loss":0,"event_name":"Liars Game","floor":3,"gold_loss":0,"cards_obtained":["Doubt"]},{"damage_healed":0,"gold_gain":275,"player_choice":"Desecrate","damage_taken":0,"max_hp_gain":0,"max_hp_loss":0,"event_name":"Golden Shrine","floor":5,"gold_loss":0,"cards_obtained":["Regret"]},{"damage_healed":18,"gold_gain":0,"player_choice":"Healed and dodged fight","damage_taken":0,"max_hp_gain":0,"max_hp_loss":0,"event_name":"Mushrooms","floor":12,"gold_loss":0,"cards_obtained":["Parasite"]}],"is_beta":false,"boss_relics":[],"items_purged_floors":[],"is_endless":false,"potions_floor_spawned":[1,4,8,11],"killed_by":"The Guardian","ascension_level":15}