{"gold_per_floor":[111,286,83,158,108,108,127,127,175,186,186,203,228,244,244,348,348,358,358,207,207,227,227,240,240,240,258,258,288,193,223,223,223],"floor_reached":33,"playtime":1085,"items_purged":["Doubt"],"score":477,"play_id":"8269e3fe-d175-416e-b73f-445e5f51367c","local_time":"20190503233840","is_ascension_mode":true,"campfire_choices":[{"data":"Whirlwind","floor":6.0,"key":"SMITH"},{"data":"Spot Weakness","floor":8.0,"key":"SMITH"},{"data":"Pommel Strike","floor":11.0,"key":"SMITH"},{"data":"Perfected Strike","floor":15.0,"key":"SMITH"},{"data":"Pommel Strike","floor":23.0,"key":"SMITH"},{"data":"Bash","floor":25.0,"key":"SMITH"},{"data":"Impervious","floor":28.0,"key":"SMITH"},{"floor":32.0,"key":"REST"}],"neow_cost":"NONE","seed_source_timestamp":1778905888765336,"circlet_count":0,"master_deck":["AscendersBane","Strike_R+1","Strike_R+1","Strike_R+1","Defend_R+1","Defend_R+1","Defend_R+1","Defend_R+1","Bash+1","Pommel Strike+1","Whirlwind+1","Shrug It Off","Spot Weakness+1","Twin Strike","Perfected Strike+1","Twin Strike","Feed","Pommel Strike+1","Necronomicurse","Impervious+1","Pommel Strike+1","True Grit","Trip","Flame Barrier+1"],"special_seed":0,"relics":["Burning Blood","PreservedInsect","Magic Flower","Empty Cage","Necronomicon","Bottled Flame","Red Skull","Gremlin Horn"],"potions_floor_usage":[33],"damage_taken":[{"damage":1.0,"enemies":"2 Louse","floor":1.0,"turns":4.0},{"damage":8.0,"enemies":"Jaw Worm","floor":7.0,"turns":4.0},{"damage":7.0,"enemies":"Small Slimes","floor":10.0,"turns":3.0},{"damage":11.0,"enemies":"3 Louse","floor":12.0,"turns":3.0},{"damage":0.0,"enemies":"Gremlin Nob","floor":13.0,"turns":2.0},{"damage":18.0,"enemies":"Exordium Wildlife","floor":14.0,"turns":4.0},{"damage":18.0,"enemies":"Slime Boss","floor":16.0,"turns":9.0},{"damage":18.0,"enemies":"3 Byrds","floor":18.0,"turns":4.0},{"damage":3.0,"enemies":"Spheric Guardian","floor":22.0,"turns":3.0},{"damage":1.0,"enemies":"Centurion and Healer","floor":24.0,"turns":4.0},{"damage":18.0,"enemies":"Snake Plant","floor":27.0,"turns":4.0},{"damage":35.0,"enemies":"Slavers","floor":29.0,"turns":4.0},{"damage":15.0,"enemies":"Gremlin Leader","floor":31.0,"turns":3.0},{"damage":74,"enemies":"Automaton","floor":33,"turns":6}],"seed_played":"-7709945528268992912","potions_obtained":[{"floor":1.0,"key":"FearPotion"},{"floor":10.0,"key":"SpeedPotion"},{"floor":18.0,"key":"SpeedPotion"},{"floor":24.0,"key":"LiquidBronze"}],"is_trial":false,"path_per_floor":["M","?","$","?","?","R","M","R","T","M","R","M","E","M","R","B",null,"M","?","$","?","M","R","M","R","T","M","R","E","$","E","R","B"],"character_chosen":"IRONCLAD","items_purchased":["Whirlwind","Shrug It Off","Impervious","Trip"],"campfire_rested":1,"item_purchase_floors":[3,3,20,30],"current_hp_per_floor":[77,77,77,66,66,66,64,64,64,63,63,58,64,55,55,46,72,63,47,47,47,53,53,61,61,61,52,52,26,26,20,44,0],"gold":223,"neow_bonus":"ONE_RANDOM_RARE_CARD","is_prod":false,"is_daily":false,"chose_seed":false,"campfire_upgraded":7,"win_rate":0,"timestamp":1556894320,"path_taken":["M","?","$","?","?","R","M","R","T","M","R","M","E","M","R","BOSS","M","?","$","?","M","R","M","R","T","M","R","E","?","E","R","BOSS"],"build_version":"2019-01-23","purchased_purges":1,"victory":false,"max_hp_per_floor":[80,80,80,80,80,80,80,80,80,80,80,80,80,80,80,80,80,80,80,80,80,80,80,80,80,80,80,80,80,80,80,80,80],"card_choices":[{"not_picked":["Rage","Anger"],"picked":"Pommel Strike","floor":1.0},{"not_picked":["Intimidate","Havoc"],"picked":"Spot Weakness","floor":7.0},{"not_picked":["Cleave","Reckless Charge"],"picked":"Twin Strike","floor":10.0},{"not_picked":["Warcry","Pommel Strike"],"picked":"Perfected Strike","floor":12.0},{"not_picked":["Bludgeon","Entrench","Burning Pact"],"picked":"SKIP","floor":13.0},{"not_picked":["Flex","Shrug It Off"],"picked":"Twin Strike","floor":14.0},{"not_picked":["Barricade","Juggernaut"],"picked":"Feed","floor":16.0},{"not_picked":["Heavy Blade+1","Wild Strike+1"],"picked":"Pommel Strike","floor":18.0},{"not_picked":["Second Wind+1","Body Slam","Anger"],"picked":"SKIP","floor":22.0},{"not_picked":["Clash","Anger+1","Wild Strike"],"picked":"SKIP","floor":24.0},{"not_picked":["Ghostly Armor","Reckless Charge+1"],"picked":"Pommel Strike+1","floor":27.0},{"not_picked":["Whirlwind+1","Body Slam"],"picked":"True Grit","floor":29.0},{"not_picked":["Wild Strike","Heavy Blade+1"],"picked":"Flame Barrier+1","floor":31.0}],"player_experience":483044,"relics_obtained":[{"floor":9.0,"key":"PreservedInsect"},{"floor":13.0,"key":"Magic Flower"},{"floor":19.0,"key":"Necronomicon"},{"floor":26.0,"key":"Bottled Flame"},{"floor":29.0,"key":"Red Skull"},{"floor":31.0,"key":"Gremlin Horn"}],"event_choices":[{"damage_healed":0.0,"max_hp_gain":0.0,"max_hp_loss":0.0,"gold_gain":175.0,"event_name":"Liars Game","player_choice":"AGREE","floor":2.0,"gold_loss":0.0,"damage_taken":0.0,"cards_obtained":["Doubt"]},{"damage_healed":0.0,"max_hp_gain":0.0,"max_hp_loss":0.0,"gold_gain":75.0,"event_name":"World of Goop","player_choice":"Gather Gold","floor":4.0,"gold_loss":0.0,"damage_taken":11.0},{"cards_removed":["Strike_R"],"damage_healed":0.0,"max_hp_gain":0.0,"max_hp_loss":0.0,"gold_gain":0.0,"event_name":"The Cleric","player_choice":"Card Removal","floor":5.0,"gold_loss":50.0,"damage_taken":0.0},{"damage_healed":0.0,"max_hp_gain":0.0,"max_hp_loss":0.0,"gold_gain":0.0,"event_name":"Cursed Tome","player_choice":"Obtained Book","floor":19.0,"gold_loss":0.0,"damage_taken":16.0},{"damage_healed":0.0,"max_hp_gain":0.0,"max_hp_loss":0.0,"gold_gain":0.0,"event_name":"Back to Basics","player_choice":"Simplicity","floor":21.0,"gold_loss":0.0,"damage_taken":0.0,"cards_upgraded":["Strike_R","Strike_R","Strike_R","Defend_R","Defend_R","Defend_R","Defend_R"]}],"is_beta":false,"boss_relics":[{"not_picked":["Cursed Key","Black Blood"],"picked":"Empty Cage"}],"items_purged_floors":[3],"is_endless":false,"potions_floor_spawned":[1,10,18,24,31],"killed_by":"Automaton","ascension_level":11}