{"gold_per_floor":[117,137,152,77,77,77,109,109,109,119,119,119,153,167,167,241,241,255,265,47,60,80,80,80,80],"floor_reached":25,"playtime":929,"items_purged":["Strike_R"],"score":533,"play_id":"ffa43527-20fd-412c-945b-f432c7df8878","local_time":"20190429101941","is_ascension_mode":true,"campfire_choices":[{"data":"Whirlwind","floor":6,"key":"SMITH"},{"data":"Bash","floor":8,"key":"SMITH"},{"data":"Havoc","floor":12,"key":"SMITH"},{"data":"Carnage","floor":15,"key":"SMITH"},{"floor":23,"key":"REST"}],"neow_cost":"NONE","seed_source_timestamp":124916945104387,"circlet_count":0,"master_deck":["AscendersBane","Strike_R","Strike_R","Strike_R","Defend_R","Defend_R","Defend_R","Defend_R","Bash+1","Offering","Whirlwind+1","Inflame","Havoc+1","Shrug It Off","Shockwave","Dark Embrace","Flame Barrier","Carnage+1","Limit Break","Limit Break","Heavy Blade","Necronomicurse"],"relics":["Burning Blood","Calipers","Shovel","FossilizedHelix","Busted Crown","DollysMirror","Necronomicon"],"potions_floor_usage":[7,14,22],"damage_taken":[{"damage":12,"enemies":"Cultist","floor":1,"turns":4},{"damage":0,"enemies":"2 Louse","floor":2,"turns":1},{"damage":13,"enemies":"Jaw Worm","floor":3,"turns":2},{"damage":6,"enemies":"Gremlin Nob","floor":7,"turns":2},{"damage":9,"enemies":"3 Louse","floor":10,"turns":2},{"damage":23,"enemies":"3 Sentries","floor":13,"turns":5},{"damage":0,"enemies":"2 Fungi Beasts","floor":14,"turns":2},{"damage":6,"enemies":"Slime Boss","floor":16,"turns":6},{"damage":6,"enemies":"3 Byrds","floor":18,"turns":3},{"damage":19,"enemies":"Spheric Guardian","floor":19,"turns":5},{"damage":14,"enemies":"Snake Plant","floor":21,"turns":3},{"damage":35,"enemies":"Shelled Parasite and Fungi","floor":22,"turns":4},{"damage":26,"enemies":"Slavers","floor":25,"turns":3}],"seed_played":"-5539483240656817391","potions_obtained":[{"floor":1,"key":"AttackPotion"},{"floor":7,"key":"Swift Potion"},{"floor":10,"key":"FairyPotion"},{"floor":18,"key":"Strength Potion"}],"is_trial":false,"path_per_floor":["M","M","M","$","?","R","E","R","T","M","?","R","E","M","R","B",null,"M","M","$","M","M","R","?","E"],"character_chosen":"IRONCLAD","items_purchased":["DollysMirror"],"campfire_rested":1,"item_purchase_floors":[20],"current_hp_per_floor":[62,68,61,61,54,54,54,54,54,51,51,51,34,40,40,40,66,66,53,53,45,16,38,17,0],"gold":80,"neow_bonus":"ONE_RANDOM_RARE_CARD","is_prod":false,"is_daily":false,"chose_seed":false,"campfire_upgraded":4,"win_rate":0,"timestamp":1556558381,"path_taken":["M","M","M","?","?","R","E","R","T","M","?","R","E","?","R","BOSS","M","M","$","M","M","R","?","E"],"build_version":"2019-01-23","purchased_purges":1,"victory":false,"max_hp_per_floor":[75,75,75,75,75,75,75,75,75,75,75,75,75,75,75,75,75,75,75,75,75,75,75,75,75],"card_choices":[{"not_picked":["True Grit","Body Slam"],"picked":"Whirlwind","floor":1},{"not_picked":["Body Slam","Rampage"],"picked":"Inflame","floor":2},{"not_picked":["Whirlwind","Flex"],"picked":"Havoc","floor":3},{"not_picked":["Warcry","Whirlwind"],"picked":"Shrug It Off","floor":7},{"not_picked":["Armaments","Sword Boomerang"],"picked":"Shockwave","floor":10},{"not_picked":["Iron Wave","Dark Embrace"],"picked":"Flame Barrier","floor":13},{"not_picked":["Rage","Twin Strike"],"picked":"Carnage","floor":14},{"not_picked":["Barricade","Impervious"],"picked":"Limit Break","floor":16},{"not_picked":["Body Slam"],"picked":"SKIP","floor":18},{"not_picked":["Warcry"],"picked":"SKIP","floor":19},{"not_picked":[],"picked":"Heavy Blade","floor":21},{"not_picked":["Wild Strike"],"picked":"SKIP","floor":22}],"player_experience":498097,"relics_obtained":[{"floor":7,"key":"Calipers"},{"floor":9,"key":"Shovel"},{"floor":13,"key":"FossilizedHelix"},{"floor":24,"key":"Necronomicon"}],"event_choices":[{"cards_removed":["Strike_R"],"damage_healed":0,"gold_gain":0,"player_choice":"Card Removal","damage_taken":7,"max_hp_gain":0,"max_hp_loss":0,"event_name":"Golden Wing","floor":5,"gold_loss":0},{"damage_healed":0,"gold_gain":0,"player_choice":"1 cards matched","damage_taken":0,"max_hp_gain":0,"max_hp_loss":0,"event_name":"Match and Keep!","floor":11,"gold_loss":0,"cards_obtained":["Dark Embrace"]},{"damage_healed":0,"gold_gain":0,"player_choice":"Obtained Book","damage_taken":21,"max_hp_gain":0,"max_hp_loss":0,"event_name":"Cursed Tome","floor":24,"gold_loss":0}],"is_beta":false,"boss_relics":[{"not_picked":["Philosopher\u0027s Stone","Empty Cage"],"picked":"Busted Crown"}],"items_purged_floors":[4],"is_endless":false,"potions_floor_spawned":[1,7,10,18],"killed_by":"Slavers","ascension_level":17}