{"gold_per_floor":[11,27,43,118,118,150,325,290,344,356,385,417,455,467],"floor_reached":14,"playtime":667,"items_purged":[],"score":105,"play_id":"9c1ce0ae-279d-4ece-822b-dc53a5fe49fe","local_time":"20190317162107","is_ascension_mode":true,"campfire_choices":[],"neow_cost":"NO_GOLD","seed_source_timestamp":349900930879060,"circlet_count":0,"master_deck":["Strike_R","Strike_R","Strike_R","Strike_R","Strike_R","Defend_R","Defend_R","Defend_R","Defend_R","Bash","Clothesline","True Grit","Ghostly Armor","Battle Trance","Doubt","Clothesline","Shockwave"],"relics":["Burning Blood","Unceasing Top","Juzu Bracelet","Bag of Marbles","MawBank","Prayer Wheel","Bottled Flame"],"potions_floor_usage":[13,14],"damage_taken":[{"damage":10,"enemies":"Cultist","floor":1,"turns":4},{"damage":3,"enemies":"Small Slimes","floor":2,"turns":3},{"damage":1,"enemies":"2 Louse","floor":3,"turns":3},{"damage":32,"enemies":"Gremlin Nob","floor":6,"turns":6},{"damage":4,"enemies":"Blue Slaver","floor":11,"turns":5},{"damage":0,"enemies":"3 Louse","floor":12,"turns":4},{"damage":42,"enemies":"3 Sentries","floor":13,"turns":13},{"damage":21,"enemies":"Exordium Thugs","floor":14,"turns":5}],"seed_played":"-2606054422099664795","potions_obtained":[{"floor":2,"key":"Ancient Potion"},{"floor":11,"key":"EssenceOfSteel"},{"floor":13,"key":"SteroidPotion"}],"is_trial":false,"path_per_floor":["M","M","M","?","?","E","?","?","T","?","M","M","E","M"],"character_chosen":"IRONCLAD","items_purchased":[],"campfire_rested":0,"item_purchase_floors":[],"current_hp_per_floor":[76,79,80,69,51,25,25,45,45,45,47,53,17,0],"gold":467,"neow_bonus":"ONE_RARE_RELIC","is_prod":false,"is_daily":false,"chose_seed":false,"campfire_upgraded":0,"win_rate":0,"timestamp":1552861267,"path_taken":["M","?","M","?","?","E","?","?","T","?","M","M","E","M"],"build_version":"2019-01-23","purchased_purges":0,"victory":false,"max_hp_per_floor":[80,80,80,80,80,80,80,80,80,80,80,80,80,80],"card_choices":[{"not_picked":["Clash","Sword Boomerang"],"picked":"Clothesline","floor":1},{"not_picked":["Twin Strike","Headbutt"],"picked":"True Grit","floor":2},{"not_picked":["Corruption","Immolate"],"picked":"Ghostly Armor","floor":3},{"not_picked":["Ghostly Armor","Carnage"],"picked":"Battle Trance","floor":6},{"not_picked":["Wild Strike","Body Slam"],"picked":"Clothesline","floor":11},{"not_picked":["Whirlwind","Flex","Twin Strike"],"picked":"SKIP","floor":11},{"not_picked":["Wild Strike","Warcry"],"picked":"Shockwave","floor":12},{"not_picked":["Dual Wield","Flex","Perfected Strike"],"picked":"SKIP","floor":12},{"not_picked":["Thunderclap","Searing Blow","Evolve"],"picked":"SKIP","floor":13}],"player_experience":238962,"relics_obtained":[{"floor":6,"key":"Bag of Marbles"},{"floor":9,"key":"MawBank"},{"floor":13,"key":"Bottled Flame"}],"event_choices":[{"damage_healed":0,"gold_gain":75,"player_choice":"Gather Gold","damage_taken":11,"max_hp_gain":0,"max_hp_loss":0,"event_name":"World of Goop","floor":4,"gold_loss":0},{"damage_healed":0,"gold_gain":0,"player_choice":"Success","damage_taken":18,"relics_obtained":["Juzu Bracelet"],"max_hp_gain":0,"max_hp_loss":0,"event_name":"Scrap Ooze","floor":5,"gold_loss":0},{"damage_healed":0,"gold_gain":175,"player_choice":"AGREE","damage_taken":0,"max_hp_gain":0,"max_hp_loss":0,"event_name":"Liars Game","floor":7,"gold_loss":0,"cards_obtained":["Doubt"]},{"damage_healed":20,"gold_gain":0,"player_choice":"Healed","damage_taken":0,"max_hp_gain":0,"max_hp_loss":0,"event_name":"The Cleric","floor":8,"gold_loss":35},{"damage_healed":0,"gold_gain":0,"player_choice":"Searched \u00271\u0027 times","damage_taken":0,"relics_obtained":["Prayer Wheel"],"max_hp_gain":0,"max_hp_loss":0,"event_name":"Dead Adventurer","floor":10,"gold_loss":0}],"is_beta":false,"boss_relics":[],"items_purged_floors":[],"is_endless":false,"potions_floor_spawned":[2,11,13],"killed_by":"Exordium Thugs","ascension_level":1}