{"gold_per_floor":[113,113,129,148,167,167,197,197,197,47,65,92,111,131,131,210,210,227,241,516,531,545,545,574,217,269,284,284,23,40,99,99,99],"floor_reached":33,"playtime":1823,"items_purged":["Strike_R"],"score":527,"play_id":"ce35b812-4d33-4214-853f-a1dce6504483","local_time":"20190415082228","is_ascension_mode":true,"campfire_choices":[{"data":"Disarm","floor":6,"key":"SMITH"},{"floor":8,"key":"REST"},{"floor":15,"key":"REST"},{"floor":23,"key":"REST"},{"floor":28,"key":"REST"},{"floor":32,"key":"REST"}],"neow_cost":"NONE","seed_source_timestamp":103098764300388,"circlet_count":0,"master_deck":["AscendersBane","Strike_R","Strike_R","Strike_R","Strike_R","Defend_R","Defend_R","Defend_R","Defend_R","Bash+1","Iron Wave","Heavy Blade","Pummel","Disarm+1","Havoc","Bludgeon","Shrug It Off","Reaper","Whirlwind","Combust","Brutality","Sword Boomerang+1","Intimidate","Regret","Warcry","Immolate","Sword Boomerang","Shrug It Off","Bludgeon","Spot Weakness","Feel No Pain","Shrug It Off","Impervious"],"relics":["Burning Blood","Centennial Puzzle","Blood Vial","Mummified Hand","Snecko Eye","Oddly Smooth Stone","Red Skull","Omamori","PreservedInsect","Tiny Chest"],"potions_floor_usage":[12,13,16,21,24,33,33],"damage_taken":[{"damage":4,"enemies":"2 Louse","floor":1,"turns":3},{"damage":0,"enemies":"Cultist","floor":3,"turns":3},{"damage":5,"enemies":"Small Slimes","floor":4,"turns":4},{"damage":14,"enemies":"Exordium Thugs","floor":5,"turns":6},{"damage":49,"enemies":"Lagavulin","floor":7,"turns":9},{"damage":9,"enemies":"2 Fungi Beasts","floor":11,"turns":3},{"damage":5,"enemies":"Gremlin Nob","floor":12,"turns":3},{"damage":49,"enemies":"Gremlin Gang","floor":13,"turns":5},{"damage":10,"enemies":"Lots of Slimes","floor":14,"turns":2},{"damage":58,"enemies":"Hexaghost","floor":16,"turns":13},{"damage":9,"enemies":"2 Thieves","floor":18,"turns":3},{"damage":26,"enemies":"Shell Parasite","floor":19,"turns":6},{"damage":30,"enemies":"Snecko","floor":21,"turns":5},{"damage":20,"enemies":"Centurion and Healer","floor":22,"turns":4},{"damage":41,"enemies":"Slavers","floor":24,"turns":5},{"damage":16,"enemies":"Sentry and Sphere","floor":27,"turns":4},{"damage":12,"enemies":"Cultist and Chosen","floor":30,"turns":5},{"damage":39,"enemies":"Gremlin Leader","floor":31,"turns":5},{"damage":54,"enemies":"Collector","floor":33,"turns":6}],"seed_played":"-8675157835400942594","potions_obtained":[{"floor":3,"key":"Regen Potion"},{"floor":4,"key":"PowerPotion"},{"floor":7,"key":"Strength Potion"},{"floor":14,"key":"PowerPotion"},{"floor":16,"key":"Energy Potion"},{"floor":19,"key":"FearPotion"},{"floor":22,"key":"Fire Potion"},{"floor":24,"key":"Swift Potion"},{"floor":31,"key":"EssenceOfSteel"}],"is_trial":false,"path_per_floor":["M","?","M","M","M","R","E","R","T","$","M","E","M","M","R","B",null,"M","M","?","M","M","R","E","$","T","M","R","$","M","E","R","B"],"character_chosen":"IRONCLAD","items_purchased":["Bludgeon","Red Skull","Shrug It Off","Bludgeon","PreservedInsect","Spot Weakness","Feel No Pain"],"campfire_rested":5,"item_purchase_floors":[10,25,25,25,29,29,29],"current_hp_per_floor":[77,77,82,82,74,74,31,55,55,55,54,57,28,36,60,19,66,65,50,50,28,26,50,31,31,31,30,54,54,54,23,47,0],"gold":99,"neow_bonus":"TEN_PERCENT_HP_BONUS","is_prod":false,"is_daily":false,"chose_seed":false,"campfire_upgraded":1,"win_rate":0,"timestamp":1555341748,"path_taken":["M","?","M","?","M","R","E","R","T","?","M","E","M","M","R","BOSS","M","?","?","M","M","R","E","$","T","M","R","$","M","E","R","BOSS"],"build_version":"2019-01-23","purchased_purges":1,"victory":false,"max_hp_per_floor":[82,82,82,82,82,82,82,82,82,82,82,82,82,82,82,82,82,82,82,82,82,82,82,82,82,82,82,82,82,82,82,82,82],"card_choices":[{"not_picked":["Heavy Blade","Havoc"],"picked":"Iron Wave","floor":1},{"not_picked":["Fire Breathing","Searing Blow"],"picked":"Heavy Blade","floor":3},{"not_picked":["Dropkick","Headbutt"],"picked":"Pummel","floor":4},{"not_picked":["Headbutt","Pommel Strike"],"picked":"Disarm","floor":5},{"not_picked":["Ghostly Armor","Pommel Strike"],"picked":"Havoc","floor":7},{"not_picked":["Twin Strike","Carnage"],"picked":"Shrug It Off","floor":11},{"not_picked":["Disarm","Warcry"],"picked":"Reaper","floor":12},{"not_picked":["Perfected Strike","Thunderclap"],"picked":"Whirlwind","floor":13},{"not_picked":["Wild Strike","Anger"],"picked":"Combust","floor":14},{"not_picked":["Double Tap","Immolate"],"picked":"Brutality","floor":16},{"not_picked":["Perfected Strike","Cleave"],"picked":"Sword Boomerang+1","floor":18},{"not_picked":["Heavy Blade","Pommel Strike"],"picked":"Intimidate","floor":19},{"not_picked":["Entrench+1","Wild Strike"],"picked":"Warcry","floor":21},{"not_picked":["Cleave","Clothesline+1"],"picked":"Immolate","floor":22},{"not_picked":["Fire Breathing+1","Bloodletting"],"picked":"Sword Boomerang","floor":24},{"not_picked":["Battle Trance","Sword Boomerang","Flex"],"picked":"SKIP","floor":27},{"not_picked":["Wild Strike","Entrench+1"],"picked":"Shrug It Off","floor":30},{"not_picked":["Thunderclap","Battle Trance"],"picked":"Impervious","floor":31}],"player_experience":428693,"relics_obtained":[{"floor":7,"key":"Centennial Puzzle"},{"floor":9,"key":"Blood Vial"},{"floor":12,"key":"Mummified Hand"},{"floor":24,"key":"Oddly Smooth Stone"},{"floor":26,"key":"Omamori"},{"floor":31,"key":"Tiny Chest"}],"event_choices":[{"damage_healed":0,"gold_gain":0,"player_choice":"Forge","damage_taken":0,"max_hp_gain":0,"max_hp_loss":0,"event_name":"Accursed Blacksmith","floor":2,"gold_loss":0,"cards_upgraded":["Bash"]},{"damage_healed":0,"gold_gain":275,"player_choice":"Desecrate","damage_taken":0,"max_hp_gain":0,"max_hp_loss":0,"event_name":"Golden Shrine","floor":20,"gold_loss":0,"cards_obtained":["Regret"]}],"is_beta":false,"boss_relics":[{"not_picked":["Astrolabe","Sozu"],"picked":"Snecko Eye"}],"items_purged_floors":[25],"is_endless":false,"potions_floor_spawned":[3,4,7,14,16,19,22,24,31],"killed_by":"Collector","ascension_level":15}