{"gold_per_floor":[110,110,134,78,26,26,69,89,112,112,32,53,53,77,77,196,196,220,5,105,78,97,97,110,135,135,153,153,169,169,184,184,310,310,329,329,353,353,367,402,402,402],"floor_reached":42,"playtime":2463,"items_purged":["Strike_R"],"score":480,"play_id":"c046f7c9-1ac8-4cd6-80f6-e85b57d783a8","local_time":"20190320145054","is_ascension_mode":false,"campfire_choices":[{"data":"Clothesline","floor":6.0,"key":"SMITH"},{"data":"Trip","floor":10.0,"key":"SMITH"},{"floor":15.0,"key":"REST"},{"data":"True Grit","floor":23.0,"key":"SMITH"},{"floor":32,"key":"REST"}],"neow_cost":"NONE","seed_source_timestamp":0,"circlet_count":0,"master_deck":["Strike_R","Strike_R","Defend_R","Defend_R","Defend_R","Defend_R","Bash","Trip+1","Feel No Pain","Cleave","Clothesline+1","Headbutt+1","Shockwave","Metallicize","True Grit+1","Decay","Spot Weakness","Wild Strike+1","Feed+1","Cleave+1","Fiend Fire+1","Shrug It Off","Warcry","Feel No Pain","Armaments","Iron Wave+1","Twin Strike+1","Havoc","Carnage+1","Demon Form+1","Havoc+1","Disarm+1","Reaper+1","Rupture+1","Parasite"],"special_seed":0,"relics":["Burning Blood","Golden Idol","Dream Catcher","Molten Egg 2","Bronze Scales","Sozu","Frozen Egg 2","Anchor","Velvet Choker","Magic Flower"],"potions_floor_usage":[33],"damage_taken":[{"damage":10.0,"enemies":"Small Slimes","floor":1.0,"turns":3.0},{"damage":11.0,"enemies":"2 Louse","floor":3.0,"turns":3.0},{"damage":26.0,"enemies":"Lagavulin","floor":7.0,"turns":5.0},{"damage":1.0,"enemies":"Cultist","floor":8.0,"turns":3.0},{"damage":8.0,"enemies":"Blue Slaver","floor":12.0,"turns":3.0},{"damage":10.0,"enemies":"Red Slaver","floor":14.0,"turns":4.0},{"damage":43.0,"enemies":"The Guardian","floor":16.0,"turns":13.0},{"damage":9.0,"enemies":"Shell Parasite","floor":18.0,"turns":5.0},{"damage":13.0,"enemies":"Chosen","floor":22.0,"turns":7.0},{"damage":6.0,"enemies":"Snecko","floor":24.0,"turns":5.0},{"damage":6.0,"enemies":"Cultist and Chosen","floor":25.0,"turns":5.0},{"damage":18,"enemies":"Shelled Parasite and Fungi","floor":27,"turns":6},{"damage":28,"enemies":"3 Cultists","floor":29,"turns":7},{"damage":9,"enemies":"Snecko","floor":31,"turns":5},{"damage":64,"enemies":"Champ","floor":33,"turns":12},{"damage":15,"enemies":"3 Shapes","floor":35,"turns":8},{"damage":11,"enemies":"Orb Walker","floor":37,"turns":3},{"damage":35,"enemies":"Sphere and 2 Shapes","floor":39,"turns":7},{"damage":37,"enemies":"Giant Head","floor":40,"turns":8},{"damage":49,"enemies":"Writhing Mass","floor":42,"turns":4}],"seed_played":"-3641841668389430342","potions_obtained":[{"floor":3.0,"key":"SkillPotion"},{"floor":12.0,"key":"Dexterity Potion"}],"is_trial":false,"path_per_floor":["M","?","M","?","$","R","E","M","T","R","$","M","?","M","R","B",null,"M","$","?","$","M","R","M","M","T","M","?","M","?","M","R","B",null,"M","?","M","?","M","E","?","M"],"character_chosen":"IRONCLAD","items_purchased":["Clothesline","Metallicize","Fiend Fire+1","Shrug It Off"],"campfire_rested":2,"item_purchase_floors":[5,11,19,21],"current_hp_per_floor":[76,56,51,51,51,51,31,36,36,36,36,34,34,30,54,17,80,81,81,81,81,78,78,82,82,82,70,70,52,52,49,77,19,96,91,91,90,104,75,44,44,0],"gold":402,"neow_bonus":"RANDOM_COLORLESS","is_prod":false,"is_daily":false,"chose_seed":false,"campfire_upgraded":3,"win_rate":0,"timestamp":1553115054,"path_taken":["M","?","M","?","$","R","E","?","T","R","$","M","?","M","R","BOSS","M","$","?","?","?","R","M","M","T","?","?","M","?","M","R","BOSS","M","?","M","?","?","E","?","M"],"build_version":"2019-01-23","purchased_purges":1,"victory":false,"max_hp_per_floor":[80,80,80,80,80,80,80,80,80,80,80,80,80,80,80,80,80,84,84,84,84,88,88,92,92,92,92,92,96,96,96,96,96,96,100,100,104,104,104,104,104,104],"card_choices":[{"not_picked":["Pommel Strike","Bloodletting"],"picked":"Feel No Pain","floor":1.0},{"not_picked":["Wild Strike","Thunderclap"],"picked":"Cleave","floor":3.0},{"not_picked":["Clash","Hemokinesis"],"picked":"Headbutt","floor":7.0},{"not_picked":["Sword Boomerang+1","Battle Trance"],"picked":"Shockwave","floor":8.0},{"not_picked":["Rampage+1","Entrench"],"picked":"True Grit","floor":12.0},{"not_picked":["Corruption","Clash+1"],"picked":"Spot Weakness","floor":14.0},{"not_picked":["Hemokinesis+1","Thunderclap+1"],"picked":"Wild Strike+1","floor":15.0},{"not_picked":["Double Tap","Berserk"],"picked":"Feed+1","floor":16.0},{"not_picked":["Clothesline+1","Heavy Blade+1"],"picked":"Cleave+1","floor":18.0},{"not_picked":["Searing Blow+1","Body Slam+1"],"picked":"Warcry","floor":22.0},{"not_picked":["Infernal Blade","Cleave+1"],"picked":"Feel No Pain","floor":24.0},{"not_picked":["Uppercut+1","Perfected Strike+1"],"picked":"Armaments","floor":25},{"not_picked":["Sever Soul+1","Fire Breathing+1"],"picked":"Iron Wave+1","floor":27},{"not_picked":["Immolate+1","Perfected Strike+1"],"picked":"Twin Strike+1","floor":29},{"not_picked":["True Grit","Combust+1"],"picked":"Havoc","floor":31},{"not_picked":["Twin Strike+1","Searing Blow+1"],"picked":"Carnage+1","floor":32},{"not_picked":["Double Tap","Bludgeon+1"],"picked":"Demon Form+1","floor":33},{"not_picked":["Warcry+1","Thunderclap+1"],"picked":"Havoc+1","floor":35},{"not_picked":["Twin Strike+1","Rampage+1","Iron Wave+1"],"picked":"SKIP","floor":37},{"not_picked":["Cleave+1","Clash+1"],"picked":"Disarm+1","floor":39},{"not_picked":["Perfected Strike+1","Disarm+1"],"picked":"Reaper+1","floor":40}],"player_experience":292606,"relics_obtained":[{"floor":7.0,"key":"Molten Egg 2"},{"floor":9.0,"key":"Bronze Scales"},{"floor":26,"key":"Frozen Egg 2"},{"floor":40,"key":"Magic Flower"}],"event_choices":[{"damage_healed":0.0,"max_hp_gain":0.0,"max_hp_loss":0.0,"gold_gain":0.0,"event_name":"Golden Idol","player_choice":"Take Damage","floor":2.0,"gold_loss":0.0,"damage_taken":20.0,"relics_obtained":["Golden Idol"]},{"damage_healed":0.0,"max_hp_gain":0.0,"max_hp_loss":0.0,"gold_gain":0.0,"event_name":"WeMeetAgain","player_choice":"Paid Gold","floor":4.0,"gold_loss":56.0,"damage_taken":0.0,"relics_obtained":["Dream Catcher"]},{"damage_healed":0.0,"max_hp_gain":0.0,"max_hp_loss":0.0,"gold_gain":0.0,"event_name":"Wheel of Change","player_choice":"Cursed","floor":13.0,"gold_loss":0.0,"damage_taken":0.0,"cards_obtained":["Decay"]},{"damage_healed":0.0,"max_hp_gain":0.0,"max_hp_loss":0.0,"gold_gain":100.0,"event_name":"Golden Shrine","player_choice":"Pray","floor":20.0,"gold_loss":0.0,"damage_taken":0.0},{"damage_healed":0,"gold_gain":0,"player_choice":"Opened","damage_taken":0,"relics_obtained":["Anchor"],"max_hp_gain":0,"max_hp_loss":0,"event_name":"The Mausoleum","floor":28,"gold_loss":0},{"cards_removed":["Strike_R"],"damage_healed":0,"gold_gain":0,"player_choice":"Elegance","damage_taken":0,"max_hp_gain":0,"max_hp_loss":0,"event_name":"Back to Basics","floor":30,"gold_loss":0},{"damage_healed":0,"gold_gain":0,"player_choice":"Ignored","damage_taken":0,"max_hp_gain":0,"max_hp_loss":0,"event_name":"Tomb of Lord Red Mask","floor":36,"gold_loss":0},{"damage_healed":14,"gold_gain":0,"player_choice":"Full Heal","damage_taken":0,"max_hp_gain":0,"max_hp_loss":0,"event_name":"Wheel of Change","floor":38,"gold_loss":0},{"damage_healed":0,"gold_gain":0,"cards_transformed":["Strike_R"],"player_choice":"Transformed","damage_taken":0,"max_hp_gain":0,"max_hp_loss":0,"event_name":"Transmorgrifier","floor":41,"gold_loss":0,"cards_obtained":["Rupture"]}],"is_beta":false,"boss_relics":[{"not_picked":["White Beast Statue","Coffee Dripper"],"picked":"Sozu"},{"not_picked":["Orrery","Empty Cage"],"picked":"Velvet Choker"}],"items_purged_floors":[19],"is_endless":false,"potions_floor_spawned":[3,12,25,27,29,31,33,37],"killed_by":"Writhing Mass","ascension_level":0}