{"gold_per_floor":[109,109,129,142,156,156,190,190,262,4,24,24,24,353,353,353],"floor_reached":16,"playtime":916,"items_purged":[],"score":149,"play_id":"886385a0-2bfd-435b-9cc6-9b544f95bb82","local_time":"20190415224347","is_ascension_mode":true,"campfire_choices":[{"data":"Pommel Strike","floor":6,"key":"SMITH"},{"data":"Deep Breath","floor":8,"key":"SMITH"},{"floor":15,"key":"REST"}],"neow_cost":"NONE","seed_source_timestamp":220640511147518,"circlet_count":0,"master_deck":["Strike_R","Strike_R","Strike_R","Strike_R","Strike_R","Defend_R","Defend_R","Defend_R","Defend_R","Bash","Shrug It Off","Deep Breath+1","Havoc","Pommel Strike+1","Carnage","Pommel Strike","Impervious","Burning Pact","Perfected Strike+1"],"relics":["Burning Blood","NeowsBlessing","Mango","Molten Egg 2","Boot","Singing Bowl","Old Coin"],"potions_floor_usage":[7,16],"damage_taken":[{"damage":0,"enemies":"2 Louse","floor":1,"turns":1},{"damage":0,"enemies":"Cultist","floor":3,"turns":1},{"damage":0,"enemies":"Small Slimes","floor":4,"turns":1},{"damage":11,"enemies":"Blue Slaver","floor":5,"turns":4},{"damage":20,"enemies":"3 Sentries","floor":7,"turns":6},{"damage":6,"enemies":"2 Fungi Beasts","floor":11,"turns":3},{"damage":40,"enemies":"Lagavulin","floor":14,"turns":6},{"damage":67,"enemies":"Hexaghost","floor":16,"turns":10}],"seed_played":"-7006562605639744831","potions_obtained":[{"floor":3,"key":"SteroidPotion"},{"floor":7,"key":"LiquidBronze"}],"is_trial":false,"path_per_floor":["M","?","M","M","M","R","E","R","T","$","M","?","T","E","R","B"],"character_chosen":"IRONCLAD","items_purchased":["Molten Egg 2"],"campfire_rested":1,"item_purchase_floors":[10],"current_hp_per_floor":[78,78,80,80,75,75,75,75,75,75,75,72,72,38,66,0],"gold":353,"neow_bonus":"THREE_ENEMY_KILL","is_prod":false,"is_daily":false,"chose_seed":false,"campfire_upgraded":2,"win_rate":0,"timestamp":1555335827,"path_taken":["M","?","?","M","M","R","E","R","T","?","M","?","?","E","R","BOSS"],"build_version":"2019-01-23","purchased_purges":0,"victory":false,"max_hp_per_floor":[80,80,80,80,80,80,94,94,94,94,94,94,94,94,94,94],"card_choices":[{"not_picked":["Flex","Infernal Blade"],"picked":"Shrug It Off","floor":1},{"not_picked":["Cleave","Anger"],"picked":"Pommel Strike","floor":3},{"not_picked":["Clothesline","Clash"],"picked":"Carnage","floor":4},{"not_picked":["Thunderclap","Fire Breathing"],"picked":"Pommel Strike","floor":5},{"not_picked":["Twin Strike","Searing Blow"],"picked":"Impervious","floor":7},{"not_picked":["Rupture","Pommel Strike+1"],"picked":"Burning Pact","floor":11},{"not_picked":["Searing Blow+1","Thunderclap+1"],"picked":"Perfected Strike+1","floor":14}],"player_experience":350542,"relics_obtained":[{"floor":7,"key":"Mango"},{"floor":13,"key":"Singing Bowl"},{"floor":14,"key":"Old Coin"}],"event_choices":[{"damage_healed":0,"gold_gain":0,"player_choice":"2 cards matched","damage_taken":0,"max_hp_gain":0,"max_hp_loss":0,"event_name":"Match and Keep!","floor":2,"gold_loss":0,"cards_obtained":["Deep Breath","Havoc"]},{"damage_healed":0,"gold_gain":0,"player_choice":"Success","damage_taken":3,"relics_obtained":["Boot"],"max_hp_gain":0,"max_hp_loss":0,"event_name":"Scrap Ooze","floor":12,"gold_loss":0}],"is_beta":false,"boss_relics":[],"items_purged_floors":[],"is_endless":false,"potions_floor_spawned":[3,7],"killed_by":"Hexaghost","ascension_level":7}