{"gold_per_floor":[110,2,18,29,29,29,63,63,63,13,13,24,40,40,40,142,142,159,174,273,273,286,286,301,301,301,321,321],"floor_reached":28,"playtime":641,"items_purged":[],"score":253,"play_id":"86d95ce2-888f-48a7-8fb6-0decf70a6b88","local_time":"20190414183234","is_ascension_mode":true,"campfire_choices":[{"data":"Static Discharge","floor":6,"key":"SMITH"},{"floor":8,"key":"REST"},{"data":"Defragment","floor":11,"key":"SMITH"},{"floor":15,"key":"REST"},{"floor":23,"key":"RECALL"},{"floor":25,"key":"REST"}],"neow_cost":"NONE","seed_source_timestamp":432574381334991,"circlet_count":0,"master_deck":["Strike_B","Defend_B","Defend_B","Defend_B","Zap","Dualcast","Conserve Battery","Defragment+1","Sunder","Static Discharge+1","Melter","Doom and Gloom","Double Energy+1","Ball Lightning","Fission+1","Rebound","Self Repair+1","Loop+1","Redo+1","Consume+1"],"relics":["Cracked Core","NeowsBlessing","Shovel","Toxic Egg 2","Anchor","Empty Cage"],"potions_floor_usage":[7,7,16,22],"damage_taken":[{"damage":0,"enemies":"2 Louse","floor":1,"turns":1},{"damage":0,"enemies":"Jaw Worm","floor":3,"turns":1},{"damage":0,"enemies":"Small Slimes","floor":4,"turns":1},{"damage":32,"enemies":"Gremlin Nob","floor":7,"turns":3},{"damage":20,"enemies":"3 Louse","floor":12,"turns":3},{"damage":8,"enemies":"Gremlin Gang","floor":13,"turns":3},{"damage":12,"enemies":"Slime Boss","floor":16,"turns":6},{"damage":7,"enemies":"3 Byrds","floor":18,"turns":3},{"damage":0,"enemies":"Spheric Guardian","floor":19,"turns":1},{"damage":25,"enemies":"Snake Plant","floor":22,"turns":5},{"damage":54,"enemies":"Shelled Parasite and Fungi","floor":24,"turns":4},{"damage":37,"enemies":"Centurion and Healer","floor":27,"turns":4},{"damage":19,"enemies":"Cultist and Chosen","floor":28,"turns":4}],"seed_played":"-3539071109578542621","potions_obtained":[{"floor":3,"key":"Weak Potion"},{"floor":4,"key":"SkillPotion"},{"floor":7,"key":"Ancient Potion"},{"floor":13,"key":"AttackPotion"},{"floor":18,"key":"FairyPotion"},{"floor":19,"key":"Block Potion"}],"is_trial":false,"path_per_floor":["M","$","M","M","$","R","E","R","T","?","R","M","M","?","R","B",null,"M","M","?","?","M","R","M","R","T","M","M"],"character_chosen":"DEFECT","items_purchased":["Defragment","Sunder"],"campfire_rested":3,"item_purchase_floors":[2,2],"current_hp_per_floor":[75,75,75,75,75,75,43,65,65,65,65,45,37,34,56,44,75,68,68,68,68,53,53,17,39,39,12,0],"gold":321,"neow_bonus":"THREE_ENEMY_KILL","is_prod":false,"is_daily":false,"chose_seed":false,"campfire_upgraded":2,"win_rate":0,"timestamp":1555291954,"path_taken":["M","$","M","M","$","R","E","R","T","?","R","M","M","?","R","BOSS","M","M","?","?","M","R","M","R","T","M","M"],"build_version":"2019-01-23","purchased_purges":0,"victory":false,"max_hp_per_floor":[75,75,75,75,75,75,75,75,75,75,75,75,75,75,75,75,75,75,75,75,75,75,75,75,75,75,75,75],"card_choices":[{"not_picked":["Redo","Reinforced Body"],"picked":"Conserve Battery","floor":1},{"not_picked":["Reprogram","White Noise"],"picked":"Static Discharge","floor":3},{"not_picked":["Rebound","Redo"],"picked":"Melter","floor":4},{"not_picked":["Hologram","Hello World"],"picked":"Doom and Gloom","floor":7},{"not_picked":["Meteor Strike","Storm"],"picked":"Double Energy+1","floor":12},{"not_picked":["Cold Snap","Reprogram+1"],"picked":"Ball Lightning","floor":13},{"not_picked":["All For One","Core Surge"],"picked":"Fission+1","floor":16},{"not_picked":["Streamline","Compile Driver"],"picked":"Rebound","floor":18},{"not_picked":["Streamline+1","Conserve Battery+1"],"picked":"Self Repair+1","floor":19},{"not_picked":["Doom and Gloom+1","Streamline"],"picked":"Loop+1","floor":22},{"not_picked":["Go for the Eyes","Steam+1"],"picked":"Redo+1","floor":24},{"not_picked":["Stack+1","Aggregate+1"],"picked":"Consume+1","floor":27}],"player_experience":422835,"relics_obtained":[{"floor":7,"key":"Shovel"},{"floor":9,"key":"Toxic Egg 2"}],"event_choices":[{"cards_removed":["Strike_B"],"damage_healed":0,"gold_gain":0,"player_choice":"Card Removal","damage_taken":0,"max_hp_gain":0,"max_hp_loss":0,"event_name":"The Cleric","floor":10,"gold_loss":50},{"damage_healed":0,"gold_gain":0,"player_choice":"Success","damage_taken":3,"relics_obtained":["Anchor"],"max_hp_gain":0,"max_hp_loss":0,"event_name":"Scrap Ooze","floor":14,"gold_loss":0},{"damage_healed":0,"gold_gain":99,"player_choice":"Stole From Cult","damage_taken":0,"max_hp_gain":0,"max_hp_loss":0,"event_name":"Nest","floor":20,"gold_loss":0},{"cards_removed":["Strike_B"],"damage_healed":0,"gold_gain":0,"player_choice":"Elegance","damage_taken":0,"max_hp_gain":0,"max_hp_loss":0,"event_name":"Back to Basics","floor":21,"gold_loss":0}],"is_beta":false,"boss_relics":[{"not_picked":["Fusion Hammer","Astrolabe"],"picked":"Empty Cage"}],"items_purged_floors":[],"is_endless":false,"potions_floor_spawned":[3,4,7,13,18,19],"killed_by":"Cultist and Chosen","ascension_level":3}