{"gold_per_floor":[112,191,38,0,0,0,0,0,0,0,0,0,0,10,10,112,112,125,125,137,52,66,66,66,66,66,98,98,198,198],"floor_reached":30,"playtime":752,"items_purged":[],"score":242,"play_id":"9b8d2d81-715f-447e-9c20-1a4986b1d997","local_time":"20190324210136","daily_mods":["Chimera","Red Cards","Green Cards","Blue Cards","Colorless Cards","Flight","Binary","Lethality","Night Terrors"],"is_ascension_mode":true,"campfire_choices":[{"data":"Heavy Blade","floor":6,"key":"SMITH"},{"data":"Zap","floor":7,"key":"SMITH"},{"data":"Bash","floor":8,"key":"SMITH"},{"data":"Survivor","floor":10,"key":"SMITH"},{"data":"Strike_R","floor":11,"key":"SMITH"},{"data":"Strike_G","floor":12,"key":"SMITH"},{"data":"Strike_B","floor":13,"key":"SMITH"},{"data":"Thunderclap","floor":15,"key":"SMITH"},{"data":"Dramatic Entrance","floor":23,"key":"SMITH"},{"data":"Slice","floor":24,"key":"SMITH"},{"data":"Defend_B","floor":25,"key":"SMITH"},{"data":"Apotheosis","floor":28,"key":"SMITH"}],"neow_cost":"","seed_source_timestamp":512866822550524,"circlet_count":0,"master_deck":["Bash+1","Survivor+1","Zap+1","Strike_R+1","Strike_G+1","Strike_B+1","Defend_R+1","Defend_G+1","Defend_B+1","Heavy Blade+1","Thunderclap+1","Doppelganger+1","Anger+1","Reinforced Body+1","Dramatic Entrance+1","Slice+1","Apotheosis+1","Blade Dance+1"],"relics":["Cracked Core","War Paint","Bag of Preparation","Orichalcum","Sozu","DataDisk","Art of War","Shovel","Sundial"],"potions_floor_usage":[16,20],"damage_taken":[{"damage":0,"enemies":"Small Slimes","floor":1,"turns":2},{"damage":0,"enemies":"2 Louse","floor":14,"turns":2},{"damage":31,"enemies":"Slime Boss","floor":16,"turns":6},{"damage":0,"enemies":"Spheric Guardian","floor":18,"turns":2},{"damage":3,"enemies":"2 Thieves","floor":20,"turns":2},{"damage":16,"enemies":"Shelled Parasite and Fungi","floor":22,"turns":3},{"damage":25,"enemies":"Slavers","floor":27,"turns":2},{"damage":18,"enemies":"Colosseum Slavers","floor":29,"turns":3},{"damage":11,"enemies":"Colosseum Nobs","floor":29,"turns":3},{"damage":9,"enemies":"Centurion and Healer","floor":30,"turns":2}],"seed_played":"-3106404290171800087","potions_obtained":[{"floor":1,"key":"Fire Potion"},{"floor":16,"key":"Weak Potion"}],"is_trial":true,"path_per_floor":["M","?","$","?","?","R","R","R","T","R","R","R","R","M","R","B",null,"M","?","M","$","M","R","R","R","T","E","R","?","M"],"character_chosen":"DEFECT","items_purchased":["War Paint","Dramatic Entrance"],"campfire_rested":0,"item_purchase_floors":[3,21],"current_hp_per_floor":[75,75,75,75,63,63,63,63,63,63,63,63,63,63,63,32,75,75,75,72,72,56,56,56,56,56,31,31,2,0],"gold":198,"neow_bonus":"","is_prod":false,"is_daily":false,"chose_seed":false,"campfire_upgraded":12,"win_rate":0,"timestamp":1553486496,"path_taken":["M","?","$","?","?","R","R","R","T","R","R","R","R","M","R","BOSS","M","?","?","$","M","R","R","R","T","E","R","?","M"],"build_version":"2019-01-23","purchased_purges":0,"victory":false,"max_hp_per_floor":[75,75,75,75,75,75,75,75,75,75,75,75,75,75,75,75,75,75,75,75,75,75,75,75,75,75,75,75,75,75],"card_choices":[{"not_picked":["Second Wind"],"picked":"Heavy Blade","floor":1},{"not_picked":["Entrench"],"picked":"Thunderclap","floor":14},{"not_picked":["Secret Technique"],"picked":"Doppelganger","floor":16},{"not_picked":["Power Through"],"picked":"Anger+1","floor":18},{"not_picked":["Impatience"],"picked":"Reinforced Body+1","floor":20},{"not_picked":["Perfected Strike"],"picked":"Slice","floor":22},{"not_picked":["Quick Slash"],"picked":"Apotheosis","floor":27},{"not_picked":["Warcry"],"picked":"Blade Dance+1","floor":29}],"player_experience":367674,"relics_obtained":[{"floor":9,"key":"Orichalcum"},{"floor":26,"key":"DataDisk"},{"floor":27,"key":"Art of War"},{"floor":29,"key":"Shovel"},{"floor":29,"key":"Sundial"}],"event_choices":[{"damage_healed":0,"gold_gain":79,"player_choice":"Gained Gold","damage_taken":0,"max_hp_gain":0,"max_hp_loss":0,"event_name":"Golden Wing","floor":2,"gold_loss":0},{"damage_healed":0,"gold_gain":0,"player_choice":"Left Gold","damage_taken":0,"max_hp_gain":0,"max_hp_loss":0,"event_name":"World of Goop","floor":4,"gold_loss":38},{"damage_healed":0,"gold_gain":0,"player_choice":"Success","damage_taken":12,"relics_obtained":["Bag of Preparation"],"max_hp_gain":0,"max_hp_loss":0,"event_name":"Scrap Ooze","floor":5,"gold_loss":0},{"damage_healed":0,"gold_gain":0,"player_choice":"Forge","damage_taken":0,"max_hp_gain":0,"max_hp_loss":0,"event_name":"Accursed Blacksmith","floor":19,"gold_loss":0,"cards_upgraded":["Doppelganger"]},{"damage_healed":0,"gold_gain":0,"player_choice":"Fight","damage_taken":0,"max_hp_gain":0,"max_hp_loss":0,"event_name":"Colosseum","floor":29,"gold_loss":0},{"damage_healed":0,"gold_gain":0,"player_choice":"Fought Nobs","damage_taken":0,"max_hp_gain":0,"max_hp_loss":0,"event_name":"Colosseum","floor":29,"gold_loss":0}],"is_beta":false,"boss_relics":[{"not_picked":["Busted Crown","Velvet Choker"],"picked":"Sozu"}],"items_purged_floors":[],"is_endless":false,"potions_floor_spawned":[1,16,18,27,29],"killed_by":"Centurion and Healer","ascension_level":1}