{"gold_per_floor":[112,187,197,197,197,227,227,252,252,286,172,69,69,88,88,184,184,201,218,218,218,234,259,189,224,224,27,45,45,80,30,30,130,130,144,159,177,197,147,180,180,213,238,272,272,304,304,338,338,338,338,338,0,0],"floor_reached":54,"playtime":3839,"items_purged":["Strike_R"],"score":1411,"play_id":"b8f51e58-6b8e-4a91-a085-90d69557ef1d","local_time":"20190414120447","is_ascension_mode":true,"campfire_choices":[{"floor":13,"key":"REST"},{"data":"Flame Barrier","floor":15,"key":"SMITH"},{"data":"Enlightenment","floor":29,"key":"SMITH"},{"floor":32,"key":"REST"},{"floor":45,"key":"RECALL"},{"data":"Armaments","floor":49,"key":"SMITH"},{"data":"Offering","floor":52,"key":"SMITH"}],"neow_cost":"NONE","seed_source_timestamp":0,"circlet_count":0,"master_deck":["AscendersBane","Strike_R","Strike_R","Strike_R","Strike_R","Defend_R+1","Defend_R","Defend_R","Defend_R","Bash+1","Shrug It Off","Cleave+1","Corruption","Shrug It Off","Flame Barrier+1","Dropkick","Feel No Pain","Clothesline","Shrug It Off","Disarm","Inflame","True Grit","Dark Embrace","Demon Form","Shrug It Off+1","Feel No Pain","Shrug It Off","Enlightenment+1","Shrug It Off","Offering+1","Whirlwind+1","Armaments+1","Entrench+1","Barricade","Entrench","Madness","Madness","Flame Barrier+1"],"special_seed":0,"relics":["Burning Blood","NeowsBlessing","Regal Pillow","Bronze Scales","Question Card","Meat on the Bone","Runic Pyramid","Art of War","Magic Flower","Orichalcum","Boot","Coffee Dripper","Bottled Lightning","Pantograph","Oddly Smooth Stone","Blue Candle","Shuriken","Self Forming Clay"],"potions_floor_usage":[16,23,30,40,54],"damage_taken":[{"damage":0.0,"enemies":"Small Slimes","floor":1.0,"turns":1.0},{"damage":0.0,"enemies":"2 Louse","floor":3.0,"turns":1.0},{"damage":0.0,"enemies":"Gremlin Nob","floor":6.0,"turns":1.0},{"damage":44.0,"enemies":"3 Sentries","floor":8.0,"turns":9.0},{"damage":17.0,"enemies":"Gremlin Nob","floor":10.0,"turns":4.0},{"damage":14,"enemies":"Jaw Worm","floor":14,"turns":3},{"damage":50,"enemies":"The Guardian","floor":16,"turns":17},{"damage":2,"enemies":"2 Thieves","floor":18,"turns":3},{"damage":4,"enemies":"Chosen","floor":19,"turns":6},{"damage":24,"enemies":"Shelled Parasite and Fungi","floor":22,"turns":7},{"damage":38,"enemies":"Gremlin Leader","floor":23,"turns":9},{"damage":22,"enemies":"Book of Stabbing","floor":25,"turns":6},{"damage":1,"enemies":"Centurion and Healer","floor":28,"turns":8},{"damage":31,"enemies":"Slavers","floor":30,"turns":5},{"damage":55,"enemies":"Automaton","floor":33,"turns":12},{"damage":24,"enemies":"3 Darklings","floor":35,"turns":6},{"damage":18,"enemies":"3 Shapes","floor":36,"turns":7},{"damage":14,"enemies":"3 Darklings","floor":37,"turns":4},{"damage":23,"enemies":"Transient","floor":38,"turns":5},{"damage":6,"enemies":"Giant Head","floor":40,"turns":9},{"damage":20,"enemies":"Nemesis","floor":42,"turns":9},{"damage":5,"enemies":"Giant Head","floor":44,"turns":8},{"damage":13,"enemies":"Nemesis","floor":46,"turns":11},{"damage":6,"enemies":"Giant Head","floor":48,"turns":12},{"damage":68,"enemies":"Donu and Deca","floor":50,"turns":11},{"damage":77,"enemies":"Shield and Spear","floor":54,"turns":6}],"seed_played":"-697717288161369648","potions_obtained":[{"floor":8.0,"key":"Ancient Potion"},{"floor":10.0,"key":"GamblersBrew"},{"floor":16,"key":"AttackPotion"},{"floor":18,"key":"Swift Potion"},{"floor":23,"key":"LiquidBronze"},{"floor":28,"key":"Energy Potion"},{"floor":37,"key":"Regen Potion"},{"floor":40,"key":"Dexterity Potion"}],"is_trial":false,"path_per_floor":["M","?","M","?","?","E","?","E","T","E","$","$","R","M","R","B",null,"M","M","?","?","M","E","$","E","T","$","M","R","E","?","R","B",null,"M","M","M","M","$","E","?","E","T","E","R","E","?","E","R","B",null,"R","$","E"],"character_chosen":"IRONCLAD","items_purchased":["Dropkick","Feel No Pain","Clothesline","Demon Form","Feel No Pain","Shrug It Off","Enlightenment","Armaments","LiquidBronze","Self Forming Clay"],"campfire_rested":2,"item_purchase_floors":[11,12,12,24,27,27,27,39,53,53],"current_hp_per_floor":[78,67,73,73,73,79,63,25,25,14,14,14,53,57,57,25,66,70,72,72,72,54,34,34,30,30,30,56,56,52,52,80,52,73,58,67,62,66,66,80,80,69,69,73,73,69,59,62,62,39,70,70,70,0],"gold":0,"neow_bonus":"THREE_ENEMY_KILL","is_prod":false,"is_daily":false,"chose_seed":false,"campfire_upgraded":4,"win_rate":0,"timestamp":1555268687,"path_taken":["M","?","M","?","?","E","?","E","T","E","?","$","R","M","R","BOSS","M","M","?","?","M","E","$","E","T","?","?","R","E","?","R","BOSS","M","?","M","M","$","E","?","E","T","E","R","E","?","E","R","BOSS","R","$","E"],"build_version":"2019-01-23","purchased_purges":1,"victory":false,"max_hp_per_floor":[80,80,80,80,80,80,80,80,80,80,80,80,80,80,80,80,80,80,80,80,80,80,80,80,80,80,80,80,80,80,80,80,80,80,80,80,80,80,80,80,80,80,80,80,80,80,80,80,80,80,80,80,80,80],"card_choices":[{"not_picked":["Clash","Body Slam"],"picked":"Shrug It Off","floor":1.0},{"not_picked":["Thunderclap","Seeing Red"],"picked":"Cleave","floor":3.0},{"not_picked":["Perfected Strike","Iron Wave"],"picked":"Corruption","floor":6.0},{"not_picked":["Sever Soul","Rupture"],"picked":"Shrug It Off","floor":8.0},{"not_picked":["Inflame","Limit Break","Body Slam"],"picked":"Flame Barrier","floor":10.0},{"not_picked":["Entrench","Headbutt","Perfected Strike"],"picked":"Shrug It Off","floor":14},{"not_picked":["Impervious","Berserk","Bludgeon"],"picked":"Immolate","floor":16},{"not_picked":["Wild Strike","Sword Boomerang","Hemokinesis"],"picked":"Disarm","floor":18},{"not_picked":["Searing Blow","Rupture","Wild Strike","Cleave+1"],"picked":"SKIP","floor":19},{"not_picked":["Clothesline+1","Body Slam","Wild Strike"],"picked":"True Grit","floor":22},{"not_picked":["Burning Pact","Anger","Flex"],"picked":"Dark Embrace","floor":23},{"not_picked":["Dropkick","Second Wind+1","Uppercut"],"picked":"Shrug It Off+1","floor":25},{"not_picked":["Clash+1","Carnage","Iron Wave+1"],"picked":"Shrug It Off","floor":28},{"not_picked":["Sword Boomerang","Body Slam","Bludgeon","Warcry"],"picked":"SKIP","floor":30},{"not_picked":["Demon Form","Berserk","Brutality"],"picked":"Offering","floor":33},{"not_picked":["True Grit","Twin Strike","Shrug It Off+1"],"picked":"Whirlwind+1","floor":35},{"not_picked":["Iron Wave","Rupture+1","Searing Blow+1","Warcry"],"picked":"SKIP","floor":36},{"not_picked":["Fiend Fire","Second Wind","Anger","Rampage+1"],"picked":"SKIP","floor":37},{"not_picked":["Sword Boomerang","Clash","Havoc","Clothesline+1"],"picked":"SKIP","floor":38},{"not_picked":["Searing Blow+1","Sword Boomerang+1","Warcry+1","Flex+1"],"picked":"SKIP","floor":40},{"not_picked":["Blood for Blood+1","True Grit","Sword Boomerang+1"],"picked":"Entrench+1","floor":42},{"not_picked":["Anger","Brutality","Cleave+1"],"picked":"Barricade","floor":44},{"not_picked":["Demon Form","Shrug It Off","Body Slam+1"],"picked":"Entrench","floor":46},{"not_picked":["Thunderclap","Iron Wave","Limit Break"],"picked":"Flame Barrier+1","floor":48}],"player_experience":231147,"relics_obtained":[{"floor":6.0,"key":"Regal Pillow"},{"floor":8.0,"key":"Bronze Scales"},{"floor":9.0,"key":"Question Card"},{"floor":10.0,"key":"Meat on the Bone"},{"floor":23,"key":"Art of War"},{"floor":25,"key":"Magic Flower"},{"floor":26,"key":"Orichalcum"},{"floor":30,"key":"Boot"},{"floor":40,"key":"Bottled Lightning"},{"floor":42,"key":"Pantograph"},{"floor":44,"key":"Oddly Smooth Stone"},{"floor":46,"key":"Blue Candle"},{"floor":48,"key":"Shuriken"}],"event_choices":[{"damage_healed":0.0,"max_hp_gain":0.0,"max_hp_loss":0.0,"gold_gain":75.0,"event_name":"World of Goop","player_choice":"Gather Gold","floor":2.0,"gold_loss":0.0,"damage_taken":11.0},{"damage_healed":0.0,"max_hp_gain":0.0,"max_hp_loss":0.0,"gold_gain":0.0,"event_name":"Living Wall","player_choice":"Grow","floor":4.0,"gold_loss":0.0,"damage_taken":0.0,"cards_upgraded":["Bash"]},{"damage_healed":0.0,"max_hp_gain":0.0,"max_hp_loss":0.0,"gold_gain":0.0,"event_name":"Liars Game","player_choice":"Ignored","floor":5.0,"gold_loss":0.0,"damage_taken":0.0},{"damage_healed":0.0,"max_hp_gain":0.0,"max_hp_loss":0.0,"gold_gain":0.0,"event_name":"Shining Light","player_choice":"Entered Light","floor":7.0,"gold_loss":0.0,"damage_taken":16.0,"cards_upgraded":["Defend_R","Cleave"]},{"damage_healed":0,"gold_gain":0,"player_choice":"Read","damage_taken":0,"max_hp_gain":0,"max_hp_loss":0,"event_name":"The Library","floor":20,"gold_loss":0,"cards_obtained":["Inflame"]},{"damage_healed":0,"gold_gain":0,"player_choice":"Ignored","damage_taken":0,"max_hp_gain":0,"max_hp_loss":0,"event_name":"Vampires","floor":21,"gold_loss":0},{"damage_healed":0,"gold_gain":0,"player_choice":"Bet on Murderer","damage_taken":0,"max_hp_gain":0,"max_hp_loss":0,"event_name":"The Joust","floor":31,"gold_loss":50},{"cards_removed":["Immolate"],"damage_healed":0,"gold_gain":0,"player_choice":"Removed Attack","damage_taken":0,"max_hp_gain":0,"max_hp_loss":0,"event_name":"Falling","floor":41,"gold_loss":0},{"damage_healed":0,"gold_gain":0,"player_choice":"Embrace Madness","damage_taken":10,"max_hp_gain":0,"max_hp_loss":0,"event_name":"Winding Halls","floor":47,"gold_loss":0,"cards_obtained":["Madness","Madness"]}],"is_beta":false,"boss_relics":[{"not_picked":["Black Star","Ectoplasm"],"picked":"Runic Pyramid"},{"not_picked":["Snecko Eye","Orrery"],"picked":"Coffee Dripper"}],"items_purged_floors":[11],"is_endless":false,"potions_floor_spawned":[8,10,16,18,23,28,37,38,40,42],"killed_by":"Shield and Spear","ascension_level":10}