{"gold_per_floor":[118,118,118,142,161,161,204,222,302,342,342,360,360,395,395,395],"floor_reached":16,"playtime":461,"items_purged":[],"score":192,"play_id":"fe7b9273-9858-4444-92e4-d8486a9ce52c","local_time":"20190422194256","is_ascension_mode":true,"campfire_choices":[{"data":"Uppercut","floor":6,"key":"SMITH"},{"data":"Immolate","floor":11,"key":"SMITH"},{"data":"Shrug It Off","floor":13,"key":"SMITH"},{"data":"Entrench","floor":15,"key":"SMITH"}],"neow_cost":"NONE","seed_source_timestamp":808161198998835,"circlet_count":0,"master_deck":["AscendersBane","Strike_R","Strike_R","Strike_R","Strike_R","Strike_R","Defend_R","Defend_R","Defend_R","Defend_R","Bash","Whirlwind+1","Shrug It Off+1","Uppercut+1","Immolate+1","Battle Trance","Entrench+1"],"relics":["Burning Blood","NeowsBlessing","Golden Idol","Calipers","Bottled Flame","Vajra","Mercury Hourglass"],"potions_floor_usage":[10,16,16],"damage_taken":[{"damage":0,"enemies":"Cultist","floor":1,"turns":1},{"damage":0,"enemies":"Small Slimes","floor":4,"turns":1},{"damage":0,"enemies":"2 Louse","floor":5,"turns":2},{"damage":30,"enemies":"Lagavulin","floor":7,"turns":6},{"damage":5,"enemies":"Blue Slaver","floor":8,"turns":3},{"damage":17,"enemies":"3 Sentries","floor":10,"turns":6},{"damage":5,"enemies":"Red Slaver","floor":12,"turns":2},{"damage":19,"enemies":"Gremlin Nob","floor":14,"turns":4},{"damage":34,"enemies":"Hexaghost","floor":16,"turns":10}],"seed_played":"2143817271078288042","potions_obtained":[{"floor":4,"key":"Explosive Potion"},{"floor":5,"key":"Ancient Potion"},{"floor":10,"key":"FearPotion"},{"floor":14,"key":"Fruit Juice"}],"is_trial":false,"path_per_floor":["M","?","?","M","M","R","E","M","T","E","R","M","R","E","R","B"],"character_chosen":"IRONCLAD","items_purchased":[],"campfire_rested":0,"item_purchase_floors":[],"current_hp_per_floor":[78,58,58,64,70,70,46,47,47,36,36,37,37,24,24,0],"gold":395,"neow_bonus":"THREE_ENEMY_KILL","is_prod":false,"is_daily":false,"chose_seed":false,"campfire_upgraded":4,"win_rate":0,"timestamp":1555987376,"path_taken":["M","?","?","M","?","R","E","M","T","E","R","?","R","E","R","BOSS"],"build_version":"2019-01-23","purchased_purges":0,"victory":false,"max_hp_per_floor":[80,80,80,80,80,80,80,80,80,80,80,80,80,80,80,85],"card_choices":[{"not_picked":["Twin Strike","Intimidate"],"picked":"Whirlwind","floor":1},{"not_picked":["True Grit","Pommel Strike"],"picked":"Shrug It Off","floor":4},{"not_picked":["Searing Blow","Clash"],"picked":"Uppercut","floor":5},{"not_picked":["Perfected Strike","Sentinel","Heavy Blade"],"picked":"SKIP","floor":7},{"not_picked":["Headbutt","Entrench"],"picked":"Immolate","floor":8},{"not_picked":["Dual Wield","Bloodletting"],"picked":"Battle Trance","floor":10},{"not_picked":["True Grit","Sword Boomerang","Headbutt"],"picked":"SKIP","floor":12},{"not_picked":["Rupture","Infernal Blade"],"picked":"Entrench","floor":14}],"player_experience":287052,"relics_obtained":[{"floor":7,"key":"Calipers"},{"floor":9,"key":"Bottled Flame"},{"floor":10,"key":"Vajra"},{"floor":14,"key":"Mercury Hourglass"}],"event_choices":[{"damage_healed":0,"gold_gain":0,"player_choice":"Take Damage","damage_taken":20,"relics_obtained":["Golden Idol"],"max_hp_gain":0,"max_hp_loss":0,"event_name":"Golden Idol","floor":2,"gold_loss":0},{"damage_healed":0,"gold_gain":0,"player_choice":"Upgraded","damage_taken":0,"max_hp_gain":0,"max_hp_loss":0,"event_name":"Upgrade Shrine","floor":3,"gold_loss":0,"cards_upgraded":["Whirlwind"]}],"is_beta":false,"boss_relics":[],"items_purged_floors":[],"is_endless":false,"potions_floor_spawned":[4,5,8,10,14],"killed_by":"Hexaghost","ascension_level":12}