{"gold_per_floor":[117,131,131,306,306,306,320,320,320,320,339,289,304,304,304,425,425,438,438,451,472,488,488,526,169,169,169,182,182,82,122,122,253,253,268,281,164,187,253,294,307,307,307,640,260,260,260,0,0,0],"floor_reached":51,"playtime":2402,"items_purged":["Strike_R","Strike_R","Reckless Charge+1"],"score":828,"play_id":"a803e6f3-cc66-4539-96ae-3f4d816d5a55","local_time":"20180917115909","is_ascension_mode":false,"campfire_choices":[{"data":"Bash","floor":6,"key":"SMITH"},{"data":"Corruption","floor":8,"key":"SMITH"},{"data":"Disarm","floor":10,"key":"SMITH"},{"floor":15,"key":"REST"},{"floor":23,"key":"REST"},{"floor":32,"key":"REST"},{"floor":42,"key":"REST"},{"data":"Barricade","floor":46,"key":"SMITH"},{"floor":49,"key":"REST"}],"neow_cost":"NONE","seed_source_timestamp":306242941600767,"circlet_count":0,"master_deck":["Bash+1","Corruption+1","Disarm+1","Clothesline+1","Hemokinesis+1","Fiend Fire+1","Iron Wave+1","Warcry+1","Dropkick+1","Pommel Strike+1","Barricade+1","Disarm+1","Battle Trance+1","Whirlwind+1","Body Slam+1","Headbutt+1","Armaments+1","Warcry+1","Dropkick+1","Shrug It Off"],"relics":["Burning Blood","Molten Egg 2","Mark of Pain","MutagenicStrength","Blood Vial","Medical Kit","Shuriken","Nilry\u0027s Codex","Orichalcum","Astrolabe","Mango","Lantern","Pear","Kunai","Bronze Scales"],"potions_floor_usage":[13,24,33,38,40,50,50],"damage_taken":[{"damage":0,"enemies":"2 Louse","floor":1,"turns":4},{"damage":6,"enemies":"Jaw Worm","floor":2,"turns":4},{"damage":9,"enemies":"Small Slimes","floor":7,"turns":4},{"damage":1,"enemies":"Exordium Wildlife","floor":11,"turns":6},{"damage":19,"enemies":"Large Slime","floor":13,"turns":9},{"damage":64,"enemies":"Slime Boss","floor":16,"turns":11},{"damage":24,"enemies":"Spheric Guardian","floor":18,"turns":4},{"damage":9,"enemies":"Chosen","floor":20,"turns":6},{"damage":12,"enemies":"Centurion and Healer","floor":21,"turns":5},{"damage":8,"enemies":"Cultist and Chosen","floor":22,"turns":6},{"damage":35,"enemies":"Book of Stabbing","floor":24,"turns":8},{"damage":15,"enemies":"Chosen and Byrds","floor":28,"turns":8},{"damage":47,"enemies":"Slavers","floor":31,"turns":7},{"damage":60,"enemies":"Automaton","floor":33,"turns":10},{"damage":5,"enemies":"3 Shapes","floor":35,"turns":3},{"damage":4,"enemies":"Orb Walker","floor":36,"turns":2},{"damage":2,"enemies":"Transient","floor":38,"turns":5},{"damage":22,"enemies":"Mysterious Sphere","floor":39,"turns":11},{"damage":34,"enemies":"2 Orb Walkers","floor":40,"turns":5},{"damage":18,"enemies":"4 Shapes","floor":41,"turns":11},{"damage":32,"enemies":"Awakened One","floor":50,"turns":11}],"seed_played":"-2757784945986595853","potions_obtained":[{"floor":7,"key":"Poison Potion"},{"floor":18,"key":"EssenceOfSteel"},{"floor":20,"key":"Energy Potion"},{"floor":24,"key":"Fire Potion"},{"floor":28,"key":"Dexterity Potion"},{"floor":39,"key":"LiquidBronze"},{"floor":40,"key":"Dexterity Potion"}],"is_trial":false,"path_per_floor":["M","M","?","?","?","R","M","R","T","R","M","?","M","?","R","B",null,"M","?","M","M","M","R","E","$","T","?","M","?","$","E","R","B",null,"M","M","$","M","?","E","M","R","T","?","$","R","?","$","R","B"],"character_chosen":"IRONCLAD","items_purchased":["Medical Kit","Dropkick+1","Fruit Juice","Body Slam+1","Kunai","Bronze Scales","Dropkick+1","Shrug It Off"],"campfire_rested":5,"item_purchase_floors":[25,25,37,37,45,48,48,48],"current_hp_per_floor":[80,80,73,73,53,53,50,50,50,50,55,55,42,42,66,8,80,62,62,59,53,51,75,46,46,46,30,23,80,80,47,71,19,83,83,83,83,88,86,60,50,80,90,90,90,90,90,90,112,86],"gold":0,"neow_bonus":"TRANSFORM_CARD","is_prod":false,"is_daily":false,"chose_seed":false,"campfire_upgraded":4,"win_rate":0,"timestamp":1537210749,"path_taken":["M","M","?","?","?","R","M","R","T","R","?","?","M","?","R","BOSS","M","?","M","M","?","R","E","$","T","?","M","?","$","E","R","BOSS","M","?","$","?","?","E","M","R","T","?","$","R","?","$","R","BOSS"],"build_version":"2018-09-06","purchased_purges":3,"victory":true,"max_hp_per_floor":[80,80,80,80,80,80,80,80,80,80,80,80,80,80,80,80,80,80,80,80,80,80,80,80,80,80,80,80,80,80,83,83,83,83,83,83,83,88,102,102,102,102,112,112,112,112,112,112,112,112],"card_choices":[{"not_picked":["Iron Wave","Blood for Blood","Body Slam"],"picked":"SKIP","floor":1},{"not_picked":["Havoc","Iron Wave","Armaments"],"picked":"SKIP","floor":2},{"not_picked":["Evolve","Iron Wave"],"picked":"Disarm","floor":7},{"not_picked":["Thunderclap+1","Infernal Blade"],"picked":"Clothesline+1","floor":11},{"not_picked":["Havoc","Anger+1"],"picked":"Hemokinesis+1","floor":13},{"not_picked":["Brutality","Juggernaut"],"picked":"Fiend Fire+1","floor":16},{"not_picked":["Armaments","Body Slam+1"],"picked":"Iron Wave+1","floor":18},{"not_picked":["Anger+1","Perfected Strike+1"],"picked":"Warcry+1","floor":20},{"not_picked":["Cleave+1","Corruption","Flex"],"picked":"SKIP","floor":21},{"not_picked":["Cleave+1","Wild Strike+1","Sword Boomerang+1"],"picked":"SKIP","floor":22},{"not_picked":["Inflame","Power Through"],"picked":"Seeing Red","floor":24},{"not_picked":["Blood for Blood+1","Heavy Blade+1","Armaments+1"],"picked":"SKIP","floor":28},{"not_picked":["Warcry","Thunderclap+1"],"picked":"Pommel Strike+1","floor":31},{"not_picked":["Berserk","Immolate+1"],"picked":"Barricade","floor":33},{"not_picked":["Pommel Strike+1","Carnage+1","Havoc+1"],"picked":"SKIP","floor":35},{"not_picked":["Twin Strike+1","Wild Strike+1"],"picked":"Whirlwind+1","floor":36},{"not_picked":["Havoc","Entrench+1"],"picked":"Headbutt+1","floor":38},{"not_picked":["Clash+1","Flex+1"],"picked":"Armaments+1","floor":39},{"not_picked":["Double Tap","Flame Barrier"],"picked":"Warcry+1","floor":40},{"not_picked":["Havoc","Headbutt+1","Clothesline+1"],"picked":"SKIP","floor":41}],"player_experience":236433,"relics_obtained":[{"floor":9,"key":"Molten Egg 2"},{"floor":24,"key":"Blood Vial"},{"floor":26,"key":"Shuriken"},{"floor":27,"key":"Nilry\u0027s Codex"},{"floor":31,"key":"Orichalcum"},{"floor":39,"key":"Mango"},{"floor":40,"key":"Lantern"},{"floor":43,"key":"Pear"}],"event_choices":[{"event_name":"Golden Wing","player_choice":"Card Removal","floor":3,"damage_taken":0},{"event_name":"Liars Game","player_choice":"agreed","floor":4,"damage_taken":0},{"event_name":"Golden Idol","player_choice":"Take Damage","floor":5,"damage_taken":0},{"event_name":"The Cleric","player_choice":"Card Removal","floor":12,"damage_taken":0},{"event_name":"Living Wall","player_choice":"Forget","floor":14,"damage_taken":0},{"event_name":"Drug Dealer","player_choice":"Inject Mutagens","floor":19,"damage_taken":0},{"event_name":"Cursed Tome","player_choice":"Obtained Book","floor":27,"damage_taken":0},{"event_name":"Bonfire Elementals","player_choice":"UNCOMMON","floor":29,"damage_taken":0},{"event_name":"Mysterious Sphere","player_choice":"Fight","floor":39,"damage_taken":0},{"event_name":"The Moai Head","player_choice":"Gave Idol","floor":44,"damage_taken":0},{"event_name":"Purifier","player_choice":"One Purge","floor":47,"damage_taken":0}],"is_beta":false,"boss_relics":[{"not_picked":["Fusion Hammer","Busted Crown"],"picked":"Mark of Pain"},{"not_picked":["Philosopher\u0027s Stone","Black Blood"],"picked":"Astrolabe"}],"items_purged_floors":[25,30,45],"is_endless":false,"potions_floor_spawned":[7,18,20,24,28,31,39,40,41],"ascension_level":0}