{"gold_per_floor":[118,135,135,60,79,79,97,97,122,122,137,166,179,194,194,289,289,308,323,223,223,237,237,252,252,300,300,310,185,197,209,209,304,304,317,332,332,346,196,225,243,243,243,68,97,117,117,132,132,132],"floor_reached":51,"playtime":2212,"items_purged":["Defend_B","Defend_B","Zap","Dualcast","Hyperbeam+1"],"score":740,"play_id":"35164969-0e97-4b1c-8e62-b551be3a8dfa","local_time":"20190222222227","is_ascension_mode":false,"campfire_choices":[{"data":"Gash","floor":6,"key":"SMITH"},{"data":"Glacier","floor":8,"key":"SMITH"},{"floor":15,"key":"REST"},{"data":"Coolheaded","floor":23,"key":"SMITH"},{"data":"Gash","floor":25,"key":"SMITH"},{"data":"Defend_B","floor":27,"key":"SMITH"},{"data":"Defend_B","floor":32,"key":"SMITH"},{"floor":42,"key":"REST"},{"floor":49,"key":"REST"}],"neow_cost":"NONE","seed_source_timestamp":189639353658840,"circlet_count":0,"master_deck":["Defend_B+1","Defend_B+1","Gash+1","Glacier+1","Gash+1","Coolheaded+1","Undo+1","Fission+1","Gash+1"],"relics":["Cracked Core","NeowsBlessing","Pen Nib","Potion Belt","Omamori","Astrolabe","Dead Branch","Bronze Scales","White Beast Statue","Pear","Cables","Orichalcum","Toxic Egg 2"],"potions_floor_usage":[16,33,33,38,40,40,45,46,48,50,50,50,50,50,50,50],"damage_taken":[{"damage":0,"enemies":"Cultist","floor":1,"turns":1},{"damage":0,"enemies":"Small Slimes","floor":2,"turns":1},{"damage":0,"enemies":"2 Louse","floor":5,"turns":1},{"damage":26,"enemies":"Exordium Thugs","floor":7,"turns":6},{"damage":5,"enemies":"Blue Slaver","floor":11,"turns":4},{"damage":13,"enemies":"3 Sentries","floor":12,"turns":8},{"damage":8,"enemies":"Lots of Slimes","floor":13,"turns":4},{"damage":3,"enemies":"Red Slaver","floor":14,"turns":3},{"damage":23,"enemies":"Hexaghost","floor":16,"turns":13},{"damage":4,"enemies":"3 Byrds","floor":18,"turns":7},{"damage":0,"enemies":"2 Thieves","floor":19,"turns":2},{"damage":0,"enemies":"Centurion and Healer","floor":22,"turns":8},{"damage":0,"enemies":"Snake Plant","floor":24,"turns":4},{"damage":2,"enemies":"Sentry and Sphere","floor":28,"turns":5},{"damage":0,"enemies":"Cultist and Chosen","floor":30,"turns":5},{"damage":3,"enemies":"Snake Plant","floor":31,"turns":3},{"damage":23,"enemies":"Collector","floor":33,"turns":10},{"damage":0,"enemies":"3 Shapes","floor":35,"turns":3},{"damage":0,"enemies":"Orb Walker","floor":36,"turns":3},{"damage":0,"enemies":"Jaw Worm Horde","floor":38,"turns":2},{"damage":9,"enemies":"Reptomancer","floor":40,"turns":4},{"damage":14,"enemies":"Sphere and 2 Shapes","floor":41,"turns":6},{"damage":22,"enemies":"Nemesis","floor":45,"turns":5},{"damage":0,"enemies":"Transient","floor":46,"turns":5},{"damage":2,"enemies":"3 Darklings","floor":48,"turns":3},{"damage":12,"enemies":"Time Eater","floor":50,"turns":10}],"seed_played":"8104047579193276447","potions_obtained":[{"floor":1,"key":"SmokeBomb"},{"floor":5,"key":"GamblersBrew"},{"floor":7,"key":"SpeedPotion"},{"floor":18,"key":"GamblersBrew"},{"floor":19,"key":"SkillPotion"},{"floor":28,"key":"Explosive Potion"},{"floor":31,"key":"PowerPotion"},{"floor":35,"key":"Swift Potion"},{"floor":36,"key":"SpeedPotion"},{"floor":38,"key":"EntropicBrew"},{"floor":40,"key":"LiquidBronze"},{"floor":41,"key":"Explosive Potion"},{"floor":45,"key":"Regen Potion"},{"floor":46,"key":"Swift Potion"},{"floor":48,"key":"Ancient Potion"}],"is_trial":false,"path_per_floor":["M","M","?","$","M","R","M","R","T","?","M","E","M","M","R","B",null,"M","M","$","?","M","R","M","R","T","R","M","$","M","M","R","B",null,"M","M","?","M","$","E","M","R","T","$","E","M","T","M","R","B",null],"character_chosen":"DEFECT","items_purchased":[],"campfire_rested":3,"item_purchase_floors":[],"current_hp_per_floor":[75,75,75,75,75,75,49,49,49,46,41,28,20,17,39,16,75,71,71,71,71,71,71,71,71,71,71,69,69,69,66,66,43,75,75,75,75,75,75,76,62,85,85,85,63,77,77,75,85,73],"gold":132,"neow_bonus":"THREE_ENEMY_KILL","is_prod":false,"is_daily":false,"chose_seed":false,"campfire_upgraded":6,"win_rate":0,"timestamp":1550902947,"path_taken":["M","?","?","$","?","R","M","R","T","?","M","E","M","M","R","BOSS","M","M","$","?","M","R","M","R","T","R","M","?","M","M","R","BOSS","M","M","?","?","?","E","M","R","T","$","E","M","?","M","R","BOSS"],"build_version":"2019-01-23","purchased_purges":5,"victory":true,"max_hp_per_floor":[75,75,75,75,75,75,75,75,75,75,75,75,75,75,75,75,75,75,75,75,75,75,75,75,75,75,75,75,75,75,75,75,75,75,75,75,75,75,75,85,85,85,85,85,85,85,85,85,85,85],"card_choices":[{"not_picked":["Skim","Hello World"],"picked":"Gash","floor":1},{"not_picked":["BootSequence","Leap","Sweeping Beam"],"picked":"SKIP","floor":2},{"not_picked":["Static Discharge","Force Field","Redo"],"picked":"SKIP","floor":5},{"not_picked":["Consume","Barrage"],"picked":"Glacier","floor":7},{"not_picked":["Darkness","Consume"],"picked":"Gash","floor":11},{"not_picked":["Blizzard","Streamline","Conserve Battery"],"picked":"SKIP","floor":12},{"not_picked":["Streamline","Rainbow"],"picked":"Coolheaded","floor":13},{"not_picked":["Rebound","Consume","Barrage"],"picked":"SKIP","floor":14},{"not_picked":["Hologram","Ball Lightning"],"picked":"Gash","floor":18},{"not_picked":["Static Discharge","Leap+1","Beam Cell"],"picked":"SKIP","floor":19},{"not_picked":["Beam Cell+1","Gash","Hologram"],"picked":"SKIP","floor":22},{"not_picked":["Hologram","Cold Snap","Gash"],"picked":"SKIP","floor":24},{"not_picked":["Sweeping Beam","All For One","Darkness"],"picked":"SKIP","floor":28},{"not_picked":["Turbo+1","Gash","Sweeping Beam"],"picked":"SKIP","floor":30},{"not_picked":["Steam+1","Leap+1","Coolheaded"],"picked":"SKIP","floor":31},{"not_picked":["Gash+1","Blizzard","Cold Snap+1"],"picked":"SKIP","floor":35},{"not_picked":["Steam+1","Barrage+1","Ball Lightning"],"picked":"SKIP","floor":36},{"not_picked":["Sunder+1","Recycle","Steam Power+1"],"picked":"SKIP","floor":38},{"not_picked":["Steam Power+1","Turbo+1","Redo+1"],"picked":"SKIP","floor":40},{"not_picked":["Beam Cell+1","Turbo","Hologram"],"picked":"SKIP","floor":41},{"not_picked":["Hello World","Cold Snap","Go for the Eyes+1"],"picked":"SKIP","floor":45},{"not_picked":["Sweeping Beam","Static Discharge+1","Scrape"],"picked":"SKIP","floor":46},{"not_picked":["Tempest+1","Stack+1","Compile Driver+1"],"picked":"SKIP","floor":48}],"player_experience":445661,"relics_obtained":[{"floor":9,"key":"Pen Nib"},{"floor":12,"key":"Omamori"},{"floor":26,"key":"Bronze Scales"},{"floor":40,"key":"Pear"},{"floor":43,"key":"Cables"},{"floor":45,"key":"Orichalcum"},{"floor":47,"key":"Toxic Egg 2"}],"event_choices":[{"cards_removed":["Strike_B"],"damage_healed":0,"gold_gain":0,"player_choice":"Offered Basic","damage_taken":0,"max_hp_gain":0,"max_hp_loss":0,"event_name":"Bonfire Elementals","floor":3,"gold_loss":0},{"damage_healed":0,"gold_gain":0,"player_choice":"Success","damage_taken":3,"relics_obtained":["Potion Belt"],"max_hp_gain":0,"max_hp_loss":0,"event_name":"Scrap Ooze","floor":10,"gold_loss":0},{"damage_healed":0,"gold_gain":0,"player_choice":"Opened","damage_taken":0,"relics_obtained":["Dead Branch"],"max_hp_gain":0,"max_hp_loss":0,"event_name":"The Mausoleum","floor":21,"gold_loss":0,"cards_obtained":["Writhe"]},{"damage_healed":0,"gold_gain":0,"player_choice":"Upgraded","damage_taken":0,"max_hp_gain":0,"max_hp_loss":0,"event_name":"Upgrade Shrine","floor":37,"gold_loss":0,"cards_upgraded":["Gash"]}],"is_beta":false,"boss_relics":[{"not_picked":["Lizard Tail","Nuclear Battery"],"picked":"Astrolabe"},{"not_picked":["Eternal Feather","Tiny House"],"picked":"White Beast Statue"}],"items_purged_floors":[4,20,29,39,44],"is_endless":false,"potions_floor_spawned":[1,5,7,18,19,28,31,35,36,38,40,41,45,46,48],"ascension_level":0}