{"gold_per_floor":[111,111,111,286,286,286,318,338,362,375,375,401,419,438,438,438],"floor_reached":16,"playtime":456,"items_purged":[],"score":110,"play_id":"fe9da676-ac86-4920-a2f9-121db1226e0a","local_time":"20180923193106","is_ascension_mode":false,"campfire_choices":[{"data":"Bash","floor":6,"key":"SMITH"},{"data":"Fiend Fire","floor":11,"key":"SMITH"},{"data":"True Grit","floor":15,"key":"SMITH"}],"neow_cost":"NONE","seed_source_timestamp":7772308738916,"circlet_count":0,"master_deck":["Strike_R","Strike_R","Strike_R","Strike_R","Strike_R","Defend_R","Defend_R","Defend_R","Defend_R","Bash+1","Doubt","Fiend Fire+1","True Grit+1","Shrug It Off"],"relics":["Burning Blood","Bronze Scales","Potion Belt","Centennial Puzzle"],"potions_floor_usage":[13],"damage_taken":[{"damage":5,"enemies":"Cultist","floor":1,"turns":4},{"damage":50,"enemies":"Lagavulin","floor":7,"turns":8},{"damage":7,"enemies":"Small Slimes","floor":8,"turns":3},{"damage":6,"enemies":"Jaw Worm","floor":10,"turns":2},{"damage":47,"enemies":"3 Sentries","floor":12,"turns":12},{"damage":8,"enemies":"2 Fungi Beasts","floor":13,"turns":3},{"damage":3,"enemies":"Exordium Thugs","floor":14,"turns":6},{"damage":27,"enemies":"The Guardian","floor":16,"turns":2}],"seed_played":"-9012830082293329692","potions_obtained":[{"floor":1,"key":"Dexterity Potion"},{"floor":7,"key":"BloodPotion"},{"floor":13,"key":"Ancient Potion"},{"floor":14,"key":"Explosive Potion"}],"is_trial":false,"path_per_floor":["M","?","?","?","?","R","E","M","T","M","R","E","M","M","R"],"character_chosen":"IRONCLAD","items_purchased":[],"campfire_rested":0,"item_purchase_floors":[],"current_hp_per_floor":[88,88,88,88,93,93,49,48,48,48,48,7,14,17,17,0],"gold":438,"neow_bonus":"TEN_PERCENT_HP_BONUS","is_prod":false,"is_daily":false,"chose_seed":false,"campfire_upgraded":3,"win_rate":0,"timestamp":1537756266,"path_taken":["M","?","?","?","?","R","E","M","T","M","R","E","M","?","R","BOSS"],"build_version":"2018-09-20","purchased_purges":0,"victory":false,"max_hp_per_floor":[88,88,88,88,93,93,93,93,93,93,93,93,93,93,93,93],"card_choices":[{"not_picked":["Hemokinesis","Shockwave","Dual Wield"],"picked":"SKIP","floor":1},{"not_picked":["Havoc","Thunderclap"],"picked":"Fiend Fire","floor":7},{"not_picked":["Battle Trance","Armaments","Perfected Strike"],"picked":"SKIP","floor":8},{"not_picked":["Perfected Strike","Inflame","Shrug It Off"],"picked":"SKIP","floor":10},{"not_picked":["Havoc","Sword Boomerang","Fiend Fire"],"picked":"SKIP","floor":12},{"not_picked":["Flex","Clothesline"],"picked":"True Grit","floor":13},{"not_picked":["Warcry","Feel No Pain"],"picked":"Shrug It Off","floor":14}],"player_experience":258627,"relics_obtained":[{"floor":7,"key":"Bronze Scales"},{"floor":9,"key":"Potion Belt"},{"floor":12,"key":"Centennial Puzzle"}],"event_choices":[{"event_name":"Wheel of Change","player_choice":"Curse","floor":2,"damage_taken":0},{"event_name":"Living Wall","player_choice":"Forget","floor":3,"damage_taken":0},{"event_name":"Liars Game","player_choice":"agreed","floor":4,"damage_taken":0},{"event_name":"Big Fish","player_choice":"Donut","floor":5,"damage_taken":0}],"is_beta":false,"boss_relics":[],"items_purged_floors":[],"is_endless":false,"potions_floor_spawned":[1,7,13,14],"killed_by":"The Guardian","ascension_level":0}