{"gold_per_floor":[111,130,55,130,130,130,163,163,163,181,28,203,223,223,223,223],"floor_reached":16,"playtime":827,"items_purged":["Strike_R"],"score":125,"play_id":"b1b49ecc-3c62-42fc-a8e3-c0beaf0d0acd","local_time":"20190423131230","is_ascension_mode":true,"campfire_choices":[{"data":"Pommel Strike","floor":6,"key":"SMITH"},{"floor":8,"key":"REST"},{"data":"Body Slam","floor":15,"key":"SMITH"}],"neow_cost":"NONE","seed_source_timestamp":14206537098813,"circlet_count":0,"master_deck":["Strike_R","Strike_R","Strike_R","Defend_R","Defend_R","Defend_R","Defend_R","Bash","Pommel Strike+1","Shrug It Off","Body Slam+1","Disarm","Inflame","Whirlwind","Doubt","Evolve"],"relics":["Burning Blood","PreservedInsect","Dream Catcher","Odd Mushroom"],"potions_floor_usage":[13,13],"damage_taken":[{"damage":2,"enemies":"2 Louse","floor":1,"turns":5},{"damage":7,"enemies":"Small Slimes","floor":2,"turns":3},{"damage":49,"enemies":"Gremlin Nob","floor":7,"turns":5},{"damage":0,"enemies":"Cultist","floor":10,"turns":4},{"damage":11,"enemies":"The Mushroom Lair","floor":13,"turns":5},{"damage":74,"enemies":"Hexaghost","floor":16,"turns":13}],"seed_played":"8636187178907270691","potions_obtained":[{"floor":10,"key":"Fire Potion"},{"floor":13,"key":"Swift Potion"}],"is_trial":false,"path_per_floor":["M","M","$","?","?","R","E","R","T","M","$","?","?","?","R","B"],"character_chosen":"IRONCLAD","items_purchased":["Inflame","Whirlwind","PowerPotion"],"campfire_rested":1,"item_purchase_floors":[11,11,11],"current_hp_per_floor":[76,75,75,64,64,64,21,45,45,51,51,51,46,72,72,0],"gold":223,"neow_bonus":"REMOVE_CARD","is_prod":false,"is_daily":false,"chose_seed":false,"campfire_upgraded":2,"win_rate":0,"timestamp":1556017950,"path_taken":["M","M","$","?","?","R","E","R","T","M","$","?","?","?","R","BOSS"],"build_version":"2019-01-23","purchased_purges":1,"victory":false,"max_hp_per_floor":[80,80,80,80,80,80,80,80,80,80,80,80,80,80,80,80],"card_choices":[{"not_picked":["Second Wind","Havoc"],"picked":"Pommel Strike","floor":1},{"not_picked":["Wild Strike","Fire Breathing"],"picked":"Shrug It Off","floor":2},{"not_picked":["Feel No Pain","Fiend Fire"],"picked":"Body Slam","floor":7},{"not_picked":["Flex","Headbutt"],"picked":"Disarm","floor":10},{"not_picked":["Seeing Red","Sentinel"],"picked":"Evolve","floor":13}],"player_experience":361576,"relics_obtained":[{"floor":7,"key":"PreservedInsect"},{"floor":9,"key":"Dream Catcher"},{"floor":13,"key":"Odd Mushroom"}],"event_choices":[{"damage_healed":0,"gold_gain":75,"player_choice":"Gather Gold","damage_taken":11,"max_hp_gain":0,"max_hp_loss":0,"event_name":"World of Goop","floor":4,"gold_loss":0},{"damage_healed":0,"gold_gain":0,"player_choice":"Ignored","damage_taken":0,"max_hp_gain":0,"max_hp_loss":0,"event_name":"Shining Light","floor":5,"gold_loss":0},{"damage_healed":0,"gold_gain":175,"player_choice":"AGREE","damage_taken":0,"max_hp_gain":0,"max_hp_loss":0,"event_name":"Liars Game","floor":12,"gold_loss":0,"cards_obtained":["Doubt"]},{"damage_healed":0,"gold_gain":0,"player_choice":"Fought Mushrooms","damage_taken":0,"max_hp_gain":0,"max_hp_loss":0,"event_name":"Mushrooms","floor":13,"gold_loss":0},{"damage_healed":26,"gold_gain":0,"player_choice":"Banana","damage_taken":0,"max_hp_gain":0,"max_hp_loss":0,"event_name":"Big Fish","floor":14,"gold_loss":0}],"is_beta":false,"boss_relics":[],"items_purged_floors":[3],"is_endless":false,"potions_floor_spawned":[10,13],"killed_by":"Hexaghost","ascension_level":6}