{"gold_per_floor":[114,133,145,95,95,95,121,133,145,171,194,206],"floor_reached":12,"playtime":325,"items_purged":[],"score":92,"play_id":"8e8bfc97-65dc-4dfe-8998-d014ab786f5a","local_time":"20190424230434","is_ascension_mode":true,"campfire_choices":[{"data":"Noxious Fumes","floor":6,"key":"SMITH"}],"neow_cost":"NONE","seed_source_timestamp":1298629990460400,"circlet_count":0,"master_deck":["Defend_G","Defend_G","Defend_G","Defend_G","Defend_G","Strike_G","Strike_G","Strike_G","Strike_G","Survivor","Neutralize","Noxious Fumes+1","Deadly Poison","Regret","Wraith Form v2","Backflip","Prepared"],"relics":["Ring of the Snake","NeowsBlessing","Ice Cream","MawBank","PreservedInsect","StoneCalendar"],"potions_floor_usage":[7],"damage_taken":[{"damage":0,"enemies":"Jaw Worm","floor":1,"turns":1},{"damage":0,"enemies":"2 Louse","floor":2,"turns":2},{"damage":0,"enemies":"Small Slimes","floor":3,"turns":1},{"damage":40,"enemies":"Gremlin Nob","floor":7,"turns":5},{"damage":1,"enemies":"Blue Slaver","floor":10,"turns":4},{"damage":2,"enemies":"Red Slaver","floor":11,"turns":5},{"damage":9,"enemies":"Lagavulin","floor":12,"turns":4}],"seed_played":"8039036279489043369","potions_obtained":[{"floor":2,"key":"Block Potion"}],"is_trial":false,"path_per_floor":["M","M","M","?","?","R","E","?","T","M","M","E"],"character_chosen":"THE_SILENT","items_purchased":[],"campfire_rested":0,"item_purchase_floors":[],"current_hp_per_floor":[70,70,70,70,70,70,30,12,12,11,9,0],"gold":206,"neow_bonus":"THREE_ENEMY_KILL","is_prod":false,"is_daily":false,"chose_seed":false,"campfire_upgraded":1,"win_rate":0,"timestamp":1556139874,"path_taken":["M","M","M","?","?","R","E","?","T","M","?","E"],"build_version":"2019-01-23","purchased_purges":0,"victory":false,"max_hp_per_floor":[70,70,70,70,70,70,70,70,70,70,70,70],"card_choices":[{"not_picked":["Poisoned Stab","Sucker Punch","Dagger Throw"],"picked":"SKIP","floor":1},{"not_picked":["Blade Dance","Acrobatics"],"picked":"Noxious Fumes","floor":2},{"not_picked":["Outmaneuver","Poisoned Stab"],"picked":"Deadly Poison","floor":3},{"not_picked":["Choke","Slice"],"picked":"Wraith Form v2","floor":7},{"not_picked":["Blade Dance","Deadly Poison"],"picked":"Backflip","floor":10},{"not_picked":["Slice","Setup"],"picked":"Prepared","floor":11}],"player_experience":710391,"relics_obtained":[{"floor":7,"key":"MawBank"},{"floor":9,"key":"StoneCalendar"}],"event_choices":[{"cards_removed":["Strike_G"],"damage_healed":0,"gold_gain":0,"player_choice":"Card Removal","damage_taken":0,"max_hp_gain":0,"max_hp_loss":0,"event_name":"The Cleric","floor":4,"gold_loss":50},{"damage_healed":0,"gold_gain":0,"player_choice":"Box","damage_taken":0,"relics_obtained":["Ice Cream"],"max_hp_gain":0,"max_hp_loss":0,"event_name":"Big Fish","floor":5,"gold_loss":0,"cards_obtained":["Regret"]},{"damage_healed":0,"gold_gain":0,"player_choice":"Success","damage_taken":18,"relics_obtained":["PreservedInsect"],"max_hp_gain":0,"max_hp_loss":0,"event_name":"Scrap Ooze","floor":8,"gold_loss":0}],"is_beta":false,"boss_relics":[],"items_purged_floors":[],"is_endless":false,"potions_floor_spawned":[2],"killed_by":"Lagavulin","ascension_level":3}