{"gold_per_floor":[110,110,127,144,144,177,14,14,60,87,107,134,134,134,134,234,234,253,263,275,275,66,66,96,96,96,107,141,160,188,45,45,144,144,164,216,316,316,316,341,341,369,369,385,385,397,415,441,441,441],"floor_reached":50,"playtime":2404,"items_purged":["Strike_R"],"score":1008,"play_id":"8ae5bd23-14ef-426a-a18a-861d5a1b1628","local_time":"20190403172831","is_ascension_mode":true,"campfire_choices":[{"data":"Flame Barrier","floor":15,"key":"SMITH"},{"floor":23,"key":"REST"},{"data":"Fiend Fire","floor":25,"key":"SMITH"},{"data":"Offering","floor":32,"key":"SMITH"},{"data":"Strike_R+1","floor":45,"key":"PURGE"},{"data":"Strike_R","floor":49,"key":"PURGE"}],"neow_cost":"NONE","seed_source_timestamp":78213710727148,"circlet_count":0,"master_deck":["Defend_R","Defend_R","Defend_R","Bash","Metallicize","Clothesline","Flame Barrier+1","Inflame","Feed","Immolate+1","Hemokinesis","Exhume","Fiend Fire+1","Anger","Spot Weakness","Shrug It Off","Thunderclap+1","Shame","Bludgeon","Disarm+1","Spot Weakness","Whirlwind+1","Offering+1","Bludgeon","Thunderclap+1","Havoc+1","Battle Trance+1","Madness","Madness","Feel No Pain+1","Whirlwind+1","Heavy Blade+1","Twin Strike+1","Inflame+1","Heavy Blade+1"],"relics":["Burning Blood","PreservedInsect","Art of War","Dream Catcher","Pantograph","Snecko Eye","Shuriken","Brimstone","Tiny Chest","Orichalcum","Magic Flower","Bottled Flame","Black Star","Peace Pipe","Turnip","FossilizedHelix","Bag of Preparation","Blue Candle","Molten Egg 2","Whetstone","Boot","Question Card"],"potions_floor_usage":[10,16,20,30,40,46,46,50],"damage_taken":[{"damage":16,"enemies":"Jaw Worm","floor":1,"turns":4},{"damage":4,"enemies":"Small Slimes","floor":3,"turns":5},{"damage":1,"enemies":"Cultist","floor":4,"turns":4},{"damage":37,"enemies":"3 Sentries","floor":6,"turns":16},{"damage":15,"enemies":"Lagavulin","floor":10,"turns":5},{"damage":5,"enemies":"Blue Slaver","floor":11,"turns":7},{"damage":19,"enemies":"Gremlin Nob","floor":12,"turns":3},{"damage":47,"enemies":"The Guardian","floor":16,"turns":16},{"damage":10,"enemies":"Spheric Guardian","floor":18,"turns":5},{"damage":16,"enemies":"2 Thieves","floor":19,"turns":3},{"damage":21,"enemies":"Centurion and Healer","floor":20,"turns":4},{"damage":11,"enemies":"Snake Plant","floor":27,"turns":2},{"damage":23,"enemies":"Slavers","floor":28,"turns":3},{"damage":6,"enemies":"Cultist and Chosen","floor":29,"turns":3},{"damage":0,"enemies":"Gremlin Leader","floor":30,"turns":1},{"damage":37,"enemies":"Automaton","floor":33,"turns":6},{"damage":30,"enemies":"3 Darklings","floor":35,"turns":2},{"damage":20,"enemies":"2 Orb Walkers","floor":36,"turns":3},{"damage":6,"enemies":"Mind Bloom Boss Battle","floor":37,"turns":1},{"damage":28,"enemies":"Nemesis","floor":40,"turns":5},{"damage":9,"enemies":"Reptomancer","floor":42,"turns":4},{"damage":10,"enemies":"3 Shapes","floor":44,"turns":2},{"damage":0,"enemies":"Transient","floor":46,"turns":5},{"damage":19,"enemies":"Spire Growth","floor":47,"turns":4},{"damage":0,"enemies":"Nemesis","floor":48,"turns":1},{"damage":116,"enemies":"Awakened One","floor":50,"turns":5}],"seed_played":"-6282804675043177778","potions_obtained":[{"floor":1,"key":"Explosive Potion"},{"floor":4,"key":"SkillPotion"},{"floor":6,"key":"BloodPotion"},{"floor":10,"key":"SkillPotion"},{"floor":18,"key":"SpeedPotion"},{"floor":20,"key":"AttackPotion"},{"floor":33,"key":"FearPotion"},{"floor":35,"key":"PowerPotion"},{"floor":36,"key":"AttackPotion"},{"floor":37,"key":"SteroidPotion"},{"floor":42,"key":"GamblersBrew"}],"is_trial":false,"path_per_floor":["M","?","M","M","?","E","$","?","T","E","M","E","?","?","R","B",null,"M","M","M","T","$","R","?","R","T","M","E","M","E","$","R","B",null,"M","?","?","?","?","E","?","E","T","M","R","M","M","E","R","B"],"character_chosen":"IRONCLAD","items_purchased":["Feed","Brimstone","Offering"],"campfire_rested":1,"item_purchase_floors":[7,22,31],"current_hp_per_floor":[70,63,65,70,75,44,44,44,44,44,48,35,35,35,35,22,80,76,69,54,54,54,84,84,84,84,79,65,68,77,77,77,77,98,77,71,108,94,94,75,75,75,75,74,74,83,73,82,82,0],"gold":441,"neow_bonus":"TEN_PERCENT_HP_BONUS","is_prod":false,"is_daily":false,"chose_seed":false,"campfire_upgraded":3,"win_rate":0,"timestamp":1554337711,"path_taken":["M","?","M","M","?","E","?","?","T","E","M","E","?","?","R","BOSS","M","M","M","?","$","R","?","R","T","M","E","M","E","$","R","BOSS","M","?","?","?","?","E","?","E","T","M","R","M","M","E","R","BOSS"],"build_version":"2019-01-23","purchased_purges":1,"victory":false,"max_hp_per_floor":[88,88,88,88,93,93,93,93,93,93,96,96,96,96,96,99,99,99,102,102,102,102,102,102,102,102,102,105,105,105,105,105,105,105,105,108,108,108,108,108,108,108,108,108,108,108,108,108,108,108],"card_choices":[{"not_picked":["Dropkick","Perfected Strike"],"picked":"Metallicize","floor":1},{"not_picked":["Headbutt","Thunderclap"],"picked":"Clothesline","floor":3},{"not_picked":["Anger","Seeing Red"],"picked":"Flame Barrier","floor":4},{"not_picked":["Burning Pact","Heavy Blade"],"picked":"Inflame","floor":6},{"not_picked":["Seeing Red","Body Slam"],"picked":"Immolate","floor":10},{"not_picked":["Evolve","Flex"],"picked":"Hemokinesis","floor":11},{"not_picked":["Flex","Reckless Charge"],"picked":"Exhume","floor":12},{"not_picked":["Barricade","Bludgeon"],"picked":"Fiend Fire","floor":16},{"not_picked":["Infernal Blade","Dual Wield+1"],"picked":"Anger","floor":18},{"not_picked":["True Grit","Entrench+1"],"picked":"Spot Weakness","floor":19},{"not_picked":["Flex","Reckless Charge+1"],"picked":"Shrug It Off","floor":20},{"not_picked":["Heavy Blade","Rampage"],"picked":"Thunderclap+1","floor":23},{"not_picked":["Pommel Strike","Wild Strike+1"],"picked":"Bludgeon","floor":27},{"not_picked":["Inflame+1","Armaments"],"picked":"Disarm+1","floor":28},{"not_picked":["Sword Boomerang","Shrug It Off"],"picked":"Spot Weakness","floor":29},{"not_picked":["Pummel","Clash"],"picked":"Whirlwind+1","floor":30},{"not_picked":["Immolate","Barricade"],"picked":"Bludgeon","floor":33},{"not_picked":["Infernal Blade+1","Clothesline+1"],"picked":"Thunderclap+1","floor":35},{"not_picked":["Clash+1","Iron Wave+1"],"picked":"Havoc+1","floor":36},{"not_picked":["Disarm+1","Anger"],"picked":"Battle Trance+1","floor":37},{"not_picked":["Rupture+1","Rage"],"picked":"Feel No Pain+1","floor":40},{"not_picked":["Iron Wave+1","Havoc"],"picked":"Whirlwind","floor":42},{"not_picked":["Burning Pact+1","Havoc"],"picked":"Heavy Blade+1","floor":44},{"not_picked":["Pommel Strike+1","Spot Weakness+1"],"picked":"Twin Strike+1","floor":46},{"not_picked":["Barricade","Bloodletting+1"],"picked":"Inflame+1","floor":47},{"not_picked":["Cleave+1","Body Slam+1"],"picked":"Heavy Blade+1","floor":48}],"player_experience":368473,"relics_obtained":[{"floor":6,"key":"PreservedInsect"},{"floor":9,"key":"Art of War"},{"floor":10,"key":"Dream Catcher"},{"floor":12,"key":"Pantograph"},{"floor":21,"key":"Shuriken"},{"floor":26,"key":"Orichalcum"},{"floor":28,"key":"Magic Flower"},{"floor":30,"key":"Bottled Flame"},{"floor":36,"key":"Peace Pipe"},{"floor":37,"key":"Turnip"},{"floor":40,"key":"FossilizedHelix"},{"floor":40,"key":"Bag of Preparation"},{"floor":42,"key":"Blue Candle"},{"floor":42,"key":"Molten Egg 2"},{"floor":43,"key":"Whetstone"},{"floor":48,"key":"Boot"},{"floor":48,"key":"Question Card"}],"event_choices":[{"cards_removed":["Strike_R"],"damage_healed":0,"gold_gain":0,"player_choice":"Card Removal","damage_taken":7,"max_hp_gain":0,"max_hp_loss":0,"event_name":"Golden Wing","floor":2,"gold_loss":0},{"damage_healed":0,"gold_gain":0,"player_choice":"Donut","damage_taken":0,"max_hp_gain":5,"max_hp_loss":0,"event_name":"Big Fish","floor":5,"gold_loss":0},{"damage_healed":0,"gold_gain":0,"player_choice":"Leave","damage_taken":0,"max_hp_gain":0,"max_hp_loss":0,"event_name":"The Cleric","floor":8,"gold_loss":0},{"damage_healed":0,"gold_gain":0,"player_choice":"Searched \u00271\u0027 times","damage_taken":0,"max_hp_gain":0,"max_hp_loss":0,"event_name":"Dead Adventurer","floor":13,"gold_loss":0},{"cards_removed":["Strike_R"],"damage_healed":0,"gold_gain":0,"player_choice":"Purged","damage_taken":0,"max_hp_gain":0,"max_hp_loss":0,"event_name":"Purifier","floor":14,"gold_loss":0},{"damage_healed":0,"gold_gain":0,"player_choice":"Stole Relic","damage_taken":0,"relics_obtained":["Tiny Chest"],"max_hp_gain":0,"max_hp_loss":0,"event_name":"Addict","floor":24,"gold_loss":0,"cards_obtained":["Shame"]},{"damage_healed":0,"gold_gain":0,"player_choice":"Fight","damage_taken":0,"max_hp_gain":0,"max_hp_loss":0,"event_name":"Mysterious Sphere","floor":36,"gold_loss":0},{"damage_healed":0,"gold_gain":0,"player_choice":"Fight","damage_taken":0,"max_hp_gain":0,"max_hp_loss":0,"event_name":"MindBloom","floor":37,"gold_loss":0},{"damage_healed":0,"gold_gain":0,"player_choice":"Embrace Madness","damage_taken":14,"max_hp_gain":0,"max_hp_loss":0,"event_name":"Winding Halls","floor":38,"gold_loss":0,"cards_obtained":["Madness","Madness"]},{"cards_removed":["Defend_R"],"damage_healed":0,"gold_gain":0,"player_choice":"Removed Skill","damage_taken":0,"max_hp_gain":0,"max_hp_loss":0,"event_name":"Falling","floor":39,"gold_loss":0},{"damage_healed":0,"gold_gain":0,"player_choice":"Ignored","damage_taken":0,"max_hp_gain":0,"max_hp_loss":0,"event_name":"Tomb of Lord Red Mask","floor":41,"gold_loss":0}],"is_beta":false,"boss_relics":[{"not_picked":["Philosopher\u0027s Stone","Runic Pyramid"],"picked":"Snecko Eye"},{"not_picked":["Empty Cage","Mark of Pain"],"picked":"Black Star"}],"items_purged_floors":[31],"is_endless":false,"potions_floor_spawned":[1,4,6,10,18,20,33,35,36,37,42],"killed_by":"Awakened One","ascension_level":9}