{"gold_per_floor":[116,116,41,56,69,69,80,80,80,93,93,93,105,134,134,134],"floor_reached":16,"playtime":743,"items_purged":["Strike_R"],"score":102,"play_id":"3702371b-d38d-4703-96ea-e42a72898594","local_time":"20181205200255","is_ascension_mode":false,"campfire_choices":[{"data":"Pummel","floor":6.0,"key":"SMITH"},{"data":"Bash","floor":8.0,"key":"SMITH"},{"data":"Shrug It Off","floor":12.0,"key":"SMITH"},{"data":"Pummel","floor":15,"key":"SMITH"}],"neow_cost":"NONE","seed_source_timestamp":0,"circlet_count":0,"master_deck":["Strike_R","Strike_R","Strike_R","Strike_R","Defend_R","Defend_R","Defend_R","Defend_R","Bash+1","Barricade+1","Pummel+1","Shrug It Off+1","Pummel+1"],"special_seed":0,"relics":["Burning Blood"],"potions_floor_usage":[16],"damage_taken":[{"damage":1.0,"enemies":"2 Louse","floor":1.0,"turns":4.0},{"damage":11.0,"enemies":"Jaw Worm","floor":4.0,"turns":5.0},{"damage":5.0,"enemies":"Cultist","floor":5.0,"turns":4.0},{"damage":16.0,"enemies":"3 Louse","floor":7.0,"turns":7.0},{"damage":9.0,"enemies":"2 Fungi Beasts","floor":10.0,"turns":4.0},{"damage":3.0,"enemies":"Red Slaver","floor":13.0,"turns":5.0},{"damage":7.0,"enemies":"Gremlin Nob","floor":14.0,"turns":5.0},{"damage":77,"enemies":"Hexaghost","floor":16,"turns":14}],"seed_played":"5047098631024218783","potions_obtained":[{"floor":1.0,"key":"FairyPotion"},{"floor":5.0,"key":"Weak Potion"},{"floor":13.0,"key":"Weak Potion"},{"floor":14.0,"key":"Block Potion"}],"is_trial":false,"path_per_floor":["M","?","$","M","M","R","M","R","T","M","$","R","M","E","R","B"],"character_chosen":"IRONCLAD","items_purchased":[],"campfire_rested":0,"item_purchase_floors":[],"current_hp_per_floor":[80,80,80,75,76,76,66,66,66,63,63,63,66,65,65,0],"gold":134,"neow_bonus":"ONE_RANDOM_RARE_CARD","is_prod":false,"is_daily":false,"chose_seed":false,"campfire_upgraded":4,"win_rate":0,"timestamp":1544036575,"path_taken":["M","?","$","M","M","R","M","R","T","M","$","R","M","E","R","BOSS"],"build_version":"2018-11-15","purchased_purges":1,"victory":false,"max_hp_per_floor":[80,80,80,80,80,80,80,80,80,80,80,80,80,80,80,80],"card_choices":[{"not_picked":["Whirlwind","Burning Pact","Warcry"],"picked":"SKIP","floor":1.0},{"not_picked":["Dropkick","Heavy Blade"],"picked":"Pummel","floor":4.0},{"not_picked":["Shockwave","Burning Pact","Cleave"],"picked":"SKIP","floor":5.0},{"not_picked":["Uppercut","Intimidate","Thunderclap"],"picked":"SKIP","floor":7.0},{"not_picked":["Flame Barrier","Second Wind"],"picked":"Shrug It Off","floor":10.0},{"not_picked":["Inflame","Clash","Carnage"],"picked":"SKIP","floor":13.0},{"not_picked":["Cleave","Brutality"],"picked":"Pummel","floor":14.0}],"player_experience":351586,"relics_obtained":[],"event_choices":[{"damage_healed":0.0,"max_hp_gain":0.0,"max_hp_loss":0.0,"gold_gain":0.0,"event_name":"Living Wall","player_choice":"Grow","floor":2.0,"gold_loss":0.0,"damage_taken":0.0,"cards_upgraded":["Barricade"]}],"is_beta":false,"boss_relics":[],"items_purged_floors":[3],"is_endless":false,"potions_floor_spawned":[1,5,13,14],"killed_by":"Hexaghost","ascension_level":0}