{"gold_per_floor":[117,117,131,150,225,225,259,279,356,386,404,420,437,452,452,548,548,566,582,24,36,36],"floor_reached":22,"playtime":855,"items_purged":[],"score":237,"play_id":"909384b9-16e4-4bfb-b32c-e1dc1e5da821","local_time":"20190101112114","is_ascension_mode":true,"campfire_choices":[{"data":"Self Repair","floor":6,"key":"SMITH"},{"floor":15,"key":"REST"}],"neow_cost":"NONE","seed_source_timestamp":305352680415420,"circlet_count":0,"master_deck":["Strike_B","Strike_B","Strike_B","Strike_B","Defend_B+1","Defend_B+1","Defend_B","Defend_B","Zap","Dualcast","Ball Lightning","Conserve Battery","Self Repair+1","Defragment","Stack","Leap","Sunder","Auto Shields","Glacier","White Noise","Rainbow","Static Discharge","Melter","Discovery","Melter","Beam Cell+1"],"relics":["Cracked Core","Torii","Mercury Hourglass","War Paint","Black Star","Lantern","Chemical X"],"potions_floor_usage":[3,8,14,14,16,18,18,21],"damage_taken":[{"damage":3,"enemies":"2 Louse","floor":1,"turns":2},{"damage":8,"enemies":"Jaw Worm","floor":3,"turns":3},{"damage":1,"enemies":"Cultist","floor":4,"turns":3},{"damage":40,"enemies":"Lagavulin","floor":7,"turns":6},{"damage":13,"enemies":"Red Slaver","floor":8,"turns":4},{"damage":25,"enemies":"3 Sentries","floor":10,"turns":8},{"damage":0,"enemies":"Lots of Slimes","floor":11,"turns":3},{"damage":0,"enemies":"2 Fungi Beasts","floor":12,"turns":2},{"damage":10,"enemies":"Looter","floor":13,"turns":3},{"damage":0,"enemies":"Exordium Thugs","floor":14,"turns":2},{"damage":9,"enemies":"Hexaghost","floor":16,"turns":13},{"damage":46,"enemies":"2 Thieves","floor":18,"turns":5},{"damage":11,"enemies":"Spheric Guardian","floor":19,"turns":4},{"damage":19,"enemies":"Centurion and Healer","floor":21,"turns":10},{"damage":42,"enemies":"Shelled Parasite and Fungi","floor":22,"turns":4}],"seed_played":"-5828252951958735583","potions_obtained":[{"floor":3,"key":"Fruit Juice"},{"floor":7,"key":"Swift Potion"},{"floor":11,"key":"AttackPotion"},{"floor":12,"key":"Poison Potion"},{"floor":13,"key":"PowerPotion"},{"floor":16,"key":"SkillPotion"},{"floor":18,"key":"Fruit Juice"}],"is_trial":false,"path_per_floor":["M","?","M","M","?","R","E","M","T","E","M","M","M","M","R","B",null,"M","M","$","M","M"],"character_chosen":"DEFECT","items_purchased":["Lantern","Chemical X","Discovery","Melter","Explosive Potion"],"campfire_rested":1,"item_purchase_floors":[20,20,20,20,20],"current_hp_per_floor":[79,84,81,80,69,69,39,36,36,21,31,41,31,31,58,59,92,61,50,50,41,0],"gold":36,"neow_bonus":"TEN_PERCENT_HP_BONUS","is_prod":false,"is_daily":false,"chose_seed":false,"campfire_upgraded":1,"win_rate":0,"timestamp":1546370474,"path_taken":["M","?","M","M","?","R","E","M","T","E","M","M","?","M","R","BOSS","M","M","$","?","M"],"build_version":"2018-12-20","purchased_purges":0,"victory":false,"max_hp_per_floor":[82,87,92,92,92,92,92,92,92,92,92,92,92,92,92,92,92,97,97,97,97,97],"card_choices":[{"not_picked":["Leap","Force Field"],"picked":"Ball Lightning","floor":1},{"not_picked":["Ball Lightning","Hologram"],"picked":"Conserve Battery","floor":3},{"not_picked":["Turbo","Amplify"],"picked":"Self Repair","floor":4},{"not_picked":["Steam","Barrage"],"picked":"Defragment","floor":7},{"not_picked":["Barrage","Hologram"],"picked":"Stack","floor":8},{"not_picked":["Rebound","Storm"],"picked":"Leap","floor":10},{"not_picked":["Stack","Sweeping Beam"],"picked":"Sunder","floor":11},{"not_picked":["Leap","Go for the Eyes"],"picked":"Auto Shields","floor":12},{"not_picked":["Hologram","Streamline"],"picked":"Glacier","floor":13},{"not_picked":["Heatsinks","Rebound"],"picked":"White Noise","floor":14},{"not_picked":["Fission","All For One"],"picked":"Rainbow","floor":16},{"not_picked":["Coolheaded","Hologram"],"picked":"Static Discharge","floor":18},{"not_picked":["Blizzard","Stack+1"],"picked":"Melter","floor":19},{"not_picked":["Cold Snap","Compile Driver"],"picked":"Beam Cell+1","floor":21}],"player_experience":325449,"relics_obtained":[{"floor":7,"key":"Torii"},{"floor":9,"key":"Mercury Hourglass"},{"floor":10,"key":"War Paint"}],"event_choices":[{"damage_healed":0,"gold_gain":0,"player_choice":"Donut","damage_taken":0,"max_hp_gain":5,"max_hp_loss":0,"event_name":"Big Fish","floor":2,"gold_loss":0},{"damage_healed":0,"gold_gain":75,"player_choice":"Gather Gold","damage_taken":11,"max_hp_gain":0,"max_hp_loss":0,"event_name":"World of Goop","floor":5,"gold_loss":0}],"is_beta":false,"boss_relics":[{"not_picked":["Philosopher\u0027s Stone","Coffee Dripper"],"picked":"Black Star"}],"items_purged_floors":[],"is_endless":false,"potions_floor_spawned":[3,7,11,12,13,16,18],"killed_by":"Shelled Parasite and Fungi","ascension_level":1}