{"gold_per_floor":[11,30,49,49,49,49,61,61,61,61,76,93,93,105,105,204,204,217,232,251,166,166,166],"floor_reached":23,"playtime":1044,"items_purged":[],"score":250,"play_id":"a571d435-f539-46cb-aa8b-62077e972531","local_time":"20190414115531","is_ascension_mode":true,"campfire_choices":[{"data":"Beam Cell","floor":6,"key":"SMITH"},{"floor":8,"key":"REST"},{"data":"Biased Cognition","floor":10,"key":"SMITH"},{"data":"Loop","floor":13,"key":"SMITH"},{"floor":15,"key":"REST"}],"neow_cost":"NO_GOLD","seed_source_timestamp":95211033325693,"circlet_count":0,"master_deck":["Defend_B","Defend_B","Defend_B","Defend_B","Zap","Dualcast","Biased Cognition+1","Loop+1","Gash","Gash","Beam Cell+1","Rebound","Sweeping Beam","Compile Driver","Seek","Skim+1","Leap","Hologram"],"relics":["Cracked Core","Mercury Hourglass","Empty Cage","Ice Cream"],"potions_floor_usage":[7,16,19,20,20,23],"damage_taken":[{"damage":12,"enemies":"Jaw Worm","floor":1,"turns":3},{"damage":10,"enemies":"2 Louse","floor":2,"turns":2},{"damage":1,"enemies":"Cultist","floor":3,"turns":3},{"damage":6,"enemies":"Blue Slaver","floor":7,"turns":3},{"damage":2,"enemies":"2 Fungi Beasts","floor":11,"turns":3},{"damage":0,"enemies":"Exordium Wildlife","floor":12,"turns":3},{"damage":3,"enemies":"Blue Slaver","floor":14,"turns":2},{"damage":36,"enemies":"The Guardian","floor":16,"turns":6},{"damage":30,"enemies":"Spheric Guardian","floor":18,"turns":4},{"damage":9,"enemies":"3 Byrds","floor":19,"turns":4},{"damage":19,"enemies":"3 Cultists","floor":20,"turns":4},{"damage":41,"enemies":"Book of Stabbing","floor":23,"turns":4}],"seed_played":"-482756359225150469","potions_obtained":[{"floor":1,"key":"Swift Potion"},{"floor":2,"key":"PowerPotion"},{"floor":3,"key":"EssenceOfSteel"},{"floor":16,"key":"GamblersBrew"},{"floor":19,"key":"Regen Potion"},{"floor":20,"key":"Swift Potion"}],"is_trial":false,"path_per_floor":["M","M","M","?","?","R","M","R","T","R","M","M","R","M","R","B",null,"M","M","M","?","?","E"],"character_chosen":"DEFECT","items_purchased":[],"campfire_rested":2,"item_purchase_floors":[],"current_hp_per_floor":[56,46,45,38,38,38,32,54,54,54,52,52,52,49,71,35,65,35,26,16,16,41,0],"gold":166,"neow_bonus":"THREE_RARE_CARDS","is_prod":false,"is_daily":false,"chose_seed":false,"campfire_upgraded":3,"win_rate":0,"timestamp":1555210531,"path_taken":["M","M","M","?","?","R","?","R","T","R","M","M","R","M","R","BOSS","M","M","M","?","?","E"],"build_version":"2019-01-23","purchased_purges":0,"victory":false,"max_hp_per_floor":[75,75,75,75,75,75,75,75,75,75,75,75,75,75,75,75,75,75,75,75,75,75,75],"card_choices":[{"not_picked":["Reboot","Seek"],"picked":"Biased Cognition","floor":0},{"not_picked":["Skim","Aggregate"],"picked":"Loop","floor":1},{"not_picked":["Leap","Turbo"],"picked":"Gash","floor":2},{"not_picked":["Hologram","Conserve Battery"],"picked":"Gash","floor":3},{"not_picked":["Conserve Battery","Storm"],"picked":"Rebound","floor":7},{"not_picked":["Darkness","Stack","Blizzard"],"picked":"SKIP","floor":11},{"not_picked":["Barrage","Genetic Algorithm"],"picked":"Sweeping Beam","floor":12},{"not_picked":["Sweeping Beam","Capacitor"],"picked":"Compile Driver","floor":14},{"not_picked":["Biased Cognition","Machine Learning"],"picked":"Seek","floor":16},{"not_picked":["Steam Power","Sweeping Beam+1"],"picked":"Skim+1","floor":18},{"not_picked":["Rebound+1","Ball Lightning"],"picked":"Leap","floor":19},{"not_picked":["Loop","Turbo"],"picked":"Hologram","floor":20}],"player_experience":332737,"relics_obtained":[{"floor":9,"key":"Mercury Hourglass"}],"event_choices":[{"cards_removed":["Strike_B"],"damage_healed":0,"gold_gain":0,"player_choice":"Card Removal","damage_taken":7,"max_hp_gain":0,"max_hp_loss":0,"event_name":"Golden Wing","floor":4,"gold_loss":0},{"damage_healed":0,"gold_gain":0,"cards_transformed":["Strike_B"],"player_choice":"Transformed","damage_taken":0,"max_hp_gain":0,"max_hp_loss":0,"event_name":"Transmorgrifier","floor":5,"gold_loss":0,"cards_obtained":["Beam Cell"]},{"damage_healed":0,"gold_gain":0,"player_choice":"Obtained Relic","damage_taken":0,"relics_obtained":["Ice Cream"],"max_hp_gain":0,"max_hp_loss":0,"event_name":"Addict","floor":21,"gold_loss":85},{"damage_healed":25,"gold_gain":0,"player_choice":"Heal","damage_taken":0,"max_hp_gain":0,"max_hp_loss":0,"event_name":"The Library","floor":22,"gold_loss":0}],"is_beta":false,"boss_relics":[{"not_picked":["Runic Pyramid","Orrery"],"picked":"Empty Cage"}],"items_purged_floors":[],"is_endless":false,"potions_floor_spawned":[1,2,3,16,19,20],"killed_by":"Book of Stabbing","ascension_level":7}