{"gold_per_floor":[119,119,119,13,13,13,13,33,110,129,154,188,188,202,202,322,322,340,340,340,340,102,140,140,156,183,197,197,223,348,366,366,366],"floor_reached":33,"playtime":4643,"items_purged":[],"score":380,"play_id":"35354903-9271-4a0a-80e1-5e0000c107a4","local_time":"20190408145336","is_ascension_mode":true,"campfire_choices":[{"data":"Armaments","floor":6,"key":"SMITH"},{"floor":13,"key":"REST"},{"data":"Offering","floor":15,"key":"SMITH"},{"floor":24,"key":"REST"},{"floor":28,"key":"REST"},{"floor":32,"key":"RECALL"}],"neow_cost":"NONE","seed_source_timestamp":0,"circlet_count":0,"master_deck":["Defend_R","Defend_R","Defend_R","Defend_R+1","Bash","True Grit+1","Armaments+1","Wild Strike","Shrug It Off","Metallicize+1","Offering+1","True Grit","Impervious","Warcry","Bite","Bite","Bite","Bite","Bite","J.A.X.","Metallicize+1","Body Slam","Fiend Fire","Feel No Pain+1","Corruption+1","Evolve+1","Headbutt+1","Armaments+1"],"special_seed":0,"relics":["Burning Blood","Strawberry","Golden Idol","Frozen Egg 2","Letter Opener","Fusion Hammer","Centennial Puzzle","Potion Belt","Blood Vial","Magic Flower","Darkstone Periapt"],"potions_floor_usage":[14,16,25,27,30,33],"damage_taken":[{"damage":0.0,"enemies":"Small Slimes","floor":1.0,"turns":3.0},{"damage":2,"enemies":"Jaw Worm","floor":8,"turns":5},{"damage":0,"enemies":"2 Louse","floor":10,"turns":2},{"damage":11,"enemies":"Large Slime","floor":11,"turns":8},{"damage":10,"enemies":"3 Sentries","floor":12,"turns":12},{"damage":11,"enemies":"Gremlin Gang","floor":14,"turns":5},{"damage":41,"enemies":"Slime Boss","floor":16,"turns":18},{"damage":6,"enemies":"Chosen","floor":18,"turns":4},{"damage":35,"enemies":"Slavers","floor":23,"turns":8},{"damage":26,"enemies":"3 Byrds","floor":25,"turns":8},{"damage":22,"enemies":"Snake Plant","floor":27,"turns":3},{"damage":12,"enemies":"Colosseum Slavers","floor":30,"turns":4},{"damage":68,"enemies":"Colosseum Nobs","floor":30,"turns":8},{"damage":13,"enemies":"Shelled Parasite and Fungi","floor":31,"turns":14},{"damage":143,"enemies":"Champ","floor":33,"turns":17}],"seed_played":"-2756393219524268230","potions_obtained":[{"floor":8,"key":"Poison Potion"},{"floor":11,"key":"AttackPotion"},{"floor":16,"key":"Weak Potion"},{"floor":27,"key":"Ancient Potion"},{"floor":31,"key":"LiquidBronze"}],"is_trial":false,"path_per_floor":["?","?","$","?","?","?","?","M","T","?"],"character_chosen":"IRONCLAD","items_purchased":["Armaments","PowerPotion","Body Slam","Fiend Fire","Fire Potion"],"campfire_rested":3,"item_purchase_floors":[4,4,22,22,22],"current_hp_per_floor":[85,78,57,57,40,40,40,44,44,50,45,41,67,62,62,27,72,72,60,60,60,60,39,57,49,49,37,55,55,9,60,60,0],"gold":366,"neow_bonus":"RANDOM_COMMON_RELIC","is_prod":false,"is_daily":false,"chose_seed":false,"campfire_upgraded":2,"win_rate":0,"timestamp":1554756816,"path_taken":["M","?","?","?","?","R","$","M","T","M","M","E","R","M","R","BOSS","M","?","?","?","$","E","R","?","T","M","R","?","?","M","R","BOSS"],"build_version":"2019-01-23","purchased_purges":0,"victory":false,"max_hp_per_floor":[87,87,87,87,87,87,87,87,87,87,87,87,87,87,87,87,87,87,60,60,60,60,60,60,60,60,60,60,60,60,60,60,60],"card_choices":[{"not_picked":["Havoc","Flex"],"picked":"True Grit","floor":1},{"not_picked":["Cleave","Sword Boomerang"],"picked":"Wild Strike","floor":8},{"not_picked":["Searing Blow","Perfected Strike"],"picked":"Shrug It Off","floor":10},{"not_picked":["Anger","Armaments"],"picked":"Metallicize+1","floor":11},{"not_picked":["Rampage","Sever Soul"],"picked":"Offering","floor":12},{"not_picked":["Combust+1","Pummel"],"picked":"True Grit","floor":14},{"not_picked":["Offering","Bludgeon"],"picked":"Impervious","floor":16},{"not_picked":["Searing Blow","Clash+1"],"picked":"Warcry","floor":18},{"not_picked":["Headbutt+1","Offering"],"picked":"Feel No Pain+1","floor":23},{"not_picked":["Dual Wield","Havoc+1"],"picked":"Corruption+1","floor":25},{"not_picked":["Sword Boomerang","Disarm"],"picked":"Evolve+1","floor":27},{"not_picked":["Heavy Blade+1","Clothesline"],"picked":"Headbutt+1","floor":30},{"not_picked":["Havoc","Reckless Charge+1"],"picked":"Armaments+1","floor":31}],"player_experience":544003,"relics_obtained":[{"floor":9,"key":"Frozen Egg 2"},{"floor":12,"key":"Letter Opener"},{"floor":23,"key":"Centennial Puzzle"},{"floor":26,"key":"Potion Belt"},{"floor":29,"key":"Blood Vial"},{"floor":30,"key":"Magic Flower"},{"floor":30,"key":"Darkstone Periapt"}],"event_choices":[{"cards_removed":["Strike_R"],"damage_healed":0,"gold_gain":0,"player_choice":"Card Removal","damage_taken":7,"max_hp_gain":0,"max_hp_loss":0,"event_name":"Golden Wing","floor":2,"gold_loss":0},{"damage_healed":0,"gold_gain":0,"player_choice":"Take Damage","damage_taken":21,"relics_obtained":["Golden Idol"],"max_hp_gain":0,"max_hp_loss":0,"event_name":"Golden Idol","floor":3,"gold_loss":0},{"damage_healed":0,"gold_gain":0,"player_choice":"Entered Light","damage_taken":17,"max_hp_gain":0,"max_hp_loss":0,"event_name":"Shining Light","floor":5,"gold_loss":0,"cards_upgraded":["Defend_R","True Grit"]},{"damage_healed":0,"gold_gain":0,"player_choice":"Became a vampire","damage_taken":0,"max_hp_gain":0,"max_hp_loss":27,"event_name":"Vampires","floor":19,"gold_loss":0,"cards_obtained":["Bite","Bite","Bite","Bite","Bite"]},{"damage_healed":0,"gold_gain":0,"player_choice":"Obtain J.A.X.","damage_taken":0,"max_hp_gain":0,"max_hp_loss":0,"event_name":"Drug Dealer","floor":20,"gold_loss":0,"cards_obtained":["J.A.X."]},{"damage_healed":0,"gold_gain":0,"player_choice":"Copied","damage_taken":0,"max_hp_gain":0,"max_hp_loss":0,"event_name":"Duplicator","floor":21,"gold_loss":0,"cards_obtained":["Metallicize"]},{"damage_healed":0,"gold_gain":0,"player_choice":"Fight","damage_taken":0,"max_hp_gain":0,"max_hp_loss":0,"event_name":"Colosseum","floor":30,"gold_loss":0},{"damage_healed":0,"gold_gain":0,"player_choice":"Fought Nobs","damage_taken":0,"max_hp_gain":0,"max_hp_loss":0,"event_name":"Colosseum","floor":30,"gold_loss":0}],"is_beta":false,"boss_relics":[{"not_picked":["Velvet Choker","White Beast Statue"],"picked":"Fusion Hammer"}],"items_purged_floors":[],"is_endless":false,"potions_floor_spawned":[8,11,12,16,27,30,31],"killed_by":"Champ","ascension_level":7}