{"gold_per_floor":[114,125,76,76,26,58,58,75,75,90,90,90,122,134,134,232,232,244,256,271,471,481,515,515,847,928,948,948,981,597,626,626,730,730,750,766,401,418,418,453,453,481,555,573,591,605,605],"floor_reached":47,"playtime":4112,"items_purged":["Strike_G","Defend_G"],"score":800,"play_id":"3b5204e5-4b6e-49bb-8bb3-74ba6ca27351","local_time":"20190506172942","is_ascension_mode":true,"campfire_choices":[{"data":"Backflip","floor":7,"key":"SMITH"},{"data":"Neutralize","floor":11,"key":"SMITH"},{"data":"Dash","floor":15,"key":"SMITH"},{"data":"Caltrops","floor":24,"key":"SMITH"},{"floor":28,"key":"REST"},{"floor":32,"key":"REST"},{"floor":41,"key":"REST"}],"neow_cost":"NONE","seed_source_timestamp":578035092870000,"circlet_count":0,"master_deck":["Defend_G","Defend_G","Defend_G+1","Defend_G","Survivor","Neutralize+1","Noxious Fumes+1","Escape Plan+1","Backflip+1","Escape Plan","Caltrops+1","Dash+1","Malaise+1","Grand Finale+1","Backstab+1","Caltrops+1","Backstab","Terror+1","Dodge and Roll+1","Dodge and Roll+1","Backflip+1","Dodge and Roll+1","Noxious Fumes","Escape Plan+1","Good Instincts+1","Caltrops","Blur+1","Malaise+1","Dash+1","Prepared+1","Well Laid Plans","Thinking Ahead+1","PiercingWail+1","Noxious Fumes+1","Cloak And Dagger+1","Burst+1","Backflip+1"],"relics":["Ring of the Snake","NeowsBlessing","Ornamental Fan","Toxic Egg 2","Bottled Lightning","Astrolabe","Ancient Tea Set","Old Coin","Letter Opener","Omamori","Bronze Scales","Meat on the Bone","Fusion Hammer","Gremlin Horn","Ginger","Blue Candle"],"potions_floor_usage":[8,10,47,47,47],"damage_taken":[{"damage":0,"enemies":"Small Slimes","floor":1,"turns":1},{"damage":0,"enemies":"Jaw Worm","floor":2,"turns":1},{"damage":0,"enemies":"Gremlin Nob","floor":6,"turns":1},{"damage":0,"enemies":"Cultist","floor":8,"turns":5},{"damage":7,"enemies":"Lots of Slimes","floor":10,"turns":4},{"damage":10,"enemies":"Lagavulin","floor":13,"turns":10},{"damage":0,"enemies":"2 Fungi Beasts","floor":14,"turns":4},{"damage":23,"enemies":"The Guardian","floor":16,"turns":12},{"damage":2,"enemies":"Chosen","floor":18,"turns":5},{"damage":0,"enemies":"Shell Parasite","floor":19,"turns":5},{"damage":8,"enemies":"Centurion and Healer","floor":20,"turns":7},{"damage":21,"enemies":"Snecko","floor":22,"turns":8},{"damage":1,"enemies":"Book of Stabbing","floor":23,"turns":5},{"damage":10,"enemies":"Slavers","floor":25,"turns":5},{"damage":2,"enemies":"Snake Plant","floor":27,"turns":6},{"damage":7,"enemies":"Gremlin Leader","floor":29,"turns":6},{"damage":0,"enemies":"Book of Stabbing","floor":31,"turns":4},{"damage":2,"enemies":"Champ","floor":33,"turns":13},{"damage":1,"enemies":"3 Darklings","floor":35,"turns":3},{"damage":6,"enemies":"3 Shapes","floor":36,"turns":5},{"damage":4,"enemies":"3 Darklings","floor":38,"turns":5},{"damage":11,"enemies":"Giant Head","floor":40,"turns":8},{"damage":19,"enemies":"Nemesis","floor":42,"turns":7},{"damage":9,"enemies":"Jaw Worm Horde","floor":44,"turns":4},{"damage":1,"enemies":"Writhing Mass","floor":45,"turns":6},{"damage":14,"enemies":"Sphere and 2 Shapes","floor":46,"turns":5},{"damage":46,"enemies":"Reptomancer","floor":47,"turns":2}],"seed_played":"-8713444737285608710","potions_obtained":[{"floor":1,"key":"SkillPotion"},{"floor":8,"key":"Fruit Juice"},{"floor":13,"key":"SpeedPotion"},{"floor":14,"key":"FearPotion"},{"floor":18,"key":"Dexterity Potion"}],"is_trial":false,"path_per_floor":["M","M","$","?","?","E","R","M","T","M","R","?","E","M","R","B",null,"M","M","M","?","M","E","R","E","T","M","R","E","$","E","R","B",null,"M","M","$","M","?","E","R","E","T","M","M","M","E"],"character_chosen":"THE_SILENT","items_purchased":["Backflip","Bronze Scales","Good Instincts+1","Caltrops","Well Laid Plans","Thinking Ahead+1"],"campfire_rested":3,"item_purchase_floors":[3,30,30,30,37,37],"current_hp_per_floor":[70,70,70,70,70,70,70,75,75,68,68,53,43,43,43,20,75,73,73,65,65,44,43,43,33,33,31,53,46,46,46,68,66,75,74,68,68,64,64,53,75,56,56,47,46,44,0],"gold":605,"neow_bonus":"THREE_ENEMY_KILL","is_prod":false,"is_daily":false,"chose_seed":false,"campfire_upgraded":4,"win_rate":0,"timestamp":1557156582,"path_taken":["M","M","$","?","?","E","R","M","T","M","R","?","E","M","R","BOSS","M","M","M","?","?","E","R","E","T","M","R","E","$","E","R","BOSS","M","M","$","?","?","E","R","E","T","?","M","M","E"],"build_version":"2019-01-23","purchased_purges":2,"victory":false,"max_hp_per_floor":[70,70,70,70,70,70,70,75,75,75,75,75,75,75,75,75,75,75,75,75,75,75,75,75,75,75,75,75,75,75,75,75,75,75,75,75,75,75,75,75,75,75,75,75,75,75,75],"card_choices":[{"not_picked":["Leg Sweep","Deflect"],"picked":"Noxious Fumes","floor":1},{"not_picked":["Outmaneuver","Dagger Spray"],"picked":"Escape Plan","floor":2},{"not_picked":["Flechettes","Reflex","Outmaneuver"],"picked":"SKIP","floor":6},{"not_picked":["Outmaneuver","Setup"],"picked":"Escape Plan","floor":8},{"not_picked":["Outmaneuver+1","Flechettes","Poisoned Stab"],"picked":"SKIP","floor":10},{"not_picked":["Outmaneuver+1","Underhanded Strike"],"picked":"Caltrops","floor":13},{"not_picked":["Venomology+1","Choke"],"picked":"Dash","floor":14},{"not_picked":["Die Die Die","Tools of the Trade"],"picked":"Malaise+1","floor":16},{"not_picked":["Deflect+1","Skewer+1"],"picked":"Backstab","floor":18},{"not_picked":["Choke","Dagger Spray"],"picked":"Terror+1","floor":19},{"not_picked":["Concentrate+1","Bane"],"picked":"Dodge and Roll+1","floor":20},{"not_picked":["Acrobatics+1","Underhanded Strike"],"picked":"Dodge and Roll+1","floor":22},{"not_picked":["Outmaneuver+1","Dodge and Roll+1"],"picked":"Backflip+1","floor":23},{"not_picked":["Deflect+1","Flechettes"],"picked":"Dodge and Roll+1","floor":25},{"not_picked":["Flechettes","Finisher"],"picked":"Noxious Fumes","floor":27},{"not_picked":["Deflect+1","Dodge and Roll+1"],"picked":"Escape Plan+1","floor":29},{"not_picked":["Dagger Spray","Outmaneuver+1"],"picked":"Blur+1","floor":31},{"not_picked":["Phantasmal Killer+1","Die Die Die"],"picked":"Malaise+1","floor":33},{"not_picked":["Blade Dance+1","Slice+1"],"picked":"Dash+1","floor":35},{"not_picked":["Backstab","PiercingWail+1"],"picked":"Prepared+1","floor":36},{"not_picked":["Phantasmal Killer+1","Leg Sweep+1"],"picked":"PiercingWail+1","floor":38},{"not_picked":["Quick Slash+1","Expertise+1"],"picked":"Cloak And Dagger+1","floor":40},{"not_picked":["Quick Slash","Malaise+1"],"picked":"Burst+1","floor":42},{"not_picked":["Bane+1","Dagger Throw+1","Accuracy"],"picked":"SKIP","floor":44},{"not_picked":["Blade Dance+1","Deflect+1"],"picked":"Backflip+1","floor":45},{"not_picked":["Terror+1","Cloak And Dagger+1","Riddle With Holes+1"],"picked":"SKIP","floor":46}],"player_experience":1152085,"relics_obtained":[{"floor":6,"key":"Ornamental Fan"},{"floor":9,"key":"Toxic Egg 2"},{"floor":13,"key":"Bottled Lightning"},{"floor":23,"key":"Ancient Tea Set"},{"floor":25,"key":"Old Coin"},{"floor":26,"key":"Letter Opener"},{"floor":29,"key":"Omamori"},{"floor":31,"key":"Meat on the Bone"},{"floor":40,"key":"Gremlin Horn"},{"floor":42,"key":"Ginger"},{"floor":43,"key":"Blue Candle"}],"event_choices":[{"damage_healed":0,"gold_gain":0,"player_choice":"Grow","damage_taken":0,"max_hp_gain":0,"max_hp_loss":0,"event_name":"Living Wall","floor":4,"gold_loss":0,"cards_upgraded":["Noxious Fumes"]},{"cards_removed":["Strike_G"],"damage_healed":0,"gold_gain":0,"player_choice":"Card Removal","damage_taken":0,"max_hp_gain":0,"max_hp_loss":0,"event_name":"The Cleric","floor":5,"gold_loss":50},{"damage_healed":0,"gold_gain":0,"player_choice":"Entered Light","damage_taken":15,"max_hp_gain":0,"max_hp_loss":0,"event_name":"Shining Light","floor":12,"gold_loss":0,"cards_upgraded":["Escape Plan","Defend_G"]},{"damage_healed":0,"gold_gain":250,"player_choice":"Bet on Owner","damage_taken":0,"max_hp_gain":0,"max_hp_loss":0,"event_name":"The Joust","floor":21,"gold_loss":50},{"damage_healed":0,"gold_gain":0,"player_choice":"Copied","damage_taken":0,"max_hp_gain":0,"max_hp_loss":0,"event_name":"Duplicator","floor":39,"gold_loss":0,"cards_obtained":["Noxious Fumes"]}],"is_beta":false,"boss_relics":[{"not_picked":["Lizard Tail","Ectoplasm"],"picked":"Astrolabe"},{"not_picked":["Eternal Feather","Tiny House"],"picked":"Fusion Hammer"}],"items_purged_floors":[30,37],"is_endless":false,"potions_floor_spawned":[1,8,13,14,18,19,23,29,36,38,44,46],"killed_by":"Reptomancer","ascension_level":3}