{"gold_per_floor":[118,134,152,164,184,213,229,241,266,266,290,290,290,300,300,403,403,422,522,522,8,8,40,57,57],"floor_reached":25,"playtime":1868,"items_purged":[],"score":249,"play_id":"620d5017-fe3c-4493-80c9-b229e248e1fd","local_time":"20190404133357","is_ascension_mode":false,"campfire_choices":[{"data":"Rainbow","floor":10,"key":"SMITH"},{"data":"Double Energy","floor":13,"key":"SMITH"},{"data":"Reboot","floor":15,"key":"SMITH"}],"neow_cost":"NONE","seed_source_timestamp":1136420468007300,"circlet_count":0,"master_deck":["Strike_B+1","Strike_B+1","Strike_B+1","Defend_B+1","Defend_B+1","Defend_B+1","Defend_B+1","Zap+1","Dualcast","Ball Lightning","Coolheaded","FTL","Double Energy+1","Conserve Battery","Rainbow+1","Streamline","Reboot+1","Heatsinks+1","Cold Snap","Biased Cognition+1","Clumsy","Parasite","Coolheaded+1","Capacitor+1","Hello World+1","Gash","Impatience","Coolheaded","FTL","Gash+1"],"relics":["Cracked Core","Frozen Egg 2","Lantern","Odd Mushroom","Calling Bell","Question Card","Orichalcum","WingedGreaves","Pantograph","Calipers","Shuriken","Spirit Poop","Meat on the Bone"],"potions_floor_usage":[6,6,11,11,16],"damage_taken":[{"damage":3,"enemies":"Jaw Worm","floor":1,"turns":3},{"damage":0,"enemies":"Small Slimes","floor":2,"turns":2},{"damage":4,"enemies":"Cultist","floor":3,"turns":3},{"damage":8,"enemies":"Looter","floor":4,"turns":3},{"damage":9,"enemies":"Large Slime","floor":5,"turns":5},{"damage":0,"enemies":"Gremlin Nob","floor":6,"turns":3},{"damage":10,"enemies":"Blue Slaver","floor":7,"turns":3},{"damage":10,"enemies":"3 Louse","floor":8,"turns":2},{"damage":0,"enemies":"The Mushroom Lair","floor":11,"turns":2},{"damage":0,"enemies":"Large Slime","floor":14,"turns":4},{"damage":16,"enemies":"Hexaghost","floor":16,"turns":9},{"damage":15,"enemies":"Spheric Guardian","floor":18,"turns":4},{"damage":19,"enemies":"Colosseum Slavers","floor":19,"turns":5},{"damage":11,"enemies":"Colosseum Nobs","floor":19,"turns":5},{"damage":12,"enemies":"Book of Stabbing","floor":23,"turns":5},{"damage":4,"enemies":"Chosen","floor":24,"turns":5},{"damage":26,"enemies":"Slavers","floor":25,"turns":1}],"seed_played":"-4557181775203946928","potions_obtained":[{"floor":2,"key":"SkillPotion"},{"floor":3,"key":"Regen Potion"},{"floor":4,"key":"SkillPotion"},{"floor":6,"key":"FearPotion"},{"floor":8,"key":"SteroidPotion"},{"floor":16,"key":"SpeedPotion"},{"floor":19,"key":"SpeedPotion"},{"floor":23,"key":"LiquidBronze"}],"is_trial":false,"path_per_floor":["M","M","M","M","M","E","M","M","T","R","?","?","R","M","R","B",null,"M","?","?","$","?","E","M","E"],"character_chosen":"DEFECT","items_purchased":["Shuriken","Hello World+1","Gash","Impatience","Coolheaded"],"campfire_rested":0,"item_purchase_floors":[21,21,21,21,21],"current_hp_per_floor":[72,72,68,60,51,56,46,36,36,36,36,36,36,36,36,20,75,60,30,30,30,30,18,26,0],"gold":57,"neow_bonus":"UPGRADE_CARD","is_prod":false,"is_daily":false,"chose_seed":false,"campfire_upgraded":3,"win_rate":0.0,"timestamp":1554377637,"path_taken":["M","M","M","M","M","E","M","M","T","R","?","?","R","M","R","BOSS","M","?","?","$","?","E","M","E"],"build_version":"2019-01-23","purchased_purges":0,"victory":false,"max_hp_per_floor":[75,75,75,75,75,75,75,75,75,75,75,75,75,75,75,75,75,75,75,75,75,75,75,75,75],"card_choices":[{"not_picked":["Redo","Barrage"],"picked":"Ball Lightning","floor":1},{"not_picked":["Go for the Eyes","Beam Cell"],"picked":"Coolheaded","floor":2},{"not_picked":["Sweeping Beam","Chaos"],"picked":"FTL","floor":3},{"not_picked":["Ball Lightning","Chaos"],"picked":"Double Energy","floor":4},{"not_picked":["Turbo","Compile Driver"],"picked":"Conserve Battery","floor":5},{"not_picked":["Steam","Storm"],"picked":"Rainbow","floor":6},{"not_picked":["Skim","Hologram"],"picked":"Streamline","floor":7},{"not_picked":["Sweeping Beam","Coolheaded"],"picked":"Reboot","floor":8},{"not_picked":["FTL","Force Field"],"picked":"Heatsinks+1","floor":11},{"not_picked":["Reprogram","Go for the Eyes"],"picked":"Cold Snap","floor":14},{"not_picked":["Meteor Strike","Hyperbeam"],"picked":"Biased Cognition+1","floor":16},{"not_picked":["Sweeping Beam","Cold Snap","Go for the Eyes"],"picked":"Coolheaded+1","floor":18},{"not_picked":["Reprogram+1","Redo","Cold Snap+1"],"picked":"Capacitor+1","floor":19},{"not_picked":["Reboot","Loop+1","Redo"],"picked":"FTL","floor":23},{"not_picked":["Steam","Turbo","Ball Lightning"],"picked":"Gash+1","floor":24}],"player_experience":33153,"relics_obtained":[{"floor":6,"key":"Frozen Egg 2"},{"floor":9,"key":"Lantern"},{"floor":11,"key":"Odd Mushroom"},{"floor":17,"key":"Question Card"},{"floor":17,"key":"Orichalcum"},{"floor":17,"key":"WingedGreaves"},{"floor":19,"key":"Pantograph"},{"floor":19,"key":"Calipers"},{"floor":23,"key":"Meat on the Bone"}],"event_choices":[{"damage_healed":0,"gold_gain":0,"player_choice":"Fought Mushrooms","damage_taken":0,"max_hp_gain":0,"max_hp_loss":0,"event_name":"Mushrooms","floor":11,"gold_loss":0},{"cards_removed":["Strike_B"],"damage_healed":0,"gold_gain":0,"player_choice":"Forget","damage_taken":0,"max_hp_gain":0,"max_hp_loss":0,"event_name":"Living Wall","floor":12,"gold_loss":0},{"damage_healed":0,"gold_gain":0,"player_choice":"Fight","damage_taken":0,"max_hp_gain":0,"max_hp_loss":0,"event_name":"Colosseum","floor":19,"gold_loss":0},{"damage_healed":0,"gold_gain":0,"player_choice":"Fought Nobs","damage_taken":0,"max_hp_gain":0,"max_hp_loss":0,"event_name":"Colosseum","floor":19,"gold_loss":0},{"damage_healed":0,"gold_gain":0,"player_choice":"Simplicity","damage_taken":0,"max_hp_gain":0,"max_hp_loss":0,"event_name":"Back to Basics","floor":20,"gold_loss":0,"cards_upgraded":["Strike_B","Strike_B","Strike_B","Defend_B","Defend_B","Defend_B","Defend_B"]},{"cards_removed":["Normality"],"damage_healed":0,"gold_gain":0,"player_choice":"Offered Curse","damage_taken":0,"relics_obtained":["Spirit Poop"],"max_hp_gain":0,"max_hp_loss":0,"event_name":"Bonfire Elementals","floor":22,"gold_loss":0}],"is_beta":false,"boss_relics":[{"not_picked":["Snecko Eye","Orrery"],"picked":"Calling Bell"}],"items_purged_floors":[],"is_endless":false,"potions_floor_spawned":[2,3,4,6,8,16,19,19,23,24],"killed_by":"Slavers","ascension_level":0}