{"gold_per_floor":[16,16,28,28,28,28,52,52,107,142,21,59,59,59,59,182,182,196,211,234,234,149,149,180,180,180,205,305,343,442,460,460,589,589,602,3,27,83,101,101,125,125],"floor_reached":42,"playtime":2099,"items_purged":["Strike_B"],"score":707,"play_id":"9d8b6ce9-d055-40d8-920e-2b3d95a20ed4","local_time":"20190117162033","is_ascension_mode":true,"campfire_choices":[{"data":"Sunder","floor":6,"key":"SMITH"},{"data":"Sunder","floor":8,"key":"SMITH"},{"data":"1","floor":15,"key":"LIFT"},{"data":"Biased Cognition","floor":23,"key":"SMITH"},{"data":"Echo Form","floor":25,"key":"SMITH"},{"floor":32,"key":"REST"}],"neow_cost":"NO_GOLD","seed_source_timestamp":1022606612152168,"circlet_count":0,"master_deck":["AscendersBane","Zap","Dualcast","Mayhem+1","Madness","Sunder+1","Sunder+1","Beam Cell","Hologram+1","Conserve Battery","Genetic Algorithm","Echo Form","Hello World","Doom and Gloom","Biased Cognition+1","Echo Form+1","Cold Snap","Echo Form","Amplify","Leap","Cold Snap","Steam","Electrodynamics","Defragment","Compile Driver+1","Coolheaded","Reinforced Body","Meteor Strike","Mayhem+1","Electrodynamics","Stack+1","Tempest"],"relics":["Cracked Core","Golden Idol","Juzu Bracelet","Question Card","Girya","Pandora\u0027s Box","Dream Catcher","PreservedInsect","Gremlin Horn","Boot","Snecko Eye","DollysMirror","Potion Belt","Ancient Tea Set","Calipers","Regal Pillow"],"potions_floor_usage":[10,10,16,24,24,24,24,31,33,38,39,39,42],"damage_taken":[{"damage":1,"enemies":"Cultist","floor":1,"turns":4},{"damage":0,"enemies":"Small Slimes","floor":3,"turns":4},{"damage":0,"enemies":"2 Louse","floor":7,"turns":2},{"damage":2,"enemies":"Gremlin Nob","floor":10,"turns":3},{"damage":20,"enemies":"3 Sentries","floor":12,"turns":5},{"damage":41,"enemies":"The Guardian","floor":16,"turns":9},{"damage":13,"enemies":"Shell Parasite","floor":18,"turns":4},{"damage":3,"enemies":"Chosen","floor":19,"turns":4},{"damage":0,"enemies":"Snecko","floor":20,"turns":4},{"damage":9,"enemies":"Book of Stabbing","floor":24,"turns":5},{"damage":24,"enemies":"3 Cultists","floor":27,"turns":4},{"damage":5,"enemies":"Gremlin Leader","floor":29,"turns":5},{"damage":18,"enemies":"Snake Plant","floor":31,"turns":3},{"damage":14,"enemies":"Automaton","floor":33,"turns":7},{"damage":0,"enemies":"3 Darklings","floor":35,"turns":2},{"damage":11,"enemies":"Orb Walker","floor":37,"turns":2},{"damage":41,"enemies":"2 Orb Walkers","floor":38,"turns":6},{"damage":1,"enemies":"Spire Growth","floor":39,"turns":5},{"damage":9,"enemies":"Reptomancer","floor":42,"turns":1}],"seed_played":"-4788823299726997572","potions_obtained":[{"floor":2,"key":"Swift Potion"},{"floor":2,"key":"GamblersBrew"},{"floor":10,"key":"Fire Potion"},{"floor":12,"key":"FocusPotion"},{"floor":18,"key":"Weak Potion"},{"floor":20,"key":"EntropicBrew"},{"floor":27,"key":"Fire Potion"},{"floor":29,"key":"FocusPotion"},{"floor":31,"key":"SpeedPotion"},{"floor":38,"key":"Ancient Potion"}],"is_trial":false,"path_per_floor":["M","?","M","?","$","R","M","R","T","E","$","E","?","?","R","B",null,"M","M","M","?","?","R","E","R","T","M","?","E","?","M","R","B",null,"M","$","M","?","M","?","T","E"],"character_chosen":"DEFECT","items_purchased":["Conserve Battery","DollysMirror","Potion Belt","PowerPotion","PowerPotion","Ancient Tea Set"],"campfire_rested":1,"item_purchase_floors":[11,36,36,36,36,36],"current_hp_per_floor":[67,67,67,67,67,67,67,67,67,65,65,45,45,45,45,4,53,40,37,37,60,60,60,51,51,51,27,27,22,22,4,24,10,54,54,54,43,2,1,1,1,0],"gold":125,"neow_bonus":"RANDOM_COLORLESS_2","is_prod":false,"is_daily":false,"chose_seed":false,"campfire_upgraded":4,"win_rate":0,"timestamp":1547742033,"path_taken":["M","?","?","?","$","R","M","R","T","E","$","E","?","?","R","BOSS","M","M","M","?","?","R","E","R","T","M","?","E","?","M","R","BOSS","M","$","M","?","M","?","?","E"],"build_version":"2019-01-10","purchased_purges":1,"victory":false,"max_hp_per_floor":[75,75,75,69,69,69,69,69,69,69,69,69,69,69,69,69,69,69,69,69,69,69,69,69,69,69,69,69,69,69,69,69,69,69,69,69,69,69,69,69,69,69],"card_choices":[{"not_picked":["Coolheaded","Doom and Gloom"],"picked":"Sunder","floor":1},{"not_picked":["Cold Snap","Ball Lightning"],"picked":"Sunder","floor":3},{"not_picked":["Streamline","Sweeping Beam"],"picked":"Beam Cell","floor":7},{"not_picked":["Melter","Fission"],"picked":"Hologram","floor":10},{"not_picked":["Steam Power","Streamline","Sweeping Beam"],"picked":"Genetic Algorithm","floor":12},{"not_picked":["Machine Learning","Core Surge","Amplify"],"picked":"Echo Form","floor":16},{"not_picked":["Hello World","Defragment","Force Field"],"picked":"Leap","floor":18},{"not_picked":["Gash","Sweeping Beam","Ball Lightning"],"picked":"Cold Snap","floor":19},{"not_picked":["Static Discharge","Barrage+1","Hologram+1"],"picked":"Steam","floor":20},{"not_picked":["Hello World","Fission","Sunder"],"picked":"Electrodynamics","floor":24},{"not_picked":["BootSequence","Leap","Heatsinks"],"picked":"Defragment","floor":27},{"not_picked":["Storm","Turbo","Streamline+1"],"picked":"Compile Driver+1","floor":29},{"not_picked":["Rebound","Leap+1","Fission"],"picked":"Coolheaded","floor":31},{"not_picked":["Rebound","Coolheaded","Undo+1"],"picked":"Reinforced Body","floor":32},{"not_picked":["Echo Form","Biased Cognition","Seek"],"picked":"Meteor Strike","floor":33},{"not_picked":["Undo+1","Compile Driver","Genetic Algorithm+1","Turbo"],"picked":"SKIP","floor":35},{"not_picked":["Rebound","Redo","Melter"],"picked":"Electrodynamics","floor":37},{"not_picked":["Coolheaded","Darkness","Doom and Gloom"],"picked":"Stack+1","floor":38},{"not_picked":["Leap","Turbo","Conserve Battery+1"],"picked":"Tempest","floor":39}],"player_experience":124446,"relics_obtained":[{"floor":9,"key":"Juzu Bracelet"},{"floor":10,"key":"Question Card"},{"floor":12,"key":"Girya"},{"floor":24,"key":"PreservedInsect"},{"floor":26,"key":"Gremlin Horn"},{"floor":29,"key":"Boot"},{"floor":38,"key":"Calipers"},{"floor":41,"key":"Regal Pillow"}],"event_choices":[{"damage_healed":0,"gold_gain":0,"player_choice":"Got Potions","damage_taken":0,"max_hp_gain":0,"max_hp_loss":0,"event_name":"Lab","floor":2,"gold_loss":0},{"damage_healed":0,"gold_gain":0,"player_choice":"Lose Max HP","damage_taken":0,"relics_obtained":["Golden Idol"],"max_hp_gain":0,"max_hp_loss":6,"event_name":"Golden Idol","floor":4,"gold_loss":0},{"damage_healed":0,"gold_gain":0,"player_choice":"Upgraded","damage_taken":0,"max_hp_gain":0,"max_hp_loss":0,"event_name":"Upgrade Shrine","floor":13,"gold_loss":0,"cards_upgraded":["Hologram"]},{"damage_healed":0,"gold_gain":0,"player_choice":"Grow","damage_taken":0,"max_hp_gain":0,"max_hp_loss":0,"event_name":"Living Wall","floor":14,"gold_loss":0,"cards_upgraded":["Mayhem"]},{"damage_healed":23,"gold_gain":0,"player_choice":"Heal","damage_taken":0,"max_hp_gain":0,"max_hp_loss":0,"event_name":"The Library","floor":21,"gold_loss":0},{"damage_healed":0,"gold_gain":0,"player_choice":"Obtained Relic","damage_taken":0,"relics_obtained":["Dream Catcher"],"max_hp_gain":0,"max_hp_loss":0,"event_name":"Addict","floor":22,"gold_loss":85},{"damage_healed":0,"gold_gain":100,"player_choice":"Pray","damage_taken":0,"max_hp_gain":0,"max_hp_loss":0,"event_name":"Golden Shrine","floor":28,"gold_loss":0},{"damage_healed":0,"gold_gain":99,"player_choice":"Stole From Cult","damage_taken":0,"max_hp_gain":0,"max_hp_loss":0,"event_name":"Nest","floor":30,"gold_loss":0},{"damage_healed":0,"gold_gain":0,"player_choice":"Fight","damage_taken":0,"max_hp_gain":0,"max_hp_loss":0,"event_name":"Mysterious Sphere","floor":38,"gold_loss":0},{"damage_healed":0,"gold_gain":0,"player_choice":"Memory 1","damage_taken":0,"max_hp_gain":0,"max_hp_loss":0,"event_name":"SensoryStone","floor":40,"gold_loss":0}],"is_beta":false,"boss_relics":[{"not_picked":["FrozenCore","Black Star"],"picked":"Pandora\u0027s Box"},{"not_picked":["Runic Dome","Philosopher\u0027s Stone"],"picked":"Snecko Eye"}],"items_purged_floors":[11],"is_endless":false,"potions_floor_spawned":[3,10,12,18,20,27,29,31,38],"killed_by":"Reptomancer","ascension_level":12}