{"gold_per_floor":[367,288,308,308,329,329,329,343,418,442,462,487,507,526,526,526],"floor_reached":16,"playtime":757,"items_purged":[],"score":127,"play_id":"f7c3ca6c-0156-486e-8c3b-ce63bb3bc3d6","local_time":"20181127134332","is_ascension_mode":true,"campfire_choices":[{"floor":6,"key":"REST"},{"floor":15,"key":"REST"}],"neow_cost":"PERCENT_DAMAGE","seed_source_timestamp":712510940693315,"circlet_count":0,"master_deck":["Strike_B","Strike_B","Strike_B","Defend_B","Defend_B","Defend_B","Defend_B","Zap","Dualcast","Conserve Battery","All For One","Self Repair","Conserve Battery"],"relics":["Cracked Core","Golden Idol","Question Card"],"potions_floor_usage":[8,10,14,14],"damage_taken":[{"damage":4,"enemies":"Jaw Worm","floor":1,"turns":3},{"damage":5,"enemies":"Small Slimes","floor":3,"turns":4},{"damage":0,"enemies":"2 Louse","floor":5,"turns":2},{"damage":9,"enemies":"Blue Slaver","floor":8,"turns":3},{"damage":6,"enemies":"Looter","floor":10,"turns":3},{"damage":16,"enemies":"Large Slime","floor":11,"turns":6},{"damage":10,"enemies":"3 Louse","floor":12,"turns":3},{"damage":11,"enemies":"Red Slaver","floor":13,"turns":5},{"damage":14,"enemies":"Exordium Thugs","floor":14,"turns":5},{"damage":52,"enemies":"Slime Boss","floor":16,"turns":7}],"seed_played":"-268938339642024278","potions_obtained":[{"floor":5,"key":"Swift Potion"},{"floor":8,"key":"Poison Potion"},{"floor":12,"key":"FearPotion"},{"floor":13,"key":"Explosive Potion"}],"is_trial":false,"path_per_floor":["M","$","M","?","M","R","?","M","T","M","M","M","M","M","R","B"],"character_chosen":"DEFECT","items_purchased":["All For One"],"campfire_rested":2,"item_purchase_floors":[2],"current_hp_per_floor":[46,46,41,41,41,61,61,52,52,53,44,41,37,30,50,0],"gold":526,"neow_bonus":"TWO_FIFTY_GOLD","is_prod":false,"is_daily":false,"chose_seed":false,"campfire_upgraded":0,"win_rate":0,"timestamp":1543322612,"path_taken":["M","$","M","?","M","R","?","M","T","M","M","?","M","M","R","BOSS"],"build_version":"2018-11-15","purchased_purges":0,"victory":false,"max_hp_per_floor":[75,75,75,69,69,69,69,69,69,69,69,69,69,69,69,69],"card_choices":[{"not_picked":["Hologram","Stack"],"picked":"Conserve Battery","floor":1},{"not_picked":["Static Discharge","Loop","Conserve Battery"],"picked":"SKIP","floor":3},{"not_picked":["Static Discharge","Rebound","Heatsinks"],"picked":"SKIP","floor":5},{"not_picked":["Steam","Hello World"],"picked":"Self Repair","floor":8},{"not_picked":["Capacitor","Leap","Compile Driver","Sweeping Beam"],"picked":"SKIP","floor":10},{"not_picked":["Creative AI","Storm","Capacitor","Stack"],"picked":"SKIP","floor":11},{"not_picked":["Hologram","Ball Lightning","Steam","Streamline"],"picked":"SKIP","floor":12},{"not_picked":["Auto Shields","Sunder","Redo","Heatsinks"],"picked":"SKIP","floor":13},{"not_picked":["Hello World","Streamline","Self Repair"],"picked":"Conserve Battery","floor":14}],"player_experience":259831,"relics_obtained":[{"floor":9,"key":"Question Card"}],"event_choices":[{"damage_healed":0,"gold_gain":0,"player_choice":"Lose Max HP","damage_taken":0,"relics_obtained":["Golden Idol"],"max_hp_gain":0,"max_hp_loss":6,"event_name":"Golden Idol","floor":4,"gold_loss":0},{"cards_removed":["Strike_B"],"damage_healed":0,"gold_gain":0,"player_choice":"Forget","damage_taken":0,"max_hp_gain":0,"max_hp_loss":0,"event_name":"Living Wall","floor":7,"gold_loss":0}],"is_beta":false,"boss_relics":[],"items_purged_floors":[],"is_endless":false,"potions_floor_spawned":[5,8,12,13],"killed_by":"Slime Boss","ascension_level":6}