{"gold_per_floor":[112,131,131,145,43,70,70,70,70,35,35,9,28,28,28,126,126,136,149,39,57,71,71,86,99,99,7,7,19,19],"floor_reached":30,"playtime":948,"items_purged":["Parasite"],"score":244,"play_id":"525a7f19-91d4-4e3f-a5f8-100cb89340a2","local_time":"20181213221044","is_ascension_mode":true,"campfire_choices":[{"floor":7,"key":"REST"},{"floor":11,"key":"RECALL"},{"data":"Static Discharge","floor":15,"key":"SMITH"},{"floor":23,"key":"REST"}],"neow_cost":"NONE","seed_source_timestamp":90648560366277,"circlet_count":0,"master_deck":["Strike_B","Strike_B","Strike_B","Defend_B","Defend_B","Defend_B","Defend_B","Zap","Dualcast","Gash","BootSequence","Sunder","FTL","Static Discharge+1","Rebound","Coolheaded","FTL","Ball Lightning","Buffer","Go for the Eyes","FTL","Leap+1","Thunder Strike","Glacier+1","Conserve Battery","Gash","Doom and Gloom","RitualDagger","Static Discharge+1"],"relics":["Cracked Core","Kunai","Orichalcum","Sozu"],"potions_floor_usage":[6,16,18],"damage_taken":[{"damage":5,"enemies":"2 Louse","floor":1,"turns":2},{"damage":0,"enemies":"Small Slimes","floor":2,"turns":3},{"damage":1,"enemies":"Jaw Worm","floor":4,"turns":2},{"damage":38,"enemies":"Gremlin Nob","floor":6,"turns":4},{"damage":2,"enemies":"Exordium Wildlife","floor":13,"turns":3},{"damage":18,"enemies":"Slime Boss","floor":16,"turns":8},{"damage":0,"enemies":"Chosen","floor":18,"turns":4},{"damage":11,"enemies":"2 Thieves","floor":19,"turns":4},{"damage":13,"enemies":"Centurion and Healer","floor":21,"turns":7},{"damage":24,"enemies":"Snake Plant","floor":22,"turns":4},{"damage":13,"enemies":"Cultist and Chosen","floor":24,"turns":5},{"damage":21,"enemies":"Shelled Parasite and Fungi","floor":25,"turns":4},{"damage":1,"enemies":"Sentry and Sphere","floor":29,"turns":6},{"damage":10,"enemies":"Book of Stabbing","floor":30,"turns":2}],"seed_played":"-423076387253055746","potions_obtained":[{"floor":4,"key":"FearPotion"},{"floor":6,"key":"Dexterity Potion"},{"floor":16,"key":"Fire Potion"}],"is_trial":false,"path_per_floor":["M","M","?","M","$","E","R","?","T","$","R","$","M","?","R","B",null,"M","M","$","M","M","R","M","M","T","$","?","M","E"],"character_chosen":"DEFECT","items_purchased":["Static Discharge","Rebound","FTL","Ball Lightning","FTL","Gash","Doom and Gloom"],"campfire_rested":2,"item_purchase_floors":[5,5,10,12,20,27,27],"current_hp_per_floor":[70,70,70,69,69,31,53,71,71,71,71,71,69,69,69,51,75,75,64,64,51,27,48,35,14,14,14,8,7,0],"gold":19,"neow_bonus":"TRANSFORM_CARD","is_prod":false,"is_daily":false,"chose_seed":false,"campfire_upgraded":1,"win_rate":0,"timestamp":1544767844,"path_taken":["M","M","?","M","$","E","R","?","T","$","R","$","M","?","R","BOSS","M","M","$","M","M","R","M","M","T","$","?","M","E"],"build_version":"2018-12-13","purchased_purges":1,"victory":false,"max_hp_per_floor":[75,75,75,75,75,75,75,75,75,75,75,75,75,75,75,75,75,75,75,72,72,72,72,72,72,72,72,72,72,72],"card_choices":[{"not_picked":["Compile Driver","Fusion"],"picked":"BootSequence","floor":1},{"not_picked":["Gash","White Noise"],"picked":"Sunder","floor":2},{"not_picked":["Redo","Lockon"],"picked":"FTL","floor":4},{"not_picked":["Skim","Turbo"],"picked":"Coolheaded","floor":6},{"not_picked":["Turbo","Cold Snap","Blizzard"],"picked":"SKIP","floor":13},{"not_picked":["Rainbow","Reboot"],"picked":"Buffer","floor":16},{"not_picked":["Coolheaded","Rebound"],"picked":"Go for the Eyes","floor":18},{"not_picked":["Turbo","Recycle","Barrage"],"picked":"SKIP","floor":19},{"not_picked":["Coolheaded","Skim+1"],"picked":"Leap+1","floor":21},{"not_picked":["White Noise","Conserve Battery"],"picked":"Thunder Strike","floor":22},{"not_picked":["Chill","Barrage"],"picked":"Glacier+1","floor":24},{"not_picked":["Cold Snap","Aggregate+1"],"picked":"Conserve Battery","floor":25},{"not_picked":["Sunder+1","Glacier+1"],"picked":"Static Discharge+1","floor":29}],"player_experience":255077,"relics_obtained":[{"floor":6,"key":"Kunai"},{"floor":9,"key":"Orichalcum"}],"event_choices":[{"damage_healed":0,"gold_gain":0,"player_choice":"Ignored","damage_taken":0,"max_hp_gain":0,"max_hp_loss":0,"event_name":"Golden Idol","floor":3,"gold_loss":0},{"damage_healed":18,"gold_gain":0,"player_choice":"Healed and dodged fight","damage_taken":0,"max_hp_gain":0,"max_hp_loss":0,"event_name":"Mushrooms","floor":8,"gold_loss":0,"cards_obtained":["Parasite"]},{"damage_healed":0,"gold_gain":0,"player_choice":"Ignored","damage_taken":0,"max_hp_gain":0,"max_hp_loss":0,"event_name":"Liars Game","floor":14,"gold_loss":0},{"damage_healed":0,"gold_gain":0,"player_choice":"Joined the Cult","damage_taken":6,"max_hp_gain":0,"max_hp_loss":0,"event_name":"Nest","floor":28,"gold_loss":0,"cards_obtained":["RitualDagger"]}],"is_beta":false,"boss_relics":[{"not_picked":["Coffee Dripper","Inserter"],"picked":"Sozu"}],"items_purged_floors":[20],"is_endless":false,"potions_floor_spawned":[4,6,16,18],"killed_by":"Book of Stabbing","ascension_level":1}