{"gold_per_floor":[114,64,88,106,116,148,148,176,176,176,188,205,221,75,75,178,178,191,291,216,216],"floor_reached":21,"playtime":777,"items_purged":["Strike_R"],"score":189,"play_id":"84edeff6-f24f-47a1-9c14-8dd4e7a0cc0c","local_time":"20180923114627","is_ascension_mode":false,"campfire_choices":[{"data":"Bash","floor":7,"key":"SMITH"},{"data":"Rampage","floor":10,"key":"SMITH"},{"data":"Dual Wield","floor":15,"key":"SMITH"}],"neow_cost":"NONE","seed_source_timestamp":825517595316778,"circlet_count":0,"master_deck":["Strike_R","Strike_R","Strike_R","Defend_R","Defend_R","Defend_R","Bash+1","Rampage+1","Dual Wield+1","Offering","Regret","Parasite"],"relics":["Burning Blood","PreservedInsect","Vajra","Centennial Puzzle","Art of War","Calling Bell","Happy Flower","Paper Frog","Incense Burner","Peace Pipe","Mummified Hand"],"potions_floor_usage":[6,19,19],"damage_taken":[{"damage":5,"enemies":"Jaw Worm","floor":1,"turns":5},{"damage":2,"enemies":"Small Slimes","floor":4,"turns":4},{"damage":2,"enemies":"2 Louse","floor":5,"turns":3},{"damage":12,"enemies":"3 Sentries","floor":6,"turns":5},{"damage":14,"enemies":"Gremlin Nob","floor":8,"turns":3},{"damage":11,"enemies":"Large Slime","floor":11,"turns":4},{"damage":1,"enemies":"2 Fungi Beasts","floor":12,"turns":3},{"damage":4,"enemies":"Blue Slaver","floor":13,"turns":3},{"damage":26,"enemies":"The Guardian","floor":16,"turns":7},{"damage":12,"enemies":"Spheric Guardian","floor":18,"turns":3},{"damage":50,"enemies":"Colosseum Slavers","floor":19,"turns":5},{"damage":29,"enemies":"Colosseum Nobs","floor":19,"turns":4},{"damage":12,"enemies":"2 Thieves","floor":21,"turns":1}],"seed_played":"-7709372356483643503","potions_obtained":[{"floor":4,"key":"Fire Potion"},{"floor":5,"key":"Energy Potion"},{"floor":6,"key":"Dexterity Potion"},{"floor":11,"key":"Weak Potion"},{"floor":19,"key":"Poison Potion"}],"is_trial":false,"path_per_floor":["M","?","T","M","M","E","R","E","T","R","M","M","M","$","R","B",null,"M","?","?"],"character_chosen":"IRONCLAD","items_purchased":["Dual Wield"],"campfire_rested":0,"item_purchase_floors":[14],"current_hp_per_floor":[80,80,80,80,80,74,74,66,66,66,61,66,68,68,68,48,80,74,7,7,0],"gold":216,"neow_bonus":"REMOVE_CARD","is_prod":false,"is_daily":false,"chose_seed":false,"campfire_upgraded":3,"win_rate":0,"timestamp":1537728387,"path_taken":["M","?","?","M","M","E","R","E","T","R","M","M","M","?","R","BOSS","M","?","?","M"],"build_version":"2018-09-20","purchased_purges":1,"victory":false,"max_hp_per_floor":[80,80,80,80,80,80,80,80,80,80,80,80,80,80,80,80,80,80,80,80,80],"card_choices":[{"not_picked":["Clothesline","Sever Soul","Pummel"],"picked":"SKIP","floor":1},{"not_picked":["Pommel Strike","Combust"],"picked":"Rampage","floor":4},{"not_picked":["Fire Breathing","Rampage","Pommel Strike"],"picked":"SKIP","floor":5},{"not_picked":["Clothesline","Exhume","Clash"],"picked":"SKIP","floor":6},{"not_picked":["Reckless Charge","Havoc","Ghostly Armor"],"picked":"SKIP","floor":8},{"not_picked":["Combust","Evolve","Uppercut"],"picked":"SKIP","floor":11},{"not_picked":["Anger","Clothesline","Infernal Blade"],"picked":"SKIP","floor":12},{"not_picked":["Iron Wave","True Grit","Anger"],"picked":"SKIP","floor":13},{"not_picked":["Limit Break","Demon Form"],"picked":"Offering","floor":16},{"not_picked":["Sword Boomerang","Havoc","Body Slam"],"picked":"SKIP","floor":18}],"player_experience":253776,"relics_obtained":[{"floor":3,"key":"PreservedInsect"},{"floor":6,"key":"Vajra"},{"floor":8,"key":"Centennial Puzzle"},{"floor":9,"key":"Art of War"},{"floor":17,"key":"Happy Flower"},{"floor":17,"key":"Paper Frog"},{"floor":17,"key":"Incense Burner"},{"floor":19,"key":"Peace Pipe"},{"floor":19,"key":"Mummified Hand"}],"event_choices":[{"event_name":"The Cleric","player_choice":"Card Removal","floor":2,"damage_taken":0},{"event_name":"Colosseum","player_choice":"Fight","floor":19,"damage_taken":0},{"event_name":"Colosseum","player_choice":"Fought Nobs","floor":19,"damage_taken":0},{"event_name":"Beggar","player_choice":"Gave Gold","floor":20,"damage_taken":0}],"is_beta":false,"boss_relics":[{"not_picked":["Runic Cube","Eternal Feather"],"picked":"Calling Bell"}],"items_purged_floors":[14],"is_endless":false,"potions_floor_spawned":[4,5,6,11,13,16,19,19],"killed_by":"2 Thieves","ascension_level":0}