{"gold_per_floor":[118,118,118,136,49,93,118,118,165,188,188,188,211,226,226,355,355,380,400,114,114,114,114,158,183,183,183,183,199,199,224,224,344,344,360,428,182,307,307,351,303,342,342,362,385,400,400,436,448,460,472,484,0,38,38],"floor_reached":55,"playtime":3773,"items_purged":[],"score":988,"play_id":"9a393a48-6c1f-426b-b6d6-f1ceb146776a","local_time":"20190406004509","is_ascension_mode":true,"campfire_choices":[{"data":"Defragment","floor":8,"key":"SMITH"},{"floor":12,"key":"REST"},{"data":"Defragment","floor":15,"key":"SMITH"},{"data":"Zap","floor":23,"key":"SMITH"},{"data":"Dualcast","floor":27,"key":"SMITH"},{"data":"Biased Cognition","floor":32,"key":"SMITH"},{"floor":47,"key":"RECALL"},{"floor":49,"key":"REST"},{"floor":52,"key":"REST"}],"neow_cost":"NONE","seed_source_timestamp":1913708954209270,"circlet_count":0,"master_deck":["Strike_B+1","Strike_B+1","Strike_B+1","Strike_B+1","Defend_B+1","Defend_B+1","Defend_B+1","Defend_B+1","Zap+1","Dualcast+1","Rebound","Coolheaded+1","Panacea+1","Glacier+1","Defragment+1","BootSequence+1","Defragment+1","Cold Snap","Biased Cognition+1","Redo+1","Undo+1","Consume+1","Redo+1","Conserve Battery+1","Reboot+1","Ball Lightning+1","PanicButton+1","Self Repair","Capacitor+1","Double Energy+1","Blizzard","Thinking Ahead+1","Reinforced Body+1"],"relics":["Cracked Core","NeowsBlessing","Toxic Egg 2","Golden Idol","Emotion Chip","DataDisk","Eternal Feather","Ice Cream","Meat on the Bone","Singing Bowl","Fusion Hammer","Calipers","WingedGreaves","Omamori","Ancient Tea Set","MawBank","Bronze Scales","War Paint","Happy Flower"],"potions_floor_usage":[16,18,19,24,31,33,38,40,40,42,45,48,50,55],"damage_taken":[{"damage":0,"enemies":"Cultist","floor":1,"turns":1},{"damage":0,"enemies":"Small Slimes","floor":4,"turns":1},{"damage":0,"enemies":"Gremlin Nob","floor":6,"turns":1},{"damage":0,"enemies":"Jaw Worm","floor":7,"turns":3},{"damage":25,"enemies":"Gremlin Gang","floor":10,"turns":3},{"damage":3,"enemies":"Blue Slaver","floor":13,"turns":3},{"damage":0,"enemies":"Exordium Wildlife","floor":14,"turns":4},{"damage":27,"enemies":"The Guardian","floor":16,"turns":15},{"damage":1,"enemies":"Spheric Guardian","floor":18,"turns":4},{"damage":1,"enemies":"2 Thieves","floor":19,"turns":5},{"damage":22,"enemies":"Gremlin Leader","floor":24,"turns":4},{"damage":0,"enemies":"Chosen and Byrds","floor":25,"turns":7},{"damage":11,"enemies":"Sentry and Sphere","floor":29,"turns":6},{"damage":3,"enemies":"Centurion and Healer","floor":31,"turns":5},{"damage":72,"enemies":"Champ","floor":33,"turns":9},{"damage":0,"enemies":"Orb Walker","floor":35,"turns":4},{"damage":24,"enemies":"2 Orb Walkers","floor":36,"turns":7},{"damage":0,"enemies":"Mind Bloom Boss Battle","floor":38,"turns":7},{"damage":3,"enemies":"Giant Head","floor":40,"turns":13},{"damage":6,"enemies":"Nemesis","floor":42,"turns":7},{"damage":13,"enemies":"3 Darklings","floor":44,"turns":4},{"damage":0,"enemies":"Jaw Worm Horde","floor":45,"turns":1},{"damage":3,"enemies":"4 Shapes","floor":46,"turns":4},{"damage":8,"enemies":"Giant Head","floor":48,"turns":8},{"damage":28,"enemies":"Time Eater","floor":50,"turns":18},{"damage":65,"enemies":"Shield and Spear","floor":54,"turns":6},{"damage":46,"enemies":"The Heart","floor":55,"turns":3}],"seed_played":"2525762638494947595","potions_obtained":[{"floor":10,"key":"SkillPotion"},{"floor":14,"key":"Regen Potion"},{"floor":16,"key":"GamblersBrew"},{"floor":18,"key":"Ancient Potion"},{"floor":19,"key":"Block Potion"},{"floor":25,"key":"Energy Potion"},{"floor":30,"key":"Fruit Juice"},{"floor":30,"key":"SpeedPotion"},{"floor":33,"key":"FairyPotion"},{"floor":36,"key":"SkillPotion"},{"floor":40,"key":"Energy Potion"},{"floor":42,"key":"PowerPotion"},{"floor":45,"key":"EssenceOfSteel"},{"floor":48,"key":"FearPotion"},{"floor":54,"key":"EssenceOfSteel"}],"is_trial":false,"path_per_floor":["M","T","?","M","$","E","M","R","T","M","?","R","M","M","R","B",null,"M","M","$","?","?","R","E","M","T","R","?","M","?","M","R","B",null,"M","?","$","?","?","E","$","E","T","M","M","M","R","E","R","B",null,"R","$","E","B"],"character_chosen":"DEFECT","items_purchased":["Panacea+1","Ice Cream","PanicButton+1","Self Repair","Regen Potion","Block Potion","Thinking Ahead+1","Bronze Scales","War Paint"],"campfire_rested":3,"item_purchase_floors":[5,20,37,37,37,41,53,53,53],"current_hp_per_floor":[75,75,57,57,57,57,57,57,57,32,32,54,51,51,51,24,62,73,72,72,72,72,75,53,53,53,65,65,54,54,58,73,13,65,67,43,43,67,67,73,73,74,74,70,70,69,87,86,92,64,85,92,92,46,0],"gold":38,"neow_bonus":"THREE_ENEMY_KILL","is_prod":false,"is_daily":false,"chose_seed":false,"campfire_upgraded":5,"win_rate":0,"timestamp":1554479109,"path_taken":["M","?","?","M","$","E","M","R","T","M","?","R","M","?","R","BOSS","M","M","$","?","?","R","E","M","T","R","?","M","?","M","R","BOSS","M","?","$","?","?","E","?","E","T","?","M","M","R","E","R","BOSS","R","$","E","BOSS"],"build_version":"2019-01-23","purchased_purges":0,"victory":false,"max_hp_per_floor":[75,75,75,75,75,75,75,75,75,75,75,75,75,75,75,75,75,75,75,75,75,75,75,75,75,75,75,75,75,75,82,82,82,82,84,84,84,86,86,88,88,88,88,90,90,92,92,92,92,92,92,92,92,92,92],"card_choices":[{"not_picked":["Sweeping Beam","Loop"],"picked":"Rebound","floor":1},{"not_picked":["BootSequence+1","Leap+1"],"picked":"Coolheaded+1","floor":4},{"not_picked":["Beam Cell","Steam+1"],"picked":"Glacier+1","floor":6},{"not_picked":["Auto Shields+1","Turbo+1"],"picked":"Defragment","floor":7},{"not_picked":["Multi-Cast+1","Go for the Eyes"],"picked":"BootSequence+1","floor":10},{"not_picked":["Redo+1","Loop"],"picked":"Defragment","floor":13},{"not_picked":["FTL","Go for the Eyes"],"picked":"Cold Snap","floor":14},{"not_picked":["Hyperbeam","Buffer"],"picked":"Biased Cognition","floor":16},{"not_picked":["Rebound","Compile Driver+1"],"picked":"Redo+1","floor":18},{"not_picked":["Rebound","Steam Power+1"],"picked":"Undo+1","floor":19},{"not_picked":["Hyperbeam","Turbo+1"],"picked":"Consume+1","floor":24},{"not_picked":["Leap+1","Rip and Tear"],"picked":"Redo+1","floor":25},{"not_picked":["Leap+1","Coolheaded+1"],"picked":"Conserve Battery+1","floor":29},{"not_picked":["Sweeping Beam","Streamline","Conserve Battery+1"],"picked":"Singing Bowl","floor":31},{"not_picked":["Thunder Strike","Core Surge"],"picked":"Reboot+1","floor":33},{"not_picked":["Stack+1","Rebound+1","Storm+1"],"picked":"Singing Bowl","floor":35},{"not_picked":["Skim+1","Gash+1"],"picked":"Ball Lightning+1","floor":36},{"not_picked":["Conserve Battery+1","Auto Shields+1","Hologram+1"],"picked":"Singing Bowl","floor":38},{"not_picked":["Leap+1","Rebound","Rip and Tear"],"picked":"Singing Bowl","floor":40},{"not_picked":["Compile Driver","Ball Lightning"],"picked":"Capacitor+1","floor":42},{"not_picked":["Go for the Eyes+1","Storm+1","Stack+1"],"picked":"Singing Bowl","floor":44},{"not_picked":["Compile Driver","Turbo+1"],"picked":"Double Energy+1","floor":45},{"not_picked":["Streamline+1","Reprogram+1","Thunder Strike"],"picked":"Singing Bowl","floor":46},{"not_picked":["Hyperbeam","Leap+1"],"picked":"Blizzard","floor":48},{"not_picked":["Leap+1","Barrage+1"],"picked":"Reinforced Body+1","floor":54}],"player_experience":252079,"relics_obtained":[{"floor":2,"key":"Toxic Egg 2"},{"floor":6,"key":"Emotion Chip"},{"floor":9,"key":"DataDisk"},{"floor":24,"key":"Meat on the Bone"},{"floor":26,"key":"Singing Bowl"},{"floor":36,"key":"Calipers"},{"floor":38,"key":"WingedGreaves"},{"floor":40,"key":"Omamori"},{"floor":42,"key":"Ancient Tea Set"},{"floor":48,"key":"MawBank"},{"floor":54,"key":"Happy Flower"}],"event_choices":[{"damage_healed":0,"gold_gain":0,"player_choice":"Take Damage","damage_taken":18,"relics_obtained":["Golden Idol"],"max_hp_gain":0,"max_hp_loss":0,"event_name":"Golden Idol","floor":3,"gold_loss":0},{"damage_healed":0,"gold_gain":0,"player_choice":"Leave","damage_taken":0,"max_hp_gain":0,"max_hp_loss":0,"event_name":"FaceTrader","floor":11,"gold_loss":0},{"damage_healed":0,"gold_gain":0,"player_choice":"Ignored","damage_taken":0,"max_hp_gain":0,"max_hp_loss":0,"event_name":"Ghosts","floor":21,"gold_loss":0},{"damage_healed":0,"gold_gain":0,"player_choice":"Read","damage_taken":0,"max_hp_gain":0,"max_hp_loss":0,"event_name":"The Library","floor":22,"gold_loss":0,"cards_obtained":["Chaos"]},{"damage_healed":0,"gold_gain":0,"player_choice":"Simplicity","damage_taken":0,"max_hp_gain":0,"max_hp_loss":0,"event_name":"Back to Basics","floor":28,"gold_loss":0,"cards_upgraded":["Strike_B","Strike_B","Strike_B","Strike_B","Defend_B","Defend_B","Defend_B","Defend_B"]},{"damage_healed":0,"gold_gain":0,"player_choice":"Got Potions","damage_taken":0,"max_hp_gain":0,"max_hp_loss":0,"event_name":"Lab","floor":30,"gold_loss":0},{"damage_healed":0,"gold_gain":0,"player_choice":"Fight","damage_taken":0,"max_hp_gain":0,"max_hp_loss":0,"event_name":"Mysterious Sphere","floor":36,"gold_loss":0},{"damage_healed":0,"gold_gain":0,"player_choice":"Fight","damage_taken":0,"max_hp_gain":0,"max_hp_loss":0,"event_name":"MindBloom","floor":38,"gold_loss":0},{"cards_removed":["Chaos"],"damage_healed":0,"gold_gain":0,"player_choice":"Removed Skill","damage_taken":0,"max_hp_gain":0,"max_hp_loss":0,"event_name":"Falling","floor":39,"gold_loss":0}],"is_beta":false,"boss_relics":[{"not_picked":["Lizard Tail","Black Star"],"picked":"Eternal Feather"},{"not_picked":["Orrery","Pandora\u0027s Box"],"picked":"Fusion Hammer"}],"items_purged_floors":[],"is_endless":false,"potions_floor_spawned":[10,14,16,18,19,25,33,36,40,42,45,48,54],"killed_by":"The Heart","ascension_level":5}