{"gold_per_floor":[112,125,139,154,172,172,237,237,262,262],"floor_reached":10,"playtime":366,"items_purged":[],"score":105,"play_id":"8c3490e6-3f5e-4b08-a738-43d84fb35acf","local_time":"20190404182248","is_ascension_mode":true,"campfire_choices":[{"floor":6,"key":"REST"},{"data":"Whirlwind","floor":8,"key":"SMITH"}],"neow_cost":"NONE","seed_source_timestamp":108159624441337,"circlet_count":0,"master_deck":["AscendersBane","Strike_R","Strike_R","Strike_R","Strike_R","Strike_R","Defend_R","Defend_R","Defend_R","Defend_R","Bash","Heavy Blade","Twin Strike","Cleave","Whirlwind+1","Armaments","Flame Barrier"],"relics":["Burning Blood","Tiny Chest","Blood Vial"],"potions_floor_usage":[4,7],"damage_taken":[{"damage":1,"enemies":"Cultist","floor":1,"turns":4},{"damage":6,"enemies":"2 Louse","floor":2,"turns":3},{"damage":3,"enemies":"Jaw Worm","floor":3,"turns":4},{"damage":44,"enemies":"Gremlin Gang","floor":4,"turns":4},{"damage":21,"enemies":"Looter","floor":5,"turns":4},{"damage":15,"enemies":"3 Sentries","floor":7,"turns":3},{"damage":57,"enemies":"Lagavulin","floor":10,"turns":8}],"seed_played":"-4524551075939803376","potions_obtained":[{"floor":1,"key":"Weak Potion"},{"floor":2,"key":"SpeedPotion"},{"floor":3,"key":"GamblersBrew"},{"floor":5,"key":"SteroidPotion"}],"is_trial":false,"path_per_floor":["M","M","M","M","M","R","E","R","T","E"],"character_chosen":"IRONCLAD","items_purchased":[],"campfire_rested":1,"item_purchase_floors":[],"current_hp_per_floor":[85,85,88,50,35,61,52,52,52,0],"gold":262,"neow_bonus":"TEN_PERCENT_HP_BONUS","is_prod":false,"is_daily":false,"chose_seed":false,"campfire_upgraded":1,"win_rate":0,"timestamp":1554427368,"path_taken":["M","M","M","?","?","R","E","R","T","E"],"build_version":"2019-01-23","purchased_purges":0,"victory":false,"max_hp_per_floor":[88,88,88,88,88,88,88,88,88,88],"card_choices":[{"not_picked":["Shrug It Off","Rage"],"picked":"Heavy Blade","floor":1},{"not_picked":["Iron Wave","Rupture"],"picked":"Twin Strike","floor":2},{"not_picked":["Clothesline","Sword Boomerang"],"picked":"Cleave","floor":3},{"not_picked":["Ghostly Armor","Thunderclap"],"picked":"Whirlwind","floor":4},{"not_picked":["Burning Pact","Anger"],"picked":"Armaments","floor":5},{"not_picked":["Battle Trance","Bloodletting"],"picked":"Flame Barrier","floor":7}],"player_experience":374527,"relics_obtained":[{"floor":7,"key":"Tiny Chest"},{"floor":9,"key":"Blood Vial"}],"event_choices":[],"is_beta":false,"boss_relics":[],"items_purged_floors":[],"is_endless":false,"potions_floor_spawned":[1,2,3,5],"killed_by":"Lagavulin","ascension_level":10}