{"gold_per_floor":[116,14,25,200,220,220,239,252,252,277,300,300,316,316,316,441,441,455,455,486,510,534,534,554,2,71,26,26,45,45,45],"floor_reached":31,"playtime":1874,"items_purged":["Doubt"],"score":231,"play_id":"738c7a50-f740-48e1-9887-99159fc39062","local_time":"20180824224349","is_ascension_mode":false,"campfire_choices":[{"floor":12,"key":"REST"},{"data":"All For One","floor":15,"key":"SMITH"},{"floor":23,"key":"REST"},{"floor":28,"key":"REST"}],"neow_cost":"NONE","seed_source_timestamp":900180259607305,"circlet_count":0,"master_deck":["Strike_B","Strike_B","Strike_B","Strike_B","Defend_B","Defend_B","Defend_B","Defend_B","Zap+1","Dualcast","Gash","Sunder+1","Go for the Eyes","Rebound","Coolheaded","Genetic Algorithm","Reinforced Body","Static Discharge","All For One+1","Conserve Battery+1","Buffer","Genetic Algorithm+1","Storm","Hologram","Barrage","Reinforced Body","Dramatic Entrance","Redo","Redo"],"relics":["Cracked Core","Golden Idol","Pantograph","Busted Crown","MutagenicStrength","Red Mask","DollysMirror","War Paint","Dodecahedron"],"potions_floor_usage":[],"damage_taken":[{"damage":2,"enemies":"2 Louse","floor":1,"turns":3},{"damage":0,"enemies":"Small Slimes","floor":3,"turns":2},{"damage":1,"enemies":"Jaw Worm","floor":5,"turns":3},{"damage":2,"enemies":"Exordium Wildlife","floor":7,"turns":3},{"damage":11,"enemies":"Looter","floor":8,"turns":3},{"damage":0,"enemies":"Large Slime","floor":10,"turns":3},{"damage":15,"enemies":"2 Fungi Beasts","floor":11,"turns":4},{"damage":12,"enemies":"Gremlin Gang","floor":13,"turns":3},{"damage":37,"enemies":"Slime Boss","floor":16,"turns":10},{"damage":28,"enemies":"Shell Parasite","floor":18,"turns":6},{"damage":25,"enemies":"Masked Bandits","floor":20,"turns":6},{"damage":0,"enemies":"Chosen","floor":21,"turns":5},{"damage":6,"enemies":"Snake Plant","floor":22,"turns":4},{"damage":32,"enemies":"Sentry and Sphere","floor":24,"turns":8},{"damage":16,"enemies":"Shelled Parasite and Fungi","floor":29,"turns":9},{"damage":14,"enemies":"Gremlin Leader","floor":31,"turns":4}],"seed_played":"8082680117717220607","potions_obtained":[{"floor":8,"key":"AttackPotion"},{"floor":10,"key":"Poison Potion"},{"floor":11,"key":"Fire Potion"},{"floor":21,"key":"Fire Potion"},{"floor":29,"key":"Fire Potion"}],"is_trial":false,"path_per_floor":["M","$","M","?","M","?","M","M","T","M","M","R","M","?","R","B",null,"M","?","?","M","M","R","M","$","T","$","R","M","$"],"character_chosen":"DEFECT","items_purchased":["Sunder","Go for the Eyes","DollysMirror","War Paint","Dramatic Entrance","Redo","Redo"],"campfire_rested":3,"item_purchase_floors":[2,2,25,25,25,25,27],"current_hp_per_floor":[80,80,80,80,79,76,74,63,63,63,48,70,58,58,58,39,76,48,48,23,23,17,39,7,7,7,7,29,13,13,0],"gold":45,"neow_bonus":"TEN_PERCENT_HP_BONUS","is_prod":false,"is_daily":false,"chose_seed":false,"campfire_upgraded":1,"win_rate":0,"timestamp":1535175829,"path_taken":["M","$","M","?","M","?","M","M","T","M","M","R","M","?","R","BOSS","M","?","?","M","M","R","M","$","T","$","R","?","?","E"],"build_version":"2018-08-23v2","purchased_purges":1,"victory":false,"max_hp_per_floor":[82,82,82,82,82,76,76,76,76,76,76,76,76,76,76,76,76,76,76,76,76,76,76,76,76,76,76,76,76,76,76],"card_choices":[{"not_picked":["Conserve Battery","Hologram"],"picked":"Gash","floor":1},{"not_picked":["Tempest","Ball Lightning"],"picked":"Rebound","floor":3},{"not_picked":["Turbo","Blizzard"],"picked":"Coolheaded","floor":5},{"not_picked":["Stack","Cold Snap"],"picked":"Genetic Algorithm","floor":7},{"not_picked":["Streamline","Turbo"],"picked":"Reinforced Body","floor":8},{"not_picked":["Ball Lightning","Sunder"],"picked":"Static Discharge","floor":10},{"not_picked":["Rip and Tear","Coolheaded"],"picked":"All For One","floor":11},{"not_picked":["Compile Driver","Ball Lightning"],"picked":"Conserve Battery","floor":13},{"not_picked":["Fission","Meteor Strike"],"picked":"Buffer","floor":16},{"not_picked":[],"picked":"Genetic Algorithm+1","floor":18},{"not_picked":[],"picked":"Storm","floor":20},{"not_picked":[],"picked":"Hologram","floor":21},{"not_picked":[],"picked":"Barrage","floor":22},{"not_picked":["Coolheaded"],"picked":"SKIP","floor":24},{"not_picked":["Blizzard"],"picked":"SKIP","floor":29}],"player_experience":37241,"relics_obtained":[{"floor":9,"key":"Pantograph"},{"floor":20,"key":"Red Mask"},{"floor":26,"key":"Dodecahedron"}],"event_choices":[{"event_name":"Liars Game","player_choice":"agreed","floor":4,"damage_taken":0},{"event_name":"Golden Idol","player_choice":"Lose Max HP","floor":6,"damage_taken":0},{"event_name":"Accursed Blacksmith","player_choice":"Forge","floor":14,"damage_taken":0},{"event_name":"Drug Dealer","player_choice":"Inject Mutagens","floor":19,"damage_taken":0},{"event_name":"Masked Bandits","player_choice":"Fought Bandits","floor":20,"damage_taken":0}],"is_beta":false,"boss_relics":[{"not_picked":["Velvet Choker","Inserter"],"picked":"Busted Crown"}],"items_purged_floors":[25],"is_endless":false,"potions_floor_spawned":[8,10,11,13,21,24,29],"killed_by":"Gremlin Leader","ascension_level":0}