{"gold_per_floor":[360,360,5,15,15,44,44,44,69,69,83,111,111,126,126,221,221,231,231,242,341,341,341,372,372,427,452,452,59,9,36,36,140,140,155,105,1104,1115,1115,1146,1146,1146,1146,1146,1176,686,697,711,711,711,711,711,14,46,46],"floor_reached":55,"playtime":3480,"items_purged":["Endless Agony","Strike_G","Strike_G","Normality","Normality"],"score":1185,"play_id":"89fab404-f2a7-4b24-b120-f8ef15470813","local_time":"20190415174350","is_ascension_mode":true,"campfire_choices":[{"floor":8.0,"key":"REST"},{"floor":10.0,"key":"REST"},{"data":"Malaise","floor":13.0,"key":"SMITH"},{"data":"Dash","floor":15.0,"key":"SMITH"},{"data":"Neutralize","floor":23.0,"key":"SMITH"},{"floor":25.0,"key":"REST"},{"floor":32.0,"key":"REST"},{"floor":44.0,"key":"REST"},{"floor":49.0,"key":"RECALL"},{"floor":52,"key":"REST"}],"neow_cost":"PERCENT_DAMAGE","seed_source_timestamp":0,"circlet_count":0,"master_deck":["AscendersBane","Defend_G","Defend_G","Defend_G","Defend_G","Defend_G","Strike_G","Strike_G","Strike_G+1","Survivor","Neutralize+1","Well Laid Plans+1","Dagger Spray","Neutralize","Flying Knee+1","Deadly Poison","Malaise+1","Bouncing Flask","Backflip","Dash+1","Corpse Explosion","Bouncing Flask","Tools of the Trade+1","Footwork+1","Well Laid Plans+1","Wraith Form v2+1","Madness","Madness","A Thousand Cuts+1","Caltrops+1","Noxious Fumes+1","Crippling Poison+1","A Thousand Cuts+1","Magnetism+1","Bouncing Flask","Bullet Time"],"special_seed":0,"relics":["Ring of the Snake","Mercury Hourglass","Frozen Egg 2","Dream Catcher","Happy Flower","Smiling Mask","Snecko Eye","Vajra","Bottled Flame","Bag of Marbles","Tiny Chest","Ninja Scroll","Nilry\u0027s Codex","Singing Bowl","Juzu Bracelet","Fusion Hammer","Prayer Wheel","Bag of Preparation","Chemical X","Whetstone","Sling","Mummified Hand"],"potions_floor_usage":[50,50,50],"damage_taken":[{"damage":0.0,"enemies":"Cultist","floor":1.0,"turns":4.0},{"damage":0.0,"enemies":"2 Louse","floor":4.0,"turns":2.0},{"damage":38.0,"enemies":"Lagavulin","floor":6.0,"turns":7.0},{"damage":0.0,"enemies":"Jaw Worm","floor":11.0,"turns":4.0},{"damage":25.0,"enemies":"3 Sentries","floor":12.0,"turns":7.0},{"damage":1.0,"enemies":"Large Slime","floor":14.0,"turns":4.0},{"damage":2.0,"enemies":"Hexaghost","floor":16.0,"turns":10.0},{"damage":11.0,"enemies":"2 Thieves","floor":18.0,"turns":3.0},{"damage":1.0,"enemies":"3 Byrds","floor":20.0,"turns":3.0},{"damage":27.0,"enemies":"Book of Stabbing","floor":24.0,"turns":6.0},{"damage":6.0,"enemies":"Gremlin Leader","floor":27.0,"turns":8.0},{"damage":25.0,"enemies":"Champ","floor":33.0,"turns":13.0},{"damage":0.0,"enemies":"3 Shapes","floor":35.0,"turns":5.0},{"damage":1.0,"enemies":"Orb Walker","floor":38.0,"turns":5.0},{"damage":1.0,"enemies":"Giant Head","floor":40.0,"turns":9.0},{"damage":33.0,"enemies":"Nemesis","floor":45.0,"turns":7.0},{"damage":30.0,"enemies":"3 Darklings","floor":47.0,"turns":6.0},{"damage":0.0,"enemies":"Maw","floor":48.0,"turns":7.0},{"damage":14,"enemies":"Donu and Deca","floor":50,"turns":8},{"damage":40,"enemies":"Shield and Spear","floor":54,"turns":5},{"damage":46,"enemies":"The Heart","floor":55,"turns":2}],"seed_played":"-3596455973244476359","potions_obtained":[{"floor":6.0,"key":"LiquidBronze"},{"floor":11.0,"key":"EssenceOfSteel"},{"floor":16.0,"key":"FearPotion"},{"floor":20.0,"key":"GhostInAJar"},{"floor":27.0,"key":"SkillPotion"},{"floor":38.0,"key":"PowerPotion"},{"floor":45.0,"key":"PowerPotion"},{"floor":48.0,"key":"Dexterity Potion"}],"is_trial":false,"path_per_floor":["M","T","$","M","?","E","$","R","T","R","M","E","R","M","R","B",null,"M","?","M","?","T","R","E","R","T","E","?","$","$","T","R","B",null,"M","$","?","M","?","E","?","?","T","R","E","$","M","M","R","B",null,"R","$","E","B"],"character_chosen":"THE_SILENT","items_purchased":["Frozen Egg 2","Well Laid Plans+1","Dagger Spray","Footwork+1","Singing Bowl","Noxious Fumes+1","Chemical X","Whetstone","A Thousand Cuts+1","Magnetism+1","Bouncing Flask","Sling"],"campfire_rested":6,"item_purchase_floors":[3,3,3,29,29,46,46,46,53,53,53,53],"current_hp_per_floor":[45,45,45,45,45,7,7,28,28,49,49,24,24,23,23,21,58,47,47,46,46,46,46,19,40,40,34,18,18,18,18,39,14,56,58,58,58,59,50,49,49,49,49,73,40,40,14,16,16,2,62,84,84,44,0],"gold":46,"neow_bonus":"TWO_FIFTY_GOLD","is_prod":false,"is_daily":false,"chose_seed":false,"campfire_upgraded":3,"win_rate":0,"timestamp":1555375430,"path_taken":["M","?","$","M","?","E","$","R","T","R","?","E","R","M","R","BOSS","M","?","M","?","?","R","E","R","T","E","?","?","$","?","R","BOSS","M","$","?","M","?","E","?","?","T","R","E","$","M","M","R","BOSS","R","$","E","BOSS"],"build_version":"2019-01-23","purchased_purges":5,"victory":false,"max_hp_per_floor":[70,70,70,70,70,70,70,70,70,70,70,70,70,70,70,70,70,70,70,70,70,70,70,70,70,70,70,70,70,70,70,70,70,70,72,72,72,74,74,74,74,74,74,76,76,76,80,82,82,82,82,84,84,84,84],"card_choices":[{"not_picked":["Crippling Poison","Catalyst"],"picked":"Quick Slash","floor":1.0},{"not_picked":["Calculated Gamble","Dagger Spray"],"picked":"Endless Agony","floor":4.0},{"not_picked":["Escape Plan","Underhanded Strike"],"picked":"Flying Knee","floor":6.0},{"not_picked":["Sucker Punch","Outmaneuver"],"picked":"Deadly Poison","floor":8.0},{"not_picked":["Deflect","Underhanded Strike"],"picked":"Malaise","floor":10.0},{"not_picked":["Dagger Spray","Acrobatics"],"picked":"Bouncing Flask","floor":11.0},{"not_picked":["Bullet Time","Cloak And Dagger"],"picked":"Backflip","floor":12.0},{"not_picked":["Deadly Poison","Setup"],"picked":"Dash","floor":14.0},{"not_picked":["Malaise","Venomology"],"picked":"Corpse Explosion","floor":16.0},{"not_picked":["Deflect","Acrobatics","Slice+1"],"picked":"SKIP","floor":18.0},{"not_picked":["Prepared+1","Backflip"],"picked":"Bouncing Flask","floor":20.0},{"not_picked":["Acrobatics","Slice+1","PiercingWail"],"picked":"SKIP","floor":24.0},{"not_picked":["PiercingWail","Expertise"],"picked":"Tools of the Trade+1","floor":27.0},{"not_picked":["Blade Dance","Dodge and Roll"],"picked":"Well Laid Plans+1","floor":32.0},{"not_picked":["Storm of Steel","Tools of the Trade+1"],"picked":"Wraith Form v2+1","floor":33.0},{"not_picked":["Dagger Throw+1","Backflip","Bane+1"],"picked":"Singing Bowl","floor":35.0},{"not_picked":["Dagger Throw","Poisoned Stab+1","Quick Slash"],"picked":"Singing Bowl","floor":38.0},{"not_picked":["Heel Hook+1","PiercingWail"],"picked":"A Thousand Cuts+1","floor":40.0},{"not_picked":["Dodge and Roll","Slice+1","Backflip+1"],"picked":"Singing Bowl","floor":44.0},{"not_picked":["Acrobatics","Blur+1"],"picked":"Caltrops+1","floor":45.0},{"not_picked":["Prepared","Deadly Poison+1","Dagger Spray"],"picked":"Singing Bowl","floor":47.0},{"not_picked":["Underhanded Strike","Finisher+1","Flying Knee"],"picked":"Singing Bowl","floor":47.0},{"not_picked":["Deadly Poison","Dagger Spray"],"picked":"Crippling Poison+1","floor":48.0},{"not_picked":["Cloak And Dagger+1","Dash","Concentrate"],"picked":"Singing Bowl","floor":48.0},{"not_picked":["Finisher+1","Flying Knee","Distraction"],"picked":"Singing Bowl","floor":52},{"not_picked":["Predator+1","Prepared+1"],"picked":"Bullet Time","floor":54}],"player_experience":238410,"relics_obtained":[{"floor":2.0,"key":"Mercury Hourglass"},{"floor":6.0,"key":"Dream Catcher"},{"floor":9.0,"key":"Happy Flower"},{"floor":12.0,"key":"Smiling Mask"},{"floor":22.0,"key":"Bottled Flame"},{"floor":24.0,"key":"Bag of Marbles"},{"floor":26.0,"key":"Tiny Chest"},{"floor":27.0,"key":"Ninja Scroll"},{"floor":28.0,"key":"Nilry\u0027s Codex"},{"floor":31.0,"key":"Juzu Bracelet"},{"floor":40.0,"key":"Prayer Wheel"},{"floor":45.0,"key":"Bag of Preparation"},{"floor":54,"key":"Mummified Hand"}],"event_choices":[{"damage_healed":0.0,"max_hp_gain":0.0,"max_hp_loss":0.0,"gold_gain":0.0,"event_name":"Match and Keep!","player_choice":"1 cards matched","floor":5.0,"gold_loss":0.0,"damage_taken":0.0,"cards_obtained":["Neutralize"]},{"damage_healed":0.0,"max_hp_gain":0.0,"max_hp_loss":0.0,"gold_gain":0.0,"event_name":"The Mausoleum","player_choice":"Opened","floor":19.0,"gold_loss":0.0,"damage_taken":0.0,"relics_obtained":["Vajra"]},{"damage_healed":0.0,"max_hp_gain":0.0,"max_hp_loss":0.0,"gold_gain":99.0,"event_name":"Nest","player_choice":"Stole From Cult","floor":21.0,"gold_loss":0.0,"damage_taken":0.0},{"damage_healed":0.0,"max_hp_gain":0.0,"max_hp_loss":0.0,"gold_gain":0.0,"event_name":"Cursed Tome","player_choice":"Obtained Book","floor":28.0,"gold_loss":0.0,"damage_taken":16.0},{"damage_healed":0.0,"max_hp_gain":0.0,"max_hp_loss":0.0,"gold_gain":999.0,"event_name":"MindBloom","player_choice":"Gold","floor":37.0,"gold_loss":0.0,"damage_taken":0.0,"cards_obtained":["Normality","Normality"]},{"damage_healed":0.0,"max_hp_gain":0.0,"max_hp_loss":0.0,"gold_gain":0.0,"event_name":"Winding Halls","player_choice":"Embrace Madness","floor":39.0,"gold_loss":0.0,"damage_taken":9.0,"cards_obtained":["Madness","Madness"]},{"cards_removed":["Quick Slash"],"damage_healed":0.0,"max_hp_gain":0.0,"max_hp_loss":0.0,"gold_gain":0.0,"event_name":"Falling","player_choice":"Removed Attack","floor":41.0,"gold_loss":0.0,"damage_taken":0.0},{"damage_healed":0.0,"max_hp_gain":0.0,"max_hp_loss":0.0,"gold_gain":0.0,"event_name":"Tomb of Lord Red Mask","player_choice":"Ignored","floor":42.0,"gold_loss":0.0,"damage_taken":0.0}],"is_beta":false,"boss_relics":[{"not_picked":["Busted Crown","Philosopher\u0027s Stone"],"picked":"Snecko Eye"},{"not_picked":["White Beast Statue","Runic Dome"],"picked":"Fusion Hammer"}],"items_purged_floors":[29,30,36,46,53],"is_endless":false,"potions_floor_spawned":[6,11,16,20,27,33,35,38,45,47,48],"killed_by":"The Heart","ascension_level":10}