{"gold_per_floor":[114,114,131,10,10,10,44,44,95,20,46,46,57,77,77,151,151,164,25,36,36,36,71,71,98,175,14,24,39,39,50,50,124,124,135,150,58,58,58,58,93,93,93,124,124,134,163,180,180,180],"floor_reached":50,"playtime":2620,"items_purged":["Strike_R"],"score":1197,"play_id":"14a8c711-7b4c-4a1c-8d4e-ce43590716e6","local_time":"20190503180355","is_ascension_mode":true,"campfire_choices":[{"data":"Carnage","floor":6,"key":"SMITH"},{"data":"Inflame","floor":8,"key":"SMITH"},{"data":"Bash","floor":12,"key":"SMITH"},{"data":"Havoc","floor":15,"key":"SMITH"},{"floor":24,"key":"REST"},{"floor":30,"key":"REST"},{"data":"Demon Form","floor":32,"key":"SMITH"},{"floor":40,"key":"REST"},{"floor":42,"key":"REST"},{"floor":49,"key":"RECALL"}],"neow_cost":"NONE","seed_source_timestamp":0,"circlet_count":0,"master_deck":["AscendersBane","Strike_R","Strike_R","Defend_R","Defend_R","Defend_R","Defend_R","Bash+1","Pommel Strike","Armaments","Headbutt","Inflame+1","Shrug It Off","Demon Form+1","Havoc+1","Juggernaut","Armaments","Corruption","Heavy Blade","Feed","Decay","Feel No Pain+1","Sword Boomerang","Battle Trance+1","Whirlwind+1","Shrug It Off","Barricade","Thunderclap+1","Shrug It Off","Shockwave","Feel No Pain+1","Ghostly Armor","Dark Embrace+1","Fiend Fire+1","Anger+1"],"special_seed":0,"relics":["Black Blood","Orichalcum","Bronze Scales","Bag of Preparation","Snecko Eye","Champion Belt","Blue Candle","Molten Egg 2","PreservedInsect","Frozen Egg 2","Mummified Hand","Turnip","Ancient Tea Set"],"potions_floor_usage":[11,23,28,31,31,46,50,50],"damage_taken":[{"damage":4,"enemies":"Jaw Worm","floor":1,"turns":4},{"damage":0,"enemies":"Cultist","floor":3,"turns":3},{"damage":35,"enemies":"3 Sentries","floor":7,"turns":7},{"damage":4,"enemies":"Lagavulin","floor":11,"turns":4},{"damage":0,"enemies":"Small Slimes","floor":13,"turns":2},{"damage":13,"enemies":"Exordium Wildlife","floor":14,"turns":4},{"damage":31,"enemies":"The Guardian","floor":16,"turns":9},{"damage":0,"enemies":"Chosen","floor":18,"turns":3},{"damage":6,"enemies":"Spheric Guardian","floor":20,"turns":3},{"damage":44,"enemies":"Book of Stabbing","floor":23,"turns":4},{"damage":33,"enemies":"Gremlin Leader","floor":25,"turns":5},{"damage":24,"enemies":"Centurion and Healer","floor":28,"turns":4},{"damage":2,"enemies":"Snecko","floor":29,"turns":4},{"damage":22,"enemies":"Shelled Parasite and Fungi","floor":31,"turns":2},{"damage":9,"enemies":"Champ","floor":33,"turns":7},{"damage":50,"enemies":"3 Darklings","floor":35,"turns":5},{"damage":16,"enemies":"Orb Walker","floor":36,"turns":5},{"damage":33,"enemies":"Giant Head","floor":41,"turns":6},{"damage":19,"enemies":"Reptomancer","floor":44,"turns":5},{"damage":9,"enemies":"4 Shapes","floor":46,"turns":5},{"damage":26,"enemies":"Nemesis","floor":47,"turns":5},{"damage":1,"enemies":"Transient","floor":48,"turns":6},{"damage":44,"enemies":"Awakened One","floor":50,"turns":3}],"seed_played":"6518762580949727982","potions_obtained":[{"floor":3,"key":"FearPotion"},{"floor":11,"key":"SteroidPotion"},{"floor":16,"key":"BloodPotion"},{"floor":25,"key":"Regen Potion"},{"floor":29,"key":"FearPotion"},{"floor":33,"key":"FearPotion"},{"floor":35,"key":"LiquidBronze"},{"floor":46,"key":"Ancient Potion"}],"is_trial":false,"path_per_floor":["M","?","M","$","?","R","E","R","T","$","E","R","M","M","R","B",null,"M","$","M","?","?","E","R","E","T","$","M","M","R","M","R","B",null,"M","M","$","?","?","R","E","R","T","E","T","M","E","M","R","B"],"character_chosen":"IRONCLAD","items_purchased":["Carnage","Inflame","Armaments","Corruption","PreservedInsect","Shockwave","SteroidPotion"],"campfire_rested":4,"item_purchase_floors":[4,4,19,19,27,37,37],"current_hp_per_floor":[70,70,75,75,75,75,46,46,46,46,48,48,54,47,47,22,62,68,68,68,68,68,37,59,35,35,35,26,33,57,41,41,38,70,30,27,27,27,27,52,29,54,54,45,45,46,30,39,39,0],"gold":180,"neow_bonus":"TRANSFORM_CARD","is_prod":false,"is_daily":false,"chose_seed":false,"campfire_upgraded":5,"win_rate":0,"timestamp":1556931835,"path_taken":["M","?","?","?","?","R","E","R","T","$","E","R","M","M","R","BOSS","M","$","M","?","?","E","R","E","T","$","?","M","R","M","R","BOSS","M","?","$","?","?","R","E","R","T","E","?","M","E","?","R","BOSS"],"build_version":"2019-01-23","purchased_purges":1,"victory":false,"max_hp_per_floor":[75,75,75,75,75,75,75,75,75,75,75,75,75,75,75,75,75,75,75,75,75,75,75,75,78,78,78,78,81,81,81,81,81,81,81,84,84,84,84,84,84,84,84,84,84,84,84,84,84,84],"card_choices":[{"not_picked":["Body Slam","Pummel"],"picked":"Armaments","floor":1},{"not_picked":["Perfected Strike","Wild Strike"],"picked":"Headbutt","floor":3},{"not_picked":["Rupture","Burning Pact"],"picked":"Shrug It Off","floor":7},{"not_picked":["Sever Soul","Body Slam","Clash"],"picked":"SKIP","floor":11},{"not_picked":["Battle Trance","Anger"],"picked":"Demon Form","floor":13},{"not_picked":["Evolve","Second Wind"],"picked":"Havoc","floor":14},{"not_picked":["Brutality","Demon Form"],"picked":"Juggernaut","floor":16},{"not_picked":["Flex","Fire Breathing","Perfected Strike"],"picked":"SKIP","floor":18},{"not_picked":["Iron Wave","Clothesline+1"],"picked":"Heavy Blade","floor":20},{"not_picked":["Body Slam","Heavy Blade"],"picked":"Feel No Pain+1","floor":23},{"not_picked":["Demon Form","Searing Blow"],"picked":"Sword Boomerang","floor":25},{"not_picked":["Body Slam+1","Clash+1"],"picked":"Battle Trance+1","floor":28},{"not_picked":["Perfected Strike+1","Thunderclap+1"],"picked":"Whirlwind+1","floor":29},{"not_picked":["Twin Strike+1","Evolve"],"picked":"Shrug It Off","floor":31},{"not_picked":["Limit Break","Feed+1"],"picked":"Barricade","floor":33},{"not_picked":["Uppercut+1","Wild Strike+1"],"picked":"Thunderclap+1","floor":35},{"not_picked":["Heavy Blade+1","Sword Boomerang+1"],"picked":"Shrug It Off","floor":36},{"not_picked":["Perfected Strike+1","Armaments"],"picked":"Feel No Pain","floor":41},{"not_picked":["Perfected Strike+1","Havoc"],"picked":"Ghostly Armor","floor":44},{"not_picked":["Havoc+1","Thunderclap+1"],"picked":"Dark Embrace+1","floor":46},{"not_picked":["True Grit","Clothesline+1"],"picked":"Fiend Fire+1","floor":47},{"not_picked":["Headbutt+1","Metallicize+1"],"picked":"Anger+1","floor":48}],"player_experience":545236,"relics_obtained":[{"floor":7,"key":"Orichalcum"},{"floor":9,"key":"Bronze Scales"},{"floor":11,"key":"Bag of Preparation"},{"floor":23,"key":"Champion Belt"},{"floor":25,"key":"Blue Candle"},{"floor":26,"key":"Molten Egg 2"},{"floor":41,"key":"Frozen Egg 2"},{"floor":43,"key":"Mummified Hand"},{"floor":44,"key":"Turnip"},{"floor":47,"key":"Ancient Tea Set"}],"event_choices":[{"cards_removed":["Strike_R"],"damage_healed":0,"gold_gain":0,"player_choice":"Purged","damage_taken":0,"max_hp_gain":0,"max_hp_loss":0,"event_name":"Purifier","floor":2,"gold_loss":0},{"damage_healed":0,"gold_gain":0,"player_choice":"Leave","damage_taken":0,"max_hp_gain":0,"max_hp_loss":0,"event_name":"The Cleric","floor":5,"gold_loss":0},{"damage_healed":0,"gold_gain":0,"player_choice":"Read","damage_taken":0,"max_hp_gain":0,"max_hp_loss":0,"event_name":"The Library","floor":21,"gold_loss":0,"cards_obtained":["Feed"]},{"damage_healed":0,"gold_gain":0,"player_choice":"Cursed","damage_taken":0,"max_hp_gain":0,"max_hp_loss":0,"event_name":"Wheel of Change","floor":22,"gold_loss":0,"cards_obtained":["Decay"]},{"damage_healed":0,"gold_gain":0,"player_choice":"Ignored","damage_taken":0,"max_hp_gain":0,"max_hp_loss":0,"event_name":"The Moai Head","floor":38,"gold_loss":0},{"cards_removed":["Carnage"],"damage_healed":0,"gold_gain":0,"player_choice":"Removed Attack","damage_taken":0,"max_hp_gain":0,"max_hp_loss":0,"event_name":"Falling","floor":39,"gold_loss":0}],"is_beta":false,"boss_relics":[{"not_picked":["Lizard Tail","Calling Bell"],"picked":"Snecko Eye"},{"not_picked":["Runic Dome","White Beast Statue"],"picked":"Black Blood"}],"items_purged_floors":[10],"is_endless":false,"potions_floor_spawned":[3,11,16,25,29,33,35,44,46],"killed_by":"Awakened One","ascension_level":19}