{"gold_per_floor":[111,21,21,41,41,41,67,78,78,110,122,172,172,192,192,269,269,285,210,225,125,138,138,157,175,199,199,216,216,236,236,236,236],"floor_reached":33,"playtime":1104,"items_purged":["Strike_R","Strike_R"],"score":556,"play_id":"fd0bec84-c365-4336-88f0-885f55cf5495","local_time":"20190201191143","is_ascension_mode":true,"campfire_choices":[{"data":"Rampage","floor":6,"key":"SMITH"},{"floor":13,"key":"REST"},{"data":"Carnage","floor":15,"key":"SMITH"},{"data":"True Grit","floor":23,"key":"SMITH"},{"floor":27,"key":"REST"},{"floor":29,"key":"REST"},{"floor":32,"key":"REST"}],"neow_cost":"NONE","seed_source_timestamp":535847200317502,"circlet_count":0,"master_deck":["AscendersBane","Strike_R","Strike_R","Strike_R","Defend_R","Defend_R","Defend_R","Defend_R","Twin Strike","Rampage+1","Anger","Headbutt","Battle Trance","Carnage+1","True Grit+1","Metallicize+1"],"relics":["Burning Blood","Kunai","Dodecahedron","Oddly Smooth Stone","Sozu","PreservedInsect"],"potions_floor_usage":[10,16,22],"damage_taken":[{"damage":6,"enemies":"Cultist","floor":1,"turns":4},{"damage":7,"enemies":"Jaw Worm","floor":4,"turns":3},{"damage":24,"enemies":"Gremlin Nob","floor":7,"turns":4},{"damage":5,"enemies":"2 Louse","floor":8,"turns":3},{"damage":14,"enemies":"3 Sentries","floor":10,"turns":7},{"damage":14,"enemies":"Lots of Slimes","floor":11,"turns":5},{"damage":8,"enemies":"Red Slaver","floor":14,"turns":3},{"damage":0,"enemies":"Slime Boss","floor":16,"turns":6},{"damage":3,"enemies":"Spheric Guardian","floor":18,"turns":3},{"damage":16,"enemies":"Shell Parasite","floor":20,"turns":4},{"damage":0,"enemies":"Cultist and Chosen","floor":22,"turns":4},{"damage":37,"enemies":"Shelled Parasite and Fungi","floor":24,"turns":7},{"damage":34,"enemies":"Centurion and Healer","floor":25,"turns":8},{"damage":32,"enemies":"Snake Plant","floor":28,"turns":7},{"damage":9,"enemies":"3 Cultists","floor":30,"turns":5},{"damage":72,"enemies":"Automaton","floor":33,"turns":6}],"seed_played":"8378319210147363231","potions_obtained":[{"floor":1,"key":"SkillPotion"},{"floor":10,"key":"SkillPotion"},{"floor":11,"key":"FearPotion"}],"is_trial":false,"path_per_floor":["M","$","$","M","T","R","E","M","T","E","M","?","R","M","R","B",null,"M","$","M","$","M","R","M","M","T","R","M","R","M","?","R","B"],"character_chosen":"IRONCLAD","items_purchased":["Rampage","Anger"],"campfire_rested":4,"item_purchase_floors":[2,2],"current_hp_per_floor":[68,68,68,67,67,67,49,50,50,42,34,34,56,54,54,60,71,74,74,64,64,70,70,39,11,11,33,7,29,26,41,63,0],"gold":236,"neow_bonus":"REMOVE_CARD","is_prod":false,"is_daily":false,"chose_seed":false,"campfire_upgraded":3,"win_rate":0,"timestamp":1549048303,"path_taken":["M","?","$","M","?","R","E","M","T","E","M","?","R","?","R","BOSS","M","$","M","$","M","R","M","M","T","R","M","R","M","?","R","BOSS"],"build_version":"2019-01-23","purchased_purges":2,"victory":false,"max_hp_per_floor":[75,75,75,75,75,75,75,75,75,75,75,75,75,75,75,75,75,75,75,75,75,75,75,75,75,75,75,75,75,75,75,75,75],"card_choices":[{"not_picked":["Dual Wield","Warcry"],"picked":"Twin Strike","floor":1},{"not_picked":["Infernal Blade","Clothesline"],"picked":"Headbutt","floor":4},{"not_picked":["Havoc","Clothesline","Sword Boomerang"],"picked":"SKIP","floor":7},{"not_picked":["Anger","Burning Pact"],"picked":"Battle Trance","floor":8},{"not_picked":["Sword Boomerang","Rupture","Juggernaut"],"picked":"SKIP","floor":10},{"not_picked":["Wild Strike","Sword Boomerang","Cleave"],"picked":"SKIP","floor":11},{"not_picked":["Blood for Blood","Carnage","Clothesline"],"picked":"SKIP","floor":14},{"not_picked":["Blood for Blood","Clothesline"],"picked":"Carnage","floor":14},{"not_picked":["Twin Strike","Disarm","Clash+1"],"picked":"SKIP","floor":18},{"not_picked":["Wild Strike","Power Through"],"picked":"True Grit","floor":20},{"not_picked":["Cleave","Clothesline","Feel No Pain"],"picked":"SKIP","floor":22},{"not_picked":["Iron Wave","Clash"],"picked":"Metallicize+1","floor":24},{"not_picked":["Rupture","Evolve","Thunderclap"],"picked":"SKIP","floor":25},{"not_picked":["Inflame","Cleave","Reaper"],"picked":"SKIP","floor":28},{"not_picked":["Whirlwind","Evolve","Warcry"],"picked":"SKIP","floor":30}],"player_experience":176556,"relics_obtained":[{"floor":7,"key":"Kunai"},{"floor":9,"key":"Dodecahedron"},{"floor":10,"key":"Oddly Smooth Stone"},{"floor":26,"key":"PreservedInsect"}],"event_choices":[{"damage_healed":0,"gold_gain":50,"player_choice":"Pray","damage_taken":0,"max_hp_gain":0,"max_hp_loss":0,"event_name":"Golden Shrine","floor":12,"gold_loss":0},{"damage_healed":15,"gold_gain":0,"player_choice":"Heal","damage_taken":0,"max_hp_gain":0,"max_hp_loss":0,"event_name":"The Library","floor":31,"gold_loss":0}],"is_beta":false,"boss_relics":[{"not_picked":["Tiny House","Runic Cube"],"picked":"Sozu"}],"items_purged_floors":[19,21],"is_endless":false,"potions_floor_spawned":[1,10,11,14,20,22,28],"killed_by":"Automaton","ascension_level":16}