{"gold_per_floor":[113,129,147,147,17,43,43,60,85,112,112,142,157,432,432,432],"floor_reached":16,"playtime":633,"items_purged":["Strike_R"],"score":222,"play_id":"ae54cbc9-3d5d-45dc-b35e-fb1daa4b5bb8","local_time":"20190428124052","is_ascension_mode":true,"campfire_choices":[{"data":"Juggernaut","floor":7,"key":"SMITH"},{"data":"Whirlwind","floor":15,"key":"SMITH"}],"neow_cost":"CURSE","seed_source_timestamp":91922589299274,"circlet_count":0,"master_deck":["AscendersBane","Strike_R+1","Strike_R","Strike_R","Strike_R+1","Defend_R","Defend_R","Defend_R","Defend_R","Bash+1","Juggernaut+1","Cleave","Shrug It Off","True Grit","Shrug It Off","Blood for Blood","Anger","Whirlwind+1","Regret"],"relics":["Burning Blood","PreservedInsect","Happy Flower","Bag of Preparation","Whetstone"],"potions_floor_usage":[6,12],"damage_taken":[{"damage":10,"enemies":"2 Louse","floor":1,"turns":2},{"damage":1,"enemies":"Cultist","floor":2,"turns":3},{"damage":7,"enemies":"Jaw Worm","floor":3,"turns":4},{"damage":30,"enemies":"Gremlin Nob","floor":6,"turns":4},{"damage":8,"enemies":"Blue Slaver","floor":8,"turns":4},{"damage":15,"enemies":"Lagavulin","floor":10,"turns":7},{"damage":5,"enemies":"3 Sentries","floor":12,"turns":5},{"damage":10,"enemies":"Gremlin Gang","floor":13,"turns":2},{"damage":34,"enemies":"Slime Boss","floor":16,"turns":5}],"seed_played":"-1563046027968742818","potions_obtained":[{"floor":2,"key":"Energy Potion"},{"floor":6,"key":"Swift Potion"}],"is_trial":false,"path_per_floor":["M","M","M","?","$","E","R","M","T","E","?","E","M","?","R","B"],"character_chosen":"IRONCLAD","items_purchased":["PowerPotion"],"campfire_rested":0,"item_purchase_floors":[5],"current_hp_per_floor":[64,69,68,68,68,44,44,42,42,33,33,34,30,30,30,0],"gold":432,"neow_bonus":"THREE_RARE_CARDS","is_prod":false,"is_daily":false,"chose_seed":false,"campfire_upgraded":2,"win_rate":0,"timestamp":1556480452,"path_taken":["M","M","M","?","?","E","R","M","T","E","?","E","?","?","R","BOSS"],"build_version":"2019-01-23","purchased_purges":1,"victory":false,"max_hp_per_floor":[75,75,75,75,75,75,75,75,75,75,75,75,75,75,75,75],"card_choices":[{"not_picked":["Bludgeon","Double Tap"],"picked":"Juggernaut","floor":0},{"not_picked":["Rampage","Wild Strike"],"picked":"Cleave","floor":1},{"not_picked":["Wild Strike","Evolve"],"picked":"Shrug It Off","floor":2},{"not_picked":["Havoc","Sword Boomerang"],"picked":"True Grit","floor":3},{"not_picked":["Hemokinesis","Armaments"],"picked":"Shrug It Off","floor":6},{"not_picked":["Sentinel","Rage"],"picked":"Blood for Blood","floor":8},{"not_picked":["Headbutt","Double Tap"],"picked":"Anger","floor":10},{"not_picked":["Carnage","Perfected Strike"],"picked":"Whirlwind","floor":12},{"not_picked":["Perfected Strike","Sword Boomerang","Rampage"],"picked":"SKIP","floor":13}],"player_experience":495137,"relics_obtained":[{"floor":6,"key":"PreservedInsect"},{"floor":9,"key":"Happy Flower"},{"floor":10,"key":"Bag of Preparation"},{"floor":12,"key":"Whetstone"}],"event_choices":[{"cards_removed":["Clumsy"],"damage_healed":0,"gold_gain":0,"player_choice":"Removed Curses","damage_taken":0,"max_hp_gain":0,"max_hp_loss":0,"event_name":"Fountain of Cleansing","floor":4,"gold_loss":0},{"damage_healed":0,"gold_gain":0,"player_choice":"Grow","damage_taken":0,"max_hp_gain":0,"max_hp_loss":0,"event_name":"Living Wall","floor":11,"gold_loss":0,"cards_upgraded":["Bash"]},{"damage_healed":0,"gold_gain":275,"player_choice":"Desecrate","damage_taken":0,"max_hp_gain":0,"max_hp_loss":0,"event_name":"Golden Shrine","floor":14,"gold_loss":0,"cards_obtained":["Regret"]}],"is_beta":false,"boss_relics":[],"items_purged_floors":[5],"is_endless":false,"potions_floor_spawned":[2,6,8],"killed_by":"Slime Boss","ascension_level":17}