{"gold_per_floor":[111,43,318,7,22,22,52,127,127,142,142,160,160,187,187,289,289,289,289,38,38,38,38,38,38,38,38,38,38,38,38,38,38,38,38,38,38,38,38,38,38,38,38,38,38,38,38,38,38,38],"floor_reached":51,"playtime":5187,"items_purged":["Regret","Strike_B"],"score":787,"play_id":"2e6b369c-7d41-458a-b285-bcf946e774a2","local_time":"20190220202752","is_ascension_mode":true,"campfire_choices":[{"data":"Defragment","floor":6,"key":"SMITH"},{"data":"Loop","floor":11,"key":"SMITH"},{"data":"Bandage Up","floor":13,"key":"SMITH"},{"data":"Core Surge","floor":15,"key":"SMITH"},{"floor":24,"key":"REST"},{"data":"Go for the Eyes","floor":27,"key":"SMITH"},{"floor":30,"key":"REST"},{"data":"Zap","floor":32,"key":"SMITH"},{"data":"Biased Cognition","floor":40,"key":"SMITH"},{"data":"Coolheaded","floor":44,"key":"SMITH"},{"floor":49,"key":"REST"}],"neow_cost":"NONE","seed_source_timestamp":441087265525487,"circlet_count":0,"master_deck":["Defend_B+1","Defend_B+1","Zap+1","Dualcast+1","Core Surge+1","Coolheaded+1","Leap+1","Barrage+1","Defragment+1","Consume+1","Bandage Up+1","Loop+1","Go for the Eyes+1","Coolheaded+1","Biased Cognition+1","Creative AI+1","Tempest+1","Conserve Battery+1","Beam Cell+1","Cold Snap+1","Glacier+1","Electrodynamics+1","Heatsinks+1","BootSequence+1","Darkness+1","Ball Lightning+1","Redo+1","Compile Driver+1","Coolheaded+1","Static Discharge+1","Hologram+1"],"relics":["Cracked Core","Thread and Needle","Happy Flower","Bottled Flame","Ectoplasm","Blood Vial","Pear","Gremlin Horn","Astrolabe","Kunai","Shuriken","Regal Pillow","Mark of the Bloom"],"potions_floor_usage":[7,22,29,33,42,50,50,50],"damage_taken":[{"damage":0,"enemies":"Cultist","floor":1,"turns":3},{"damage":4,"enemies":"Jaw Worm","floor":5,"turns":4},{"damage":1,"enemies":"Gremlin Nob","floor":7,"turns":4},{"damage":1,"enemies":"2 Louse","floor":10,"turns":3},{"damage":0,"enemies":"2 Fungi Beasts","floor":12,"turns":3},{"damage":0,"enemies":"Lagavulin","floor":14,"turns":7},{"damage":14,"enemies":"The Guardian","floor":16,"turns":11},{"damage":0,"enemies":"Spheric Guardian","floor":18,"turns":5},{"damage":0,"enemies":"3 Byrds","floor":22,"turns":4},{"damage":73,"enemies":"Slavers","floor":23,"turns":4},{"damage":25,"enemies":"Snake Plant","floor":28,"turns":5},{"damage":9,"enemies":"3 Cultists","floor":29,"turns":5},{"damage":8,"enemies":"Champ","floor":33,"turns":12},{"damage":0,"enemies":"3 Shapes","floor":35,"turns":4},{"damage":19,"enemies":"3 Darklings","floor":37,"turns":4},{"damage":28,"enemies":"Jaw Worm Horde","floor":39,"turns":5},{"damage":0,"enemies":"Maw","floor":42,"turns":7},{"damage":0,"enemies":"Reptomancer","floor":45,"turns":6},{"damage":0,"enemies":"4 Shapes","floor":48,"turns":4},{"damage":20,"enemies":"Time Eater","floor":50,"turns":11}],"seed_played":"-880750035315780337","potions_obtained":[{"floor":5,"key":"EssenceOfSteel"},{"floor":12,"key":"SkillPotion"},{"floor":14,"key":"Ancient Potion"},{"floor":18,"key":"Explosive Potion"},{"floor":22,"key":"SteroidPotion"},{"floor":29,"key":"FocusPotion"},{"floor":35,"key":"Regen Potion"},{"floor":37,"key":"Strength Potion"},{"floor":42,"key":"SteroidPotion"}],"is_trial":false,"path_per_floor":["$","?","M","?","?","?","?","M","?","?","M","?","T","M","?","$","M"],"character_chosen":"DEFECT","items_purchased":["Leap","Barrage","Defragment","Consume","Bandage Up","Blood Vial"],"campfire_rested":3,"item_purchase_floors":[2,2,4,4,4,20],"current_hp_per_floor":[75,75,75,75,75,75,74,63,63,66,66,70,70,75,75,67,75,75,75,75,75,75,18,43,43,43,43,26,25,50,50,50,50,85,85,85,66,66,46,46,46,69,69,69,77,77,77,77,77,57],"gold":38,"neow_bonus":"TRANSFORM_CARD","is_prod":false,"is_daily":false,"chose_seed":false,"campfire_upgraded":8,"win_rate":0,"timestamp":1550719672,"path_taken":["M","?","?","$","?","R","E","?","T","M","R","M","R","E","R","BOSS","M","?","$","?","M","E","R","?","T","R","?","M","R","?","R","BOSS","M","?","?","?","M","R","?","?","T","R","E","?","?","?","R","BOSS"],"build_version":"2019-01-23","purchased_purges":2,"victory":true,"max_hp_per_floor":[75,75,75,75,75,75,75,75,75,75,75,75,75,75,75,75,75,75,75,75,75,75,85,85,85,85,85,85,85,85,85,85,85,85,85,85,85,85,85,85,85,85,85,85,85,85,85,85,85,85],"card_choices":[{"not_picked":["Gash","Compile Driver"],"picked":"Coolheaded","floor":1},{"not_picked":["Gash","Rebound","Blizzard"],"picked":"SKIP","floor":5},{"not_picked":["Reinforced Body","Auto Shields"],"picked":"Loop","floor":7},{"not_picked":["Consume","Reprogram"],"picked":"Go for the Eyes","floor":10},{"not_picked":["Defragment","Skim"],"picked":"Coolheaded","floor":12},{"not_picked":["Beam Cell","Ball Lightning"],"picked":"Biased Cognition","floor":14},{"not_picked":["Core Surge","Rainbow"],"picked":"Creative AI","floor":16},{"not_picked":["Rip and Tear","Genetic Algorithm"],"picked":"Tempest+1","floor":18},{"not_picked":["Genetic Algorithm","Go for the Eyes","Consume"],"picked":"SKIP","floor":22},{"not_picked":["Barrage","Leap+1"],"picked":"Conserve Battery+1","floor":23},{"not_picked":["Stack","Conserve Battery"],"picked":"Beam Cell+1","floor":28},{"not_picked":["Force Field","Coolheaded"],"picked":"Cold Snap+1","floor":29},{"not_picked":["Fission","Meteor Strike"],"picked":"Electrodynamics","floor":33},{"not_picked":["Chaos","Blizzard+1"],"picked":"Ball Lightning+1","floor":35},{"not_picked":["Tempest+1","Coolheaded"],"picked":"Redo","floor":37},{"not_picked":["Sweeping Beam","Hyperbeam"],"picked":"Compile Driver","floor":39},{"not_picked":["Gash+1","Conserve Battery+1"],"picked":"Coolheaded","floor":42},{"not_picked":["Chaos","Fusion"],"picked":"Static Discharge+1","floor":45},{"not_picked":["Recycle+1","Scrape+1"],"picked":"Hologram+1","floor":48}],"player_experience":52036,"relics_obtained":[{"floor":7,"key":"Thread and Needle"},{"floor":9,"key":"Happy Flower"},{"floor":14,"key":"Bottled Flame"},{"floor":23,"key":"Pear"},{"floor":26,"key":"Gremlin Horn"},{"floor":41,"key":"Kunai"},{"floor":43,"key":"Shuriken"},{"floor":45,"key":"Regal Pillow"}],"event_choices":[{"damage_healed":0,"gold_gain":275,"player_choice":"Desecrate","damage_taken":0,"max_hp_gain":0,"max_hp_loss":0,"event_name":"Golden Shrine","floor":3,"gold_loss":0,"cards_obtained":["Regret"]},{"damage_healed":0,"gold_gain":75,"player_choice":"Gather Gold","damage_taken":11,"max_hp_gain":0,"max_hp_loss":0,"event_name":"World of Goop","floor":8,"gold_loss":0},{"damage_healed":0,"gold_gain":99,"player_choice":"Stole From Cult","damage_taken":0,"max_hp_gain":0,"max_hp_loss":0,"event_name":"Nest","floor":19,"gold_loss":0},{"damage_healed":0,"gold_gain":0,"player_choice":"Ignored","damage_taken":0,"max_hp_gain":0,"max_hp_loss":0,"event_name":"Beggar","floor":21,"gold_loss":0},{"damage_healed":0,"gold_gain":0,"player_choice":"Ignored","damage_taken":0,"max_hp_gain":0,"max_hp_loss":0,"event_name":"N\u0027loth","floor":25,"gold_loss":0},{"damage_healed":0,"gold_gain":0,"player_choice":"Read","damage_taken":0,"max_hp_gain":0,"max_hp_loss":0,"event_name":"The Library","floor":31,"gold_loss":0,"cards_obtained":["Glacier"]},{"damage_healed":0,"gold_gain":100,"player_choice":"Pray","damage_taken":0,"max_hp_gain":0,"max_hp_loss":0,"event_name":"Golden Shrine","floor":36,"gold_loss":0},{"cards_removed":["Defend_B"],"damage_healed":0,"gold_gain":0,"player_choice":"Removed Skill","damage_taken":0,"max_hp_gain":0,"max_hp_loss":0,"event_name":"Falling","floor":38,"gold_loss":0},{"damage_healed":0,"gold_gain":0,"player_choice":"Upgrade","damage_taken":0,"relics_obtained":["Mark of the Bloom"],"max_hp_gain":0,"max_hp_loss":0,"event_name":"MindBloom","floor":46,"gold_loss":0,"cards_upgraded":["Defend_B","Defend_B","Dualcast","Coolheaded","Leap","Barrage","Consume","Coolheaded","Creative AI","Glacier","Electrodynamics","Redo","Compile Driver"]}],"is_beta":false,"boss_relics":[{"not_picked":["Runic Pyramid","Tiny House"],"picked":"Ectoplasm"},{"not_picked":["Orrery","Lizard Tail"],"picked":"Astrolabe"}],"items_purged_floors":[4,20],"is_endless":false,"potions_floor_spawned":[5,12,14,18,22,29,35,37,42],"ascension_level":1}