{"gold_per_floor":[109,34,49,69,69,94,55,55,55,55,55],"floor_reached":11,"playtime":326,"items_purged":["Normality"],"score":82,"play_id":"79736c60-b025-4cdf-8a6a-835396bfb36e","local_time":"20190417144100","is_ascension_mode":true,"campfire_choices":[{"data":"Zap","floor":10,"key":"SMITH"}],"neow_cost":"NONE","seed_source_timestamp":663616011052600,"circlet_count":0,"master_deck":["Strike_B","Strike_B","Strike_B","Strike_B","Defend_B","Defend_B","Defend_B","Defend_B","Zap+1","Dualcast","Regret","Gash","Go for the Eyes","Hologram","Auto Shields"],"relics":["Calling Bell","PreservedInsect","Cables","Gambling Chip","Sundial","Mercury Hourglass"],"potions_floor_usage":[6],"damage_taken":[{"damage":3,"enemies":"Small Slimes","floor":1,"turns":2},{"damage":6,"enemies":"2 Louse","floor":3,"turns":3},{"damage":0,"enemies":"Jaw Worm","floor":4,"turns":3},{"damage":54,"enemies":"3 Sentries","floor":6,"turns":10},{"damage":15,"enemies":"Large Slime","floor":11,"turns":3}],"seed_played":"-6737178236968884613","potions_obtained":[{"floor":4,"key":"Poison Potion"}],"is_trial":false,"path_per_floor":["M","$","M","M","?","E","?","?","T","R","M"],"character_chosen":"DEFECT","items_purchased":[],"campfire_rested":0,"item_purchase_floors":[],"current_hp_per_floor":[72,72,66,66,59,5,5,5,5,5,0],"gold":55,"neow_bonus":"BOSS_RELIC","is_prod":false,"is_daily":false,"chose_seed":false,"campfire_upgraded":1,"win_rate":0,"timestamp":1555504860,"path_taken":["M","$","M","M","?","E","?","?","T","R","M"],"build_version":"2019-01-23","purchased_purges":1,"victory":false,"max_hp_per_floor":[75,75,75,75,75,75,75,75,75,75,75],"card_choices":[{"not_picked":["Ball Lightning","Streamline"],"picked":"Gash","floor":1},{"not_picked":["Compile Driver","Ball Lightning"],"picked":"Go for the Eyes","floor":3},{"not_picked":["Conserve Battery","Ball Lightning"],"picked":"Hologram","floor":4},{"not_picked":["Fission","Skim"],"picked":"Auto Shields","floor":6}],"player_experience":546844,"relics_obtained":[{"floor":0,"key":"PreservedInsect"},{"floor":0,"key":"Cables"},{"floor":0,"key":"Gambling Chip"},{"floor":6,"key":"Sundial"},{"floor":9,"key":"Mercury Hourglass"}],"event_choices":[{"cards_removed":["Pain"],"damage_healed":0,"gold_gain":0,"player_choice":"Card Removal","damage_taken":7,"max_hp_gain":0,"max_hp_loss":0,"event_name":"Golden Wing","floor":5,"gold_loss":0},{"damage_healed":0,"gold_gain":0,"player_choice":"Left Gold","damage_taken":0,"max_hp_gain":0,"max_hp_loss":0,"event_name":"World of Goop","floor":7,"gold_loss":39},{"damage_healed":0,"gold_gain":0,"player_choice":"Fled","damage_taken":0,"max_hp_gain":0,"max_hp_loss":0,"event_name":"Scrap Ooze","floor":8,"gold_loss":0}],"is_beta":false,"boss_relics":[],"items_purged_floors":[2],"is_endless":false,"potions_floor_spawned":[4],"killed_by":"Large Slime","ascension_level":3}