{"gold_per_floor":[112,32,32,49,65,99,99,119,143,143,143,93,125,144,144,240,240,255,269,38,52,52,52,52,84,138,138,3,14,28,42,42,146,146,162,185,185,204,104,104,104,117,117,117,132,62,82,93,93,93],"floor_reached":51,"playtime":3604,"items_purged":["Strike_R","Shame"],"score":912,"play_id":"f0dcde16-f165-4e9a-9f94-09c195011a80","local_time":"20190506161349","is_ascension_mode":true,"campfire_choices":[{"floor":7,"key":"REST"},{"data":"Uppercut","floor":10,"key":"SMITH"},{"floor":15,"key":"REST"},{"floor":23,"key":"REST"},{"data":"Defend_R","floor":27,"key":"SMITH"},{"floor":32,"key":"REST"},{"floor":40,"key":"REST"},{"data":"Offering","floor":44,"key":"SMITH"},{"floor":49,"key":"REST"}],"neow_cost":"PERCENT_DAMAGE","seed_source_timestamp":139482190914400,"circlet_count":0,"master_deck":["Defend_R+1","Defend_R+1","Defend_R","Defend_R","Bash","Cleave","Rampage","Uppercut+1","Metallicize+1","Carnage","Immolate","Iron Wave+1","Burning Pact+1","Warcry+1","Flame Barrier","Shrug It Off","Offering+1","Heavy Blade+1","Metallicize+1","Disarm+1","Spot Weakness","Anger+1"],"relics":["Burning Blood","WarpedTongs","Vajra","Red Skull","Regal Pillow","Empty Cage","Blood Vial","Centennial Puzzle","Tiny Chest","Cursed Key","Pen Nib"],"potions_floor_usage":[6,16,21,25,31,31,33,50,50,50],"damage_taken":[{"damage":8,"enemies":"Small Slimes","floor":1,"turns":4},{"damage":4,"enemies":"Cultist","floor":4,"turns":3},{"damage":10,"enemies":"Jaw Worm","floor":5,"turns":4},{"damage":27,"enemies":"Gremlin Nob","floor":6,"turns":4},{"damage":5,"enemies":"Large Slime","floor":8,"turns":5},{"damage":18,"enemies":"3 Sentries","floor":13,"turns":5},{"damage":0,"enemies":"3 Louse","floor":14,"turns":1},{"damage":26,"enemies":"Slime Boss","floor":16,"turns":8},{"damage":11,"enemies":"Spheric Guardian","floor":18,"turns":3},{"damage":20,"enemies":"Shell Parasite","floor":19,"turns":4},{"damage":28,"enemies":"Cultist and Chosen","floor":21,"turns":6},{"damage":31,"enemies":"Slavers","floor":25,"turns":5},{"damage":0,"enemies":"Snecko","floor":29,"turns":4},{"damage":32,"enemies":"Sentry and Sphere","floor":30,"turns":6},{"damage":8,"enemies":"Snake Plant","floor":31,"turns":3},{"damage":71,"enemies":"Collector","floor":33,"turns":10},{"damage":12,"enemies":"Orb Walker","floor":35,"turns":2},{"damage":28,"enemies":"3 Shapes","floor":38,"turns":5},{"damage":9,"enemies":"Transient","floor":42,"turns":5},{"damage":15,"enemies":"4 Shapes","floor":45,"turns":3},{"damage":29,"enemies":"Maw","floor":47,"turns":7},{"damage":24,"enemies":"3 Darklings","floor":48,"turns":5},{"damage":71,"enemies":"Time Eater","floor":50,"turns":14}],"seed_played":"-6320171610815238359","potions_obtained":[{"floor":1,"key":"Swift Potion"},{"floor":5,"key":"Weak Potion"},{"floor":8,"key":"Swift Potion"},{"floor":14,"key":"Block Potion"},{"floor":19,"key":"Regen Potion"},{"floor":21,"key":"Fire Potion"},{"floor":31,"key":"LiquidBronze"},{"floor":33,"key":"Block Potion"},{"floor":35,"key":"Dexterity Potion"}],"is_trial":false,"path_per_floor":["?","M","?","?","?","?","M","T","?","M"],"character_chosen":"IRONCLAD","items_purchased":["Rampage","Blood Vial","Flame Barrier","Shrug It Off","Poison Potion","Spot Weakness"],"campfire_rested":6,"item_purchase_floors":[2,20,28,28,28,46],"current_hp_per_floor":[49,49,49,51,47,26,50,51,51,51,35,35,23,29,68,48,72,67,53,53,48,33,73,73,50,50,50,50,58,34,34,74,11,67,63,63,63,43,43,83,83,82,82,82,75,75,54,38,78,15],"gold":93,"neow_bonus":"REMOVE_TWO","is_prod":false,"is_daily":false,"chose_seed":false,"campfire_upgraded":3,"win_rate":0,"timestamp":1557180829,"path_taken":["M","$","?","M","M","E","R","?","T","R","?","?","E","M","R","BOSS","M","M","$","M","?","R","?","E","T","R","$","M","M","?","R","BOSS","M","?","?","?","$","R","$","M","T","R","M","$","M","M","R","BOSS"],"build_version":"2019-01-23","purchased_purges":2,"victory":true,"max_hp_per_floor":[80,80,80,80,80,80,80,80,80,80,80,80,80,80,80,80,80,80,80,80,80,85,85,85,85,85,85,85,85,85,85,85,85,85,85,85,85,85,85,85,85,85,85,85,85,85,85,85,85,85],"card_choices":[{"not_picked":["Intimidate","Corruption"],"picked":"Cleave","floor":1},{"not_picked":["Fire Breathing","Combust","Heavy Blade"],"picked":"SKIP","floor":4},{"not_picked":["Wild Strike","Flex"],"picked":"Uppercut","floor":5},{"not_picked":["Reckless Charge","Cleave"],"picked":"Metallicize","floor":6},{"not_picked":["Pommel Strike","Cleave"],"picked":"Carnage","floor":8},{"not_picked":["Power Through","Clash","Heavy Blade"],"picked":"SKIP","floor":13},{"not_picked":["Headbutt","Uppercut","Rampage"],"picked":"SKIP","floor":14},{"not_picked":["Barricade","Reaper"],"picked":"Immolate","floor":16},{"not_picked":["Sword Boomerang","Cleave"],"picked":"Iron Wave+1","floor":18},{"not_picked":["Reckless Charge","Uppercut"],"picked":"Burning Pact+1","floor":19},{"not_picked":["Sword Boomerang+1","Wild Strike+1"],"picked":"Warcry+1","floor":21},{"not_picked":["Uppercut","Armaments","Clothesline"],"picked":"SKIP","floor":25},{"not_picked":["True Grit","Thunderclap+1","Clothesline"],"picked":"SKIP","floor":29},{"not_picked":["Exhume","Searing Blow","Body Slam"],"picked":"SKIP","floor":30},{"not_picked":["Carnage+1","Dropkick","Warcry+1"],"picked":"SKIP","floor":31},{"not_picked":["Dark Embrace","Double Tap"],"picked":"Offering","floor":33},{"not_picked":["Sword Boomerang","Dual Wield"],"picked":"Heavy Blade+1","floor":35},{"not_picked":["Blood for Blood","Heavy Blade","Thunderclap+1"],"picked":"SKIP","floor":38},{"not_picked":["Havoc","Wild Strike","Sword Boomerang+1"],"picked":"SKIP","floor":42},{"not_picked":["Heavy Blade+1","Anger+1"],"picked":"Disarm+1","floor":45},{"not_picked":["Armaments+1","Combust+1","Sever Soul+1"],"picked":"SKIP","floor":47},{"not_picked":["Havoc+1","Rupture"],"picked":"Anger+1","floor":48}],"player_experience":689043,"relics_obtained":[{"floor":6,"key":"Vajra"},{"floor":9,"key":"Red Skull"},{"floor":13,"key":"Regal Pillow"},{"floor":25,"key":"Centennial Puzzle"},{"floor":26,"key":"Tiny Chest"},{"floor":36,"key":"Pen Nib"}],"event_choices":[{"damage_healed":0,"gold_gain":0,"player_choice":"Rummage","damage_taken":0,"relics_obtained":["WarpedTongs"],"max_hp_gain":0,"max_hp_loss":0,"event_name":"Accursed Blacksmith","floor":3,"gold_loss":0,"cards_obtained":["Pain"]},{"damage_healed":0,"gold_gain":0,"player_choice":"Entered Light","damage_taken":16,"max_hp_gain":0,"max_hp_loss":0,"event_name":"Shining Light","floor":11,"gold_loss":0,"cards_upgraded":["Metallicize","Defend_R"]},{"cards_removed":["Strike_R"],"damage_healed":0,"gold_gain":0,"player_choice":"Card Removal","damage_taken":0,"max_hp_gain":0,"max_hp_loss":0,"event_name":"The Cleric","floor":12,"gold_loss":50},{"damage_healed":0,"gold_gain":0,"player_choice":"Shed Blood","damage_taken":20,"max_hp_gain":5,"max_hp_loss":0,"event_name":"Forgotten Altar","floor":22,"gold_loss":0},{"damage_healed":0,"gold_gain":0,"player_choice":"Ignored","damage_taken":0,"max_hp_gain":0,"max_hp_loss":0,"event_name":"N\u0027loth","floor":24,"gold_loss":0},{"damage_healed":0,"gold_gain":0,"player_choice":"Copied","damage_taken":0,"max_hp_gain":0,"max_hp_loss":0,"event_name":"Duplicator","floor":37,"gold_loss":0,"cards_obtained":["Metallicize"]}],"is_beta":false,"boss_relics":[{"not_picked":["Orrery","Snecko Eye"],"picked":"Empty Cage"},{"not_picked":["Mark of Pain","Runic Cube"],"picked":"Cursed Key"}],"items_purged_floors":[20,39],"is_endless":false,"potions_floor_spawned":[1,5,8,14,19,21,31,33,35,42,48],"ascension_level":9}