{"gold_per_floor":[114,129,144,159,9,9,24,24,74,93,112,131,169,169,169,294,294,313,63,82,101,120,120,139,139,139,158,83,8,8,8,8,133,133,152,252,271,171,171,171,171,190,190,209,84,84,84,84],"floor_reached":48,"playtime":1876,"items_purged":["Creative AI","Capacitor+1","Recycle+1"],"score":486,"play_id":"008c0543-1c2a-4ffe-ad2a-12dfbacc3a52","local_time":"20181214114407","daily_mods":["Specialized","Blue Cards","Binary"],"is_ascension_mode":false,"campfire_choices":[{"data":"Dagger Throw","floor":6,"key":"SMITH"},{"data":"Finisher","floor":15,"key":"SMITH"},{"data":"Machine Learning","floor":23,"key":"SMITH"},{"data":"FTL","floor":25,"key":"SMITH"},{"data":"FTL","floor":32,"key":"SMITH"},{"data":"FTL","floor":40,"key":"SMITH"}],"neow_cost":"","seed_source_timestamp":0,"circlet_count":0,"master_deck":["Neutralize","FTL+1","FTL+1","FTL","FTL","FTL+1","Backstab","Dagger Throw+1","Quick Slash","Leap","Finisher+1","Unload","Leap","Machine Learning","Machine Learning+1","Undo","Slice","Well Laid Plans+1"],"special_seed":17879,"relics":["Ring of the Snake","Pen Nib","Golden Idol","Juzu Bracelet","Ornamental Fan","Pandora\u0027s Box","Dodecahedron","Bottled Lightning","Astrolabe","Molten Egg 2"],"potions_floor_usage":[10,10,13,13,13,13,13,21,22,44],"damage_taken":[{"damage":0,"enemies":"Jaw Worm","floor":1,"turns":2},{"damage":0,"enemies":"2 Louse","floor":2,"turns":2},{"damage":0,"enemies":"Small Slimes","floor":3,"turns":2},{"damage":0,"enemies":"Exordium Wildlife","floor":4,"turns":3},{"damage":4,"enemies":"Blue Slaver","floor":7,"turns":2},{"damage":0,"enemies":"Exordium Thugs","floor":10,"turns":2},{"damage":0,"enemies":"Red Slaver","floor":11,"turns":1},{"damage":0,"enemies":"2 Fungi Beasts","floor":12,"turns":2},{"damage":0,"enemies":"Lagavulin","floor":13,"turns":2},{"damage":5,"enemies":"Slime Boss","floor":16,"turns":6},{"damage":0,"enemies":"Shell Parasite","floor":18,"turns":1},{"damage":0,"enemies":"Spheric Guardian","floor":20,"turns":2},{"damage":0,"enemies":"Snake Plant","floor":21,"turns":2},{"damage":0,"enemies":"Snecko","floor":22,"turns":3},{"damage":0,"enemies":"Centurion and Healer","floor":24,"turns":3},{"damage":0,"enemies":"Cultist and Chosen","floor":27,"turns":3},{"damage":15,"enemies":"Collector","floor":33,"turns":6},{"damage":16,"enemies":"3 Shapes","floor":35,"turns":3},{"damage":13,"enemies":"3 Darklings","floor":37,"turns":3},{"damage":0,"enemies":"Transient","floor":42,"turns":5},{"damage":8,"enemies":"Maw","floor":44,"turns":5},{"damage":27,"enemies":"4 Shapes","floor":48,"turns":3}],"seed_played":"7066479884304422075","potions_obtained":[{"floor":2,"key":"Dexterity Potion"},{"floor":4,"key":"FearPotion"},{"floor":7,"key":"Energy Potion"},{"floor":11,"key":"EntropicBrew"},{"floor":18,"key":"SpeedPotion"},{"floor":21,"key":"SteroidPotion"},{"floor":33,"key":"Ancient Potion"},{"floor":37,"key":"Energy Potion"}],"is_trial":false,"path_per_floor":["M","M","M","M","$","R","M","?","T","M","M","M","E","?","R","B",null,"M","$","M","M","M","R","M","R","T","M","?","$","?","$","R","B",null,"M","?","M","$","?","R","?","M","T","M","$","?","?","M"],"character_chosen":"THE_SILENT","items_purchased":["Pen Nib","Dodecahedron"],"campfire_rested":0,"item_purchase_floors":[5,19],"current_hp_per_floor":[70,70,70,70,70,70,66,49,49,49,49,49,49,49,49,44,70,70,70,70,70,70,70,70,70,70,70,70,70,70,70,70,55,70,54,54,41,41,41,41,41,41,41,33,33,33,26,0],"gold":84,"neow_bonus":"","is_prod":false,"is_daily":true,"chose_seed":false,"campfire_upgraded":6,"win_rate":0,"timestamp":1544784247,"path_taken":["M","M","M","M","$","R","M","?","T","M","M","M","E","?","R","BOSS","M","$","M","M","M","R","M","R","T","M","?","$","?","?","R","BOSS","M","?","M","?","?","R","?","M","T","M","$","?","?","M"],"build_version":"2018-12-13","purchased_purges":3,"victory":false,"max_hp_per_floor":[70,70,70,70,70,70,70,70,70,70,70,70,70,70,70,70,70,70,70,70,70,70,70,70,70,70,70,70,70,70,70,70,70,70,70,70,70,70,70,70,70,70,70,70,70,70,70,70],"card_choices":[{"not_picked":["Coolheaded"],"picked":"Backstab","floor":1},{"not_picked":["Steam Power"],"picked":"Dagger Throw","floor":2},{"not_picked":["Predator","Prepared"],"picked":"SKIP","floor":3},{"not_picked":["Force Field","PiercingWail"],"picked":"SKIP","floor":4},{"not_picked":["Storm"],"picked":"Quick Slash","floor":7},{"not_picked":["Deflect"],"picked":"Leap","floor":10},{"not_picked":["Deadly Poison","Steam"],"picked":"SKIP","floor":11},{"not_picked":["Hologram"],"picked":"Finisher","floor":12},{"not_picked":["Steam","Streamline"],"picked":"SKIP","floor":13},{"not_picked":["Thunder Strike"],"picked":"Unload","floor":16},{"not_picked":["Flying Knee+1","Sweeping Beam+1"],"picked":"SKIP","floor":18},{"not_picked":["Noxious Fumes","Cold Snap"],"picked":"SKIP","floor":20},{"not_picked":["Hologram","Rip and Tear"],"picked":"SKIP","floor":21},{"not_picked":["Backflip","Quick Slash"],"picked":"SKIP","floor":22},{"not_picked":["Acrobatics","Glacier+1"],"picked":"SKIP","floor":24},{"not_picked":["Cold Snap","Dagger Spray"],"picked":"SKIP","floor":27},{"not_picked":["Compile Driver","Barrage"],"picked":"SKIP","floor":35},{"not_picked":["Bane+1","Setup"],"picked":"SKIP","floor":37},{"not_picked":["Go for the Eyes+1","Rebound+1"],"picked":"SKIP","floor":42},{"not_picked":["Caltrops+1","Skim"],"picked":"SKIP","floor":44}],"player_experience":418650,"relics_obtained":[{"floor":9,"key":"Juzu Bracelet"},{"floor":13,"key":"Ornamental Fan"},{"floor":26,"key":"Bottled Lightning"},{"floor":43,"key":"Molten Egg 2"}],"event_choices":[{"damage_healed":0,"gold_gain":0,"player_choice":"Take Damage","damage_taken":17,"relics_obtained":["Golden Idol"],"max_hp_gain":0,"max_hp_loss":0,"event_name":"Golden Idol","floor":8,"gold_loss":0},{"damage_healed":0,"gold_gain":0,"player_choice":"Ignored","damage_taken":0,"max_hp_gain":0,"max_hp_loss":0,"event_name":"Shining Light","floor":14,"gold_loss":0},{"cards_removed":["Survivor"],"damage_healed":0,"gold_gain":0,"player_choice":"Gave Gold","damage_taken":0,"max_hp_gain":0,"max_hp_loss":0,"event_name":"Beggar","floor":28,"gold_loss":75},{"damage_healed":0,"gold_gain":0,"player_choice":"Ignored","damage_taken":0,"max_hp_gain":0,"max_hp_loss":0,"event_name":"The Mausoleum","floor":30,"gold_loss":0},{"damage_healed":0,"gold_gain":100,"player_choice":"Pray","damage_taken":0,"max_hp_gain":0,"max_hp_loss":0,"event_name":"Golden Shrine","floor":36,"gold_loss":0},{"damage_healed":0,"gold_gain":0,"player_choice":"Memory 1","damage_taken":0,"max_hp_gain":0,"max_hp_loss":0,"event_name":"SensoryStone","floor":39,"gold_loss":0},{"damage_healed":0,"gold_gain":0,"player_choice":"Ignored","damage_taken":0,"max_hp_gain":0,"max_hp_loss":0,"event_name":"Tomb of Lord Red Mask","floor":41,"gold_loss":0},{"cards_removed":["Die Die Die"],"damage_healed":0,"gold_gain":0,"player_choice":"Removed Attack","damage_taken":0,"max_hp_gain":0,"max_hp_loss":0,"event_name":"Falling","floor":46,"gold_loss":0},{"damage_healed":0,"gold_gain":0,"player_choice":"Damaged","damage_taken":7,"max_hp_gain":0,"max_hp_loss":0,"event_name":"Wheel of Change","floor":47,"gold_loss":0}],"is_beta":false,"boss_relics":[{"not_picked":["Cursed Key","Lizard Tail"],"picked":"Pandora\u0027s Box"},{"not_picked":["Coffee Dripper","HoveringKite"],"picked":"Astrolabe"}],"items_purged_floors":[29,38,45],"is_endless":false,"potions_floor_spawned":[2,4,7,11,18,21,33,37],"killed_by":"4 Shapes","ascension_level":0}