{"gold_per_floor":[115,65,83,183,202,235,235,254,254,286,304,90,123,135,135,230,230,247,263,463,474,487,512,512,538,597,609],"floor_reached":27,"playtime":1189,"items_purged":[],"score":440,"play_id":"b155233f-1cf1-43d5-9f50-cea665afa0ee","local_time":"20190419200808","is_ascension_mode":true,"campfire_choices":[{"data":"Uppercut","floor":7.0,"key":"SMITH"},{"data":"Spot Weakness","floor":15.0,"key":"SMITH"},{"data":"Strike_R","floor":24,"key":"PURGE"}],"neow_cost":"NONE","seed_source_timestamp":0,"circlet_count":0,"master_deck":["AscendersBane","Strike_R","Strike_R","Strike_R","Defend_R","Defend_R","Defend_R","Defend_R","Bash","Pummel","Shrug It Off","Spot Weakness+1","Uppercut+1","Heavy Blade","Thunderclap","Shrug It Off","Inflame","True Grit","Anger+1","Battle Trance","Evolve"],"special_seed":0,"relics":["Burning Blood","NeowsBlessing","Peace Pipe","Bottled Lightning","Lee\u0027s Waffle","Strawberry","Mark of Pain","Mummified Hand","MawBank","Smiling Mask"],"potions_floor_usage":[25,25],"damage_taken":[{"damage":0.0,"enemies":"Small Slimes","floor":1.0,"turns":1.0},{"damage":0.0,"enemies":"Jaw Worm","floor":3.0,"turns":1.0},{"damage":0.0,"enemies":"Cultist","floor":5.0,"turns":1.0},{"damage":24.0,"enemies":"3 Sentries","floor":6.0,"turns":8.0},{"damage":16.0,"enemies":"Exordium Thugs","floor":8.0,"turns":6.0},{"damage":18.0,"enemies":"Lagavulin","floor":10.0,"turns":6.0},{"damage":5.0,"enemies":"Gremlin Gang","floor":11.0,"turns":6.0},{"damage":14.0,"enemies":"3 Sentries","floor":13.0,"turns":5.0},{"damage":17.0,"enemies":"Blue Slaver","floor":14.0,"turns":3.0},{"damage":27.0,"enemies":"The Guardian","floor":16.0,"turns":11.0},{"damage":11.0,"enemies":"3 Byrds","floor":18.0,"turns":7.0},{"damage":1.0,"enemies":"Chosen","floor":19.0,"turns":3.0},{"damage":20,"enemies":"Centurion and Healer","floor":21,"turns":5},{"damage":8,"enemies":"Chosen and Byrds","floor":22,"turns":4},{"damage":46,"enemies":"Gremlin Leader","floor":23,"turns":7},{"damage":25,"enemies":"Slavers","floor":25,"turns":5},{"damage":20,"enemies":"Colosseum Slavers","floor":27,"turns":3}],"seed_played":"-2872459562446297475","potions_obtained":[{"floor":1.0,"key":"Dexterity Potion"},{"floor":6.0,"key":"SkillPotion"},{"floor":13.0,"key":"Ancient Potion"},{"floor":23,"key":"Block Potion"},{"floor":25,"key":"Weak Potion"}],"is_trial":false,"path_per_floor":["M","?","M","?","M","E","R","M","T","E","M","$","E","M","R","B",null,"M","M","?","M","M","E","R","E","T","?"],"character_chosen":"IRONCLAD","items_purchased":["Shrug It Off","Lee\u0027s Waffle"],"campfire_rested":0,"item_purchase_floors":[12,12],"current_hp_per_floor":[78,78,80,80,80,62,62,52,52,40,41,87,86,75,75,54,84,79,84,84,70,68,28,28,9,9,0],"gold":609,"neow_bonus":"THREE_ENEMY_KILL","is_prod":false,"is_daily":false,"chose_seed":false,"campfire_upgraded":2,"win_rate":0,"timestamp":1555729688,"path_taken":["M","?","M","?","?","E","R","M","T","E","M","$","E","M","R","BOSS","M","M","?","M","?","E","R","E","T","?"],"build_version":"2019-01-23","purchased_purges":0,"victory":false,"max_hp_per_floor":[80,80,80,80,80,80,80,80,80,80,80,87,94,94,94,94,94,94,94,94,94,94,94,94,94,94,94],"card_choices":[{"not_picked":["Heavy Blade","Iron Wave"],"picked":"Pummel","floor":1.0},{"not_picked":["Heavy Blade","Sever Soul"],"picked":"Shrug It Off","floor":3.0},{"not_picked":["Dropkick","Clothesline"],"picked":"Spot Weakness","floor":5.0},{"not_picked":["Clash","Body Slam"],"picked":"Uppercut","floor":6.0},{"not_picked":["Clash","Clothesline"],"picked":"Heavy Blade","floor":8.0},{"not_picked":["Hemokinesis","Body Slam"],"picked":"Thunderclap","floor":10.0},{"not_picked":["Cleave","Iron Wave","Bludgeon"],"picked":"SKIP","floor":11.0},{"not_picked":["Entrench","Uppercut","Headbutt"],"picked":"SKIP","floor":13.0},{"not_picked":["Thunderclap","Infernal Blade"],"picked":"Inflame","floor":14.0},{"not_picked":["Seeing Red","Clothesline"],"picked":"True Grit","floor":18.0},{"not_picked":["Cleave","Rupture"],"picked":"Anger+1","floor":19.0},{"not_picked":["Blood for Blood","Shrug It Off"],"picked":"Battle Trance","floor":21},{"not_picked":["Twin Strike","Burning Pact"],"picked":"Evolve","floor":22},{"not_picked":["Body Slam","Carnage","Double Tap"],"picked":"SKIP","floor":23},{"not_picked":["Infernal Blade","Dropkick","Clothesline"],"picked":"SKIP","floor":25}],"player_experience":276569,"relics_obtained":[{"floor":6.0,"key":"Peace Pipe"},{"floor":10.0,"key":"Bottled Lightning"},{"floor":13.0,"key":"Strawberry"},{"floor":23,"key":"Mummified Hand"},{"floor":25,"key":"MawBank"},{"floor":26,"key":"Smiling Mask"}],"event_choices":[{"cards_removed":["Strike_R"],"damage_healed":0.0,"max_hp_gain":0.0,"max_hp_loss":0.0,"gold_gain":0.0,"event_name":"The Cleric","player_choice":"Card Removal","floor":2.0,"gold_loss":50.0,"damage_taken":0.0},{"damage_healed":0.0,"max_hp_gain":0.0,"max_hp_loss":0.0,"gold_gain":100.0,"event_name":"Golden Shrine","player_choice":"Pray","floor":4.0,"gold_loss":0.0,"damage_taken":0.0},{"damage_healed":0,"gold_gain":250,"player_choice":"Bet on Owner","damage_taken":0,"max_hp_gain":0,"max_hp_loss":0,"event_name":"The Joust","floor":20,"gold_loss":50},{"damage_healed":0,"gold_gain":0,"player_choice":"Fight","damage_taken":0,"max_hp_gain":0,"max_hp_loss":0,"event_name":"Colosseum","floor":27,"gold_loss":0}],"is_beta":false,"boss_relics":[{"not_picked":["White Beast Statue","Orrery"],"picked":"Mark of Pain"}],"items_purged_floors":[],"is_endless":false,"potions_floor_spawned":[1,6,8,13,23,25],"killed_by":"Colosseum Slavers","ascension_level":12}