{"gold_per_floor":[113,130,130,144,29,29,49,49,49,69,69,102,102,134,134,208,208,222,234,252,177,51,51,78,90,172,184,212,257,269,281,293,384,446,469,497,520,532,62,62],"floor_reached":40,"playtime":1846,"items_purged":["Juggernaut"],"score":738,"play_id":"1956ed5a-8757-4a74-a111-6595cc68f7c6","local_time":"20190410132559","is_ascension_mode":true,"campfire_choices":[{"data":"Shockwave","floor":6,"key":"SMITH"},{"data":"Whirlwind","floor":8,"key":"SMITH"},{"data":"True Grit","floor":11,"key":"SMITH"},{"data":"Rampage","floor":13,"key":"SMITH"},{"data":"Flame Barrier","floor":15,"key":"SMITH"},{"floor":23,"key":"REST"},{"data":"Immolate","floor":25,"key":"SMITH"},{"floor":27,"key":"REST"},{"floor":32,"key":"REST"}],"neow_cost":"NONE","seed_source_timestamp":16646008357340,"circlet_count":0,"master_deck":["AscendersBane","Bash","Armaments","Twin Strike","Rampage+1","Shockwave+1","Whirlwind+1","True Grit+1","Reaper","Flame Barrier+1","Demon Form","Reckless Charge","Rampage","Wild Strike","Iron Wave","Impervious","Shrug It Off+1","Exhume","Immolate+1","Pommel Strike+1","True Grit","Shrug It Off","Impervious","Battle Trance","Inflame","Limit Break","Thunderclap+1","Feel No Pain","Headbutt","Headbutt","Madness","Madness","Shrug It Off"],"relics":["Burning Blood","War Paint","Bottled Lightning","Pantograph","Omamori","Pandora\u0027s Box","MawBank","Dodecahedron","Strawberry","Sundial","Tiny House","PreservedInsect","HandDrill"],"potions_floor_usage":[7,12,16,24,33,37,40,40],"damage_taken":[{"damage":14,"enemies":"2 Louse","floor":1,"turns":4},{"damage":2,"enemies":"Cultist","floor":2,"turns":4},{"damage":8,"enemies":"Small Slimes","floor":4,"turns":4},{"damage":6,"enemies":"Exordium Wildlife","floor":7,"turns":6},{"damage":8,"enemies":"Looter","floor":10,"turns":3},{"damage":22,"enemies":"3 Sentries","floor":12,"turns":8},{"damage":19,"enemies":"Gremlin Nob","floor":14,"turns":5},{"damage":51,"enemies":"Hexaghost","floor":16,"turns":12},{"damage":0,"enemies":"3 Byrds","floor":18,"turns":3},{"damage":8,"enemies":"Chosen","floor":19,"turns":3},{"damage":34,"enemies":"Shelled Parasite and Fungi","floor":20,"turns":6},{"damage":29,"enemies":"Slavers","floor":24,"turns":4},{"damage":39,"enemies":"Chosen and Byrds","floor":28,"turns":10},{"damage":16,"enemies":"Gremlin Leader","floor":29,"turns":7},{"damage":21,"enemies":"Champ","floor":33,"turns":10},{"damage":20,"enemies":"Orb Walker","floor":35,"turns":6},{"damage":12,"enemies":"3 Shapes","floor":36,"turns":8},{"damage":68,"enemies":"Sphere and 2 Shapes","floor":37,"turns":8},{"damage":32,"enemies":"Nemesis","floor":40,"turns":7}],"seed_played":"-4988693892011801126","potions_obtained":[{"floor":2,"key":"Regen Potion"},{"floor":3,"key":"SkillPotion"},{"floor":10,"key":"PowerPotion"},{"floor":19,"key":"FearPotion"},{"floor":20,"key":"Weak Potion"},{"floor":33,"key":"Strength Potion"},{"floor":34,"key":"SkillPotion"},{"floor":37,"key":"SkillPotion"}],"is_trial":false,"path_per_floor":["M","M","?","M","$","R","M","R","T","M","R","E","R","E","R","B",null,"M","M","M","?","$","R","E","R","T","R","M","E","?","?","R","B",null,"M","M","M","?","$","E"],"character_chosen":"IRONCLAD","items_purchased":["Rampage","Shockwave","SteroidPotion","PreservedInsect","BloodPotion","HandDrill","Shrug It Off"],"campfire_rested":3,"item_purchase_floors":[5,5,22,39,39,39,39],"current_hp_per_floor":[60,64,64,62,62,62,75,75,75,73,73,57,57,44,44,31,64,70,68,40,40,40,62,39,39,39,61,34,42,42,42,66,76,86,72,84,25,14,14,0],"gold":62,"neow_bonus":"RANDOM_COMMON_RELIC","is_prod":false,"is_daily":false,"chose_seed":false,"campfire_upgraded":6,"win_rate":0,"timestamp":1554927959,"path_taken":["M","M","?","M","$","R","?","R","T","M","R","E","R","E","R","BOSS","M","M","M","?","$","R","E","R","T","R","M","E","?","?","R","BOSS","M","M","M","?","$","E"],"build_version":"2019-01-23","purchased_purges":1,"victory":false,"max_hp_per_floor":[75,75,75,75,75,75,75,75,75,75,75,75,75,75,75,75,75,75,75,75,75,75,75,75,75,75,75,75,82,82,82,82,82,87,87,87,87,87,87,87],"card_choices":[{"not_picked":["Wild Strike","Havoc"],"picked":"Armaments","floor":1},{"not_picked":["True Grit","Berserk"],"picked":"Twin Strike","floor":2},{"not_picked":["Wild Strike","Body Slam"],"picked":"Perfected Strike","floor":4},{"not_picked":["Warcry","Sentinel"],"picked":"Whirlwind","floor":7},{"not_picked":["Iron Wave","Clash"],"picked":"True Grit","floor":10},{"not_picked":["Armaments","Shockwave"],"picked":"Reaper","floor":12},{"not_picked":["Armaments","Power Through"],"picked":"Flame Barrier","floor":14},{"not_picked":["Brutality","Immolate"],"picked":"Demon Form","floor":16},{"not_picked":["Twin Strike","Body Slam"],"picked":"Pommel Strike+1","floor":18},{"not_picked":["Twin Strike","Perfected Strike"],"picked":"True Grit","floor":19},{"not_picked":["Battle Trance","Cleave"],"picked":"Shrug It Off","floor":20},{"not_picked":["Pommel Strike","Ghostly Armor"],"picked":"Impervious","floor":24},{"not_picked":["Sword Boomerang","Twin Strike"],"picked":"Battle Trance","floor":28},{"not_picked":["Flex","Clash"],"picked":"Inflame","floor":29},{"not_picked":["Double Tap","Impervious"],"picked":"Limit Break","floor":33},{"not_picked":["Anger+1","Flex"],"picked":"Thunderclap+1","floor":34},{"not_picked":["Pommel Strike","Double Tap"],"picked":"Feel No Pain","floor":35},{"not_picked":["Flex","Clothesline"],"picked":"Headbutt","floor":36},{"not_picked":["Clash","Cleave"],"picked":"Headbutt","floor":37}],"player_experience":411593,"relics_obtained":[{"floor":9,"key":"Bottled Lightning"},{"floor":12,"key":"Pantograph"},{"floor":14,"key":"Omamori"},{"floor":24,"key":"MawBank"},{"floor":26,"key":"Dodecahedron"},{"floor":29,"key":"Strawberry"}],"event_choices":[{"damage_healed":0,"gold_gain":0,"player_choice":"Got Potions","damage_taken":0,"max_hp_gain":0,"max_hp_loss":0,"event_name":"Lab","floor":3,"gold_loss":0},{"cards_removed":["Perfected Strike"],"damage_healed":0,"gold_gain":0,"player_choice":"Gave Gold","damage_taken":0,"max_hp_gain":0,"max_hp_loss":0,"event_name":"Beggar","floor":21,"gold_loss":75},{"damage_healed":0,"gold_gain":0,"player_choice":"Opened","damage_taken":0,"relics_obtained":["Sundial"],"max_hp_gain":0,"max_hp_loss":0,"event_name":"The Mausoleum","floor":30,"gold_loss":0},{"damage_healed":0,"gold_gain":0,"player_choice":"Ignored","damage_taken":0,"max_hp_gain":0,"max_hp_loss":0,"event_name":"Vampires","floor":31,"gold_loss":0},{"damage_healed":0,"gold_gain":0,"player_choice":"Embrace Madness","damage_taken":11,"max_hp_gain":0,"max_hp_loss":0,"event_name":"Winding Halls","floor":38,"gold_loss":0,"cards_obtained":["Madness","Madness"]}],"is_beta":false,"boss_relics":[{"not_picked":["Cursed Key","Runic Cube"],"picked":"Pandora\u0027s Box"},{"not_picked":["Velvet Choker","White Beast Statue"],"picked":"Tiny House"}],"items_purged_floors":[22],"is_endless":false,"potions_floor_spawned":[2,4,10,19,20,33,36,37],"killed_by":"Nemesis","ascension_level":14}