{"gold_per_floor":[218,228,228,403,403,433,433,466,466,491,509,509,509,519,519,617,617,633,558,558,573,573,573,24,50,50,60,79,3,3,3,3,3],"floor_reached":33,"playtime":1040,"items_purged":[],"score":337,"play_id":"7a774129-d6fc-42b5-8c47-628d53a523f2","local_time":"20190211142935","is_ascension_mode":true,"campfire_choices":[{"data":"Glacier","floor":7,"key":"SMITH"},{"floor":12,"key":"REST"},{"floor":15,"key":"REST"},{"floor":23,"key":"REST"},{"floor":32,"key":"REST"}],"neow_cost":"NONE","seed_source_timestamp":1811956367967783,"circlet_count":0,"master_deck":["Strike_B+1","Strike_B+1","Strike_B+1","Strike_B+1","Defend_B+1","Defend_B+1","Defend_B+1","Zap+1","Dualcast","FTL","Redo+1","Glacier+1","Beam Cell","Ball Lightning+1","Rebound","FTL","Redo+1","Capacitor","Streamline","FTL","Undo","Melter","Ball Lightning+1","Buffer"],"relics":["Cracked Core","StoneCalendar","Dodecahedron","Ancient Tea Set","Sozu","MutagenicStrength","Dream Catcher","Whetstone","Singing Bowl","War Paint","Cables"],"potions_floor_usage":[2,5,6,6,11,14],"damage_taken":[{"damage":4,"enemies":"Jaw Worm","floor":1,"turns":4},{"damage":0,"enemies":"Small Slimes","floor":2,"turns":2},{"damage":0,"enemies":"Gremlin Nob","floor":6,"turns":3},{"damage":21,"enemies":"Lagavulin","floor":8,"turns":7},{"damage":49,"enemies":"Gremlin Nob","floor":10,"turns":6},{"damage":1,"enemies":"Cultist","floor":11,"turns":3},{"damage":0,"enemies":"Large Slime","floor":14,"turns":4},{"damage":1,"enemies":"Slime Boss","floor":16,"turns":7},{"damage":6,"enemies":"Spheric Guardian","floor":18,"turns":3},{"damage":11,"enemies":"3 Byrds","floor":21,"turns":5},{"damage":23,"enemies":"Book of Stabbing","floor":25,"turns":5},{"damage":14,"enemies":"Snake Plant","floor":27,"turns":2},{"damage":7,"enemies":"Centurion and Healer","floor":28,"turns":5},{"damage":65,"enemies":"Collector","floor":33,"turns":7}],"seed_played":"3504957754632395839","potions_obtained":[{"floor":1,"key":"Swift Potion"},{"floor":5,"key":"AttackPotion"},{"floor":5,"key":"Fruit Juice"},{"floor":5,"key":"Block Potion"},{"floor":10,"key":"SkillPotion"},{"floor":11,"key":"SkillPotion"}],"is_trial":false,"path_per_floor":["M","M","?","?","?","E","R","E","T","E","M","R","?","M","R","B",null,"M","?","?","M","T","R","$","E","T","M","M","$","?","?","R","B"],"character_chosen":"DEFECT","items_purchased":["Whetstone","Singing Bowl","FTL","Undo","Buffer"],"campfire_rested":4,"item_purchase_floors":[24,24,24,24,29],"current_hp_per_floor":[71,71,71,71,76,76,76,55,55,6,5,29,22,22,46,45,80,74,74,74,63,63,80,80,57,57,43,38,38,38,38,64,0],"gold":3,"neow_bonus":"HUNDRED_GOLD","is_prod":false,"is_daily":false,"chose_seed":false,"campfire_upgraded":1,"win_rate":0,"timestamp":1549924175,"path_taken":["M","M","?","?","?","E","R","E","T","E","?","R","?","M","R","BOSS","M","?","?","M","?","R","$","E","T","?","M","?","?","?","R","BOSS"],"build_version":"2019-01-23","purchased_purges":0,"victory":false,"max_hp_per_floor":[75,75,75,75,80,80,80,80,80,80,80,80,80,80,80,80,80,80,80,80,80,80,80,80,80,80,80,82,82,82,82,84,84],"card_choices":[{"not_picked":["Scrape","Turbo"],"picked":"FTL","floor":1},{"not_picked":["Sweeping Beam","Chaos"],"picked":"Redo","floor":2},{"not_picked":["Skim","Coolheaded"],"picked":"Glacier","floor":6},{"not_picked":["Blizzard","Stack"],"picked":"Beam Cell","floor":8},{"not_picked":["Rebound","Force Field"],"picked":"Ball Lightning","floor":10},{"not_picked":["Compile Driver","White Noise"],"picked":"Rebound","floor":11},{"not_picked":["Coolheaded","Ball Lightning"],"picked":"FTL","floor":14},{"not_picked":["Cold Snap","Stack"],"picked":"Redo","floor":18},{"not_picked":["Sweeping Beam","Conserve Battery"],"picked":"Capacitor","floor":21},{"not_picked":["Sweeping Beam","Rebound"],"picked":"Streamline","floor":23},{"not_picked":["Beam Cell+1","Coolheaded"],"picked":"Melter","floor":25},{"not_picked":["Beam Cell+1","Recycle"],"picked":"Ball Lightning+1","floor":27},{"not_picked":["Coolheaded+1","Skim","Streamline"],"picked":"Singing Bowl","floor":28},{"not_picked":["Capacitor","Cold Snap","Sweeping Beam+1"],"picked":"Singing Bowl","floor":32}],"player_experience":354295,"relics_obtained":[{"floor":6,"key":"StoneCalendar"},{"floor":8,"key":"Dodecahedron"},{"floor":10,"key":"Ancient Tea Set"},{"floor":22,"key":"Dream Catcher"},{"floor":25,"key":"War Paint"},{"floor":26,"key":"Cables"}],"event_choices":[{"damage_healed":0,"gold_gain":0,"player_choice":"Grow","damage_taken":0,"max_hp_gain":0,"max_hp_loss":0,"event_name":"Living Wall","floor":3,"gold_loss":0,"cards_upgraded":["Zap"]},{"damage_healed":0,"gold_gain":175,"player_choice":"AGREE","damage_taken":0,"max_hp_gain":0,"max_hp_loss":0,"event_name":"Liars Game","floor":4,"gold_loss":0,"cards_obtained":["Doubt"]},{"damage_healed":0,"gold_gain":0,"player_choice":"Got Potions","damage_taken":0,"max_hp_gain":0,"max_hp_loss":0,"event_name":"Lab","floor":5,"gold_loss":0},{"cards_removed":["Doubt"],"damage_healed":0,"gold_gain":0,"player_choice":"Card Removal","damage_taken":7,"max_hp_gain":0,"max_hp_loss":0,"event_name":"Golden Wing","floor":13,"gold_loss":0},{"cards_removed":["Defend_B"],"damage_healed":0,"gold_gain":0,"player_choice":"Gave Gold","damage_taken":0,"max_hp_gain":0,"max_hp_loss":0,"event_name":"Beggar","floor":19,"gold_loss":75},{"damage_healed":0,"gold_gain":0,"player_choice":"Inject Mutagens","damage_taken":0,"relics_obtained":["MutagenicStrength"],"max_hp_gain":0,"max_hp_loss":0,"event_name":"Drug Dealer","floor":20,"gold_loss":0},{"damage_healed":0,"gold_gain":0,"player_choice":"Simplicity","damage_taken":0,"max_hp_gain":0,"max_hp_loss":0,"event_name":"Back to Basics","floor":30,"gold_loss":0,"cards_upgraded":["Strike_B","Strike_B","Strike_B","Defend_B","Defend_B","Defend_B"]},{"damage_healed":0,"gold_gain":0,"player_choice":"Ignored","damage_taken":0,"max_hp_gain":0,"max_hp_loss":0,"event_name":"Vampires","floor":31,"gold_loss":0}],"is_beta":false,"boss_relics":[{"not_picked":["Snecko Eye","Runic Dome"],"picked":"Sozu"}],"items_purged_floors":[],"is_endless":false,"potions_floor_spawned":[1,10,11,18,21,28],"killed_by":"Collector","ascension_level":2}