{"gold_per_floor":[110,110,110,285,360,360,419,436,436,436,470,490,503,308,308,382,382,396,252,252,268,279,279,204,204],"floor_reached":25,"playtime":791,"items_purged":["Doubt"],"score":398,"play_id":"37a4b1b3-fe87-4e6a-bb5a-1793fbac81a9","local_time":"20190503233621","is_ascension_mode":true,"campfire_choices":[{"data":"Defend_R","floor":6,"key":"SMITH"},{"floor":10,"key":"REST"},{"floor":15,"key":"REST"},{"floor":23,"key":"REST"}],"neow_cost":"NONE","seed_source_timestamp":344180146344500,"circlet_count":0,"master_deck":["AscendersBane","Strike_R","Defend_R+1","Defend_R+1","Bash","Shrug It Off+1","Battle Trance","Uppercut","Sentinel+1","Immolate","Battle Trance+1","Spot Weakness","Offering","Sword Boomerang+1","Impervious+1","Double Tap+1","Burning Pact+1","True Grit"],"relics":["Burning Blood","NeowsBlessing","Tiny Chest","Dodecahedron","Orichalcum","Astrolabe","War Paint"],"potions_floor_usage":[11,16],"damage_taken":[{"damage":0,"enemies":"Jaw Worm","floor":1,"turns":1},{"damage":0,"enemies":"Gremlin Nob","floor":7,"turns":1},{"damage":0,"enemies":"Small Slimes","floor":8,"turns":1},{"damage":47,"enemies":"Lagavulin","floor":11,"turns":7},{"damage":0,"enemies":"Cultist","floor":12,"turns":4},{"damage":8,"enemies":"Blue Slaver","floor":13,"turns":5},{"damage":31,"enemies":"Hexaghost","floor":16,"turns":10},{"damage":17,"enemies":"Spheric Guardian","floor":18,"turns":4},{"damage":18,"enemies":"3 Byrds","floor":21,"turns":3},{"damage":25,"enemies":"Centurion and Healer","floor":22,"turns":4},{"damage":51,"enemies":"Book of Stabbing","floor":25,"turns":5}],"seed_played":"7412377404974671162","potions_obtained":[{"floor":7,"key":"SkillPotion"},{"floor":11,"key":"SpeedPotion"},{"floor":12,"key":"LiquidBronze"},{"floor":18,"key":"EssenceOfSteel"}],"is_trial":false,"path_per_floor":["M","?","?","?","?","R","E","M","T","R","E","M","M","$","R","B",null,"M","$","?","M","M","R","?","E"],"character_chosen":"IRONCLAD","items_purchased":["Battle Trance","Spot Weakness","War Paint"],"campfire_rested":3,"item_purchase_floors":[14,14,19],"current_hp_per_floor":[74,59,52,52,41,41,47,53,53,75,34,40,38,38,60,35,65,54,54,54,42,23,45,45,0],"gold":204,"neow_bonus":"THREE_ENEMY_KILL","is_prod":false,"is_daily":false,"chose_seed":false,"campfire_upgraded":1,"win_rate":0,"timestamp":1556919381,"path_taken":["M","?","?","?","?","R","E","M","T","R","E","M","M","$","R","BOSS","M","$","?","M","?","R","?","E"],"build_version":"2019-01-23","purchased_purges":1,"victory":false,"max_hp_per_floor":[75,75,75,75,75,75,75,75,75,75,75,75,75,75,75,75,75,75,75,75,75,75,75,75,75],"card_choices":[{"not_picked":["Anger","Cleave"],"picked":"Shrug It Off","floor":1},{"not_picked":["Clothesline","Pommel Strike"],"picked":"Battle Trance","floor":7},{"not_picked":["Perfected Strike","Searing Blow"],"picked":"Uppercut","floor":8},{"not_picked":["Thunderclap","Anger"],"picked":"Sentinel","floor":11},{"not_picked":["Warcry","Bloodletting","Pommel Strike"],"picked":"SKIP","floor":12},{"not_picked":["Sword Boomerang","Havoc"],"picked":"Immolate","floor":13},{"not_picked":["Brutality","Juggernaut"],"picked":"Offering","floor":16},{"not_picked":["Combust","Sword Boomerang"],"picked":"Burning Pact+1","floor":18},{"not_picked":["Wild Strike","Dropkick","Corruption"],"picked":"SKIP","floor":21},{"not_picked":["Havoc","Cleave"],"picked":"True Grit","floor":22}],"player_experience":1049940,"relics_obtained":[{"floor":7,"key":"Tiny Chest"},{"floor":9,"key":"Dodecahedron"},{"floor":11,"key":"Orichalcum"}],"event_choices":[{"damage_healed":0,"gold_gain":0,"player_choice":"Entered Light","damage_taken":15,"max_hp_gain":0,"max_hp_loss":0,"event_name":"Shining Light","floor":2,"gold_loss":0,"cards_upgraded":["Defend_R","Shrug It Off"]},{"cards_removed":["Defend_R"],"damage_healed":0,"gold_gain":0,"player_choice":"Card Removal","damage_taken":7,"max_hp_gain":0,"max_hp_loss":0,"event_name":"Golden Wing","floor":3,"gold_loss":0},{"damage_healed":0,"gold_gain":175,"player_choice":"AGREE","damage_taken":0,"max_hp_gain":0,"max_hp_loss":0,"event_name":"Liars Game","floor":4,"gold_loss":0,"cards_obtained":["Doubt"]},{"damage_healed":0,"gold_gain":75,"player_choice":"Gather Gold","damage_taken":11,"max_hp_gain":0,"max_hp_loss":0,"event_name":"World of Goop","floor":5,"gold_loss":0},{"cards_removed":["Strike_R"],"damage_healed":0,"gold_gain":0,"player_choice":"Purged","damage_taken":0,"max_hp_gain":0,"max_hp_loss":0,"event_name":"Purifier","floor":20,"gold_loss":0},{"cards_removed":["Defend_R"],"damage_healed":0,"gold_gain":0,"player_choice":"Gave Gold","damage_taken":0,"max_hp_gain":0,"max_hp_loss":0,"event_name":"Beggar","floor":24,"gold_loss":75}],"is_beta":false,"boss_relics":[{"not_picked":["Velvet Choker","Fusion Hammer"],"picked":"Astrolabe"}],"items_purged_floors":[14],"is_endless":false,"potions_floor_spawned":[7,11,12,13,18,22],"killed_by":"Book of Stabbing","ascension_level":14}