{"gold_per_floor":[117,130,146,146,146,178,178,205,228,244],"floor_reached":10,"playtime":6488,"items_purged":[],"score":82,"play_id":"0b2f0645-643e-43fc-ad60-7023c13a1e60","local_time":"20190411215123","is_ascension_mode":true,"campfire_choices":[{"data":"Regret","floor":7.0,"key":"PURGE"}],"neow_cost":"TEN_PERCENT_HP_LOSS","seed_source_timestamp":0,"circlet_count":0,"master_deck":["Strike_B","Strike_B","Strike_B","Strike_B","Defend_B","Defend_B","Defend_B","Defend_B","Zap","Dualcast","Hologram","Lockon","Defragment","Consume","Zap","Compile Driver","Beam Cell","Steam"],"special_seed":0,"relics":["Cracked Core","Peace Pipe","PreservedInsect","Strawberry","Pantograph","Vajra"],"potions_floor_usage":[],"damage_taken":[{"damage":7.0,"enemies":"Small Slimes","floor":1.0,"turns":3.0},{"damage":1.0,"enemies":"Cultist","floor":2.0,"turns":3.0},{"damage":8.0,"enemies":"2 Louse","floor":3.0,"turns":3.0},{"damage":33.0,"enemies":"3 Sentries","floor":6.0,"turns":5.0},{"damage":16.0,"enemies":"Gremlin Nob","floor":8.0,"turns":3.0},{"damage":0.0,"enemies":"Large Slime","floor":10.0,"turns":4.0}],"seed_played":"-7239957994874915112","potions_obtained":[{"floor":6.0,"key":"Strength Potion"},{"floor":10,"key":"Fruit Juice"}],"is_trial":false,"path_per_floor":["M","M","M","?","?","E","R","E","T","M"],"character_chosen":"DEFECT","items_purchased":[],"campfire_rested":0,"item_purchase_floors":[],"current_hp_per_floor":[61,60,52,52,52,26,26,10,10,10],"gold":244,"neow_bonus":"ONE_RARE_RELIC","is_prod":false,"is_daily":false,"chose_seed":false,"campfire_upgraded":0,"win_rate":0,"timestamp":1555012283,"path_taken":["M","M","M","?","?","E","R","E","T","M"],"build_version":"2019-01-23","purchased_purges":0,"victory":false,"max_hp_per_floor":[68,68,68,68,68,75,75,75,75,75],"card_choices":[{"not_picked":["Coolheaded","Skim"],"picked":"Hologram","floor":1.0},{"not_picked":["Skim","Darkness"],"picked":"Lockon","floor":2.0},{"not_picked":["Go for the Eyes","Hello World"],"picked":"Defragment","floor":3.0},{"not_picked":["Redo","Steam"],"picked":"Compile Driver","floor":6.0},{"not_picked":["Steam","Leap"],"picked":"Beam Cell","floor":8.0},{"not_picked":["Compile Driver","Leap"],"picked":"Steam","floor":10}],"player_experience":381592,"relics_obtained":[{"floor":6.0,"key":"Strawberry"},{"floor":8.0,"key":"Pantograph"},{"floor":9.0,"key":"Vajra"}],"event_choices":[{"damage_healed":0.0,"max_hp_gain":0.0,"max_hp_loss":0.0,"gold_gain":0.0,"event_name":"Big Fish","player_choice":"Box","floor":4.0,"gold_loss":0.0,"damage_taken":0.0,"relics_obtained":["PreservedInsect"],"cards_obtained":["Regret"]},{"damage_healed":0.0,"max_hp_gain":0.0,"max_hp_loss":0.0,"gold_gain":0.0,"event_name":"Match and Keep!","player_choice":"2 cards matched","floor":5.0,"gold_loss":0.0,"damage_taken":0.0,"cards_obtained":["Consume","Zap"]}],"is_beta":false,"boss_relics":[],"items_purged_floors":[],"is_endless":false,"potions_floor_spawned":[6,10],"killed_by":"Large Slime","ascension_level":1}