{"gold_per_floor":[112,11,25,25,25,42,67,38,38,38,14,14,28,61,61,135,135,109,124,143,1,1,1,1,1],"floor_reached":25,"playtime":1106,"items_purged":["Strike_R","Strike_R"],"score":427,"play_id":"013f90b7-8949-4239-8911-174f9abdf38b","local_time":"20190424111356","is_ascension_mode":true,"campfire_choices":[{"data":"Uppercut","floor":10,"key":"SMITH"},{"floor":12,"key":"REST"},{"floor":15,"key":"REST"},{"floor":23,"key":"REST"}],"neow_cost":"NONE","seed_source_timestamp":0,"circlet_count":0,"master_deck":["AscendersBane","Strike_R","Strike_R","Strike_R","Defend_R","Defend_R","Defend_R","Defend_R","Bash","Exhume","Feel No Pain","Shrug It Off","Uppercut+1","Sword Boomerang","Iron Wave","Shrug It Off","True Grit","Inflame","Infernal Blade","Fiend Fire","Anger","Warcry","Whirlwind","Feel No Pain"],"special_seed":0,"relics":["Burning Blood","Darkstone Periapt","Pantograph","Potion Belt","Runic Pyramid"],"potions_floor_usage":[7,13,20,24,25,25],"damage_taken":[{"damage":10,"enemies":"2 Louse","floor":1,"turns":3},{"damage":11,"enemies":"Jaw Worm","floor":3,"turns":4},{"damage":4,"enemies":"Small Slimes","floor":6,"turns":3},{"damage":35,"enemies":"Lagavulin","floor":7,"turns":8},{"damage":24,"enemies":"Exordium Thugs","floor":11,"turns":4},{"damage":11,"enemies":"2 Fungi Beasts","floor":13,"turns":5},{"damage":28,"enemies":"Gremlin Nob","floor":14,"turns":5},{"damage":43,"enemies":"The Guardian","floor":16,"turns":14},{"damage":23,"enemies":"2 Thieves","floor":18,"turns":4},{"damage":11,"enemies":"Spheric Guardian","floor":19,"turns":4},{"damage":31,"enemies":"3 Cultists","floor":20,"turns":7},{"damage":34,"enemies":"Slavers","floor":24,"turns":4},{"damage":23,"enemies":"Colosseum Slavers","floor":25,"turns":2}],"seed_played":"-4794904996640231869","potions_obtained":[{"floor":1,"key":"Energy Potion"},{"floor":11,"key":"Weak Potion"},{"floor":14,"key":"AttackPotion"},{"floor":16,"key":"Dexterity Potion"},{"floor":18,"key":"SmokeBomb"},{"floor":19,"key":"Block Potion"}],"is_trial":false,"path_per_floor":["M","$","M","?","?","M","E","$","T","R","M","R","M","E","R","B",null,"M","M","M","$","?","R","E","?"],"character_chosen":"IRONCLAD","items_purchased":["Shrug It Off","Shrug It Off","Feel No Pain"],"campfire_rested":3,"item_purchase_floors":[2,8,21],"current_hp_per_floor":[64,64,59,59,64,66,37,37,37,37,19,43,38,16,40,28,67,50,45,20,20,20,44,16,0],"gold":1,"neow_bonus":"ONE_RANDOM_RARE_CARD","is_prod":false,"is_daily":false,"chose_seed":false,"campfire_upgraded":1,"win_rate":0,"timestamp":1556129636,"path_taken":["M","$","M","?","?","M","E","?","T","R","M","R","M","E","R","BOSS","M","M","M","$","?","R","E","?"],"build_version":"2019-01-23","purchased_purges":2,"victory":false,"max_hp_per_floor":[75,75,75,75,80,80,80,80,80,80,80,80,80,80,80,80,80,80,80,80,80,80,80,80,80],"card_choices":[{"not_picked":["Iron Wave","Rage"],"picked":"Feel No Pain","floor":1},{"not_picked":["Shrug It Off","Fire Breathing"],"picked":"Uppercut","floor":3},{"not_picked":["Second Wind","Rage"],"picked":"Sword Boomerang","floor":6},{"not_picked":["Pommel Strike","Warcry"],"picked":"Iron Wave","floor":7},{"not_picked":["Double Tap","Thunderclap"],"picked":"True Grit","floor":11},{"not_picked":["Clothesline","Seeing Red"],"picked":"Inflame","floor":13},{"not_picked":["Pommel Strike","Berserk"],"picked":"Infernal Blade","floor":14},{"not_picked":["Brutality","Exhume"],"picked":"Fiend Fire","floor":16},{"not_picked":["Heavy Blade","Bloodletting"],"picked":"Anger","floor":18},{"not_picked":["Perfected Strike+1","Battle Trance"],"picked":"Warcry","floor":19},{"not_picked":["Metallicize","Seeing Red"],"picked":"Whirlwind","floor":20}],"player_experience":472753,"relics_obtained":[{"floor":7,"key":"Darkstone Periapt"},{"floor":9,"key":"Pantograph"},{"floor":14,"key":"Potion Belt"}],"event_choices":[{"damage_healed":0,"gold_gain":0,"player_choice":"Leave","damage_taken":0,"max_hp_gain":0,"max_hp_loss":0,"event_name":"The Cleric","floor":4,"gold_loss":0},{"damage_healed":0,"gold_gain":0,"player_choice":"Donut","damage_taken":0,"max_hp_gain":5,"max_hp_loss":0,"event_name":"Big Fish","floor":5,"gold_loss":0},{"damage_healed":0,"gold_gain":0,"player_choice":"Fight","damage_taken":0,"max_hp_gain":0,"max_hp_loss":0,"event_name":"Colosseum","floor":25,"gold_loss":0}],"is_beta":false,"boss_relics":[{"not_picked":["Fusion Hammer","Ectoplasm"],"picked":"Runic Pyramid"}],"items_purged_floors":[2,21],"is_endless":false,"potions_floor_spawned":[1,11,14,16,18,19,24],"killed_by":"Colosseum Slavers","ascension_level":17}