{"gold_per_floor":[118,118,131,146,146,146,184,85,111,111,131,31,71,71,71,196,196,219,219,219,252,265,265,299,319,342,342,362,401,420,420,420,420],"floor_reached":33,"playtime":1180,"items_purged":["Strike_R","Strike_R"],"score":293,"play_id":"a32d2199-23d2-40bd-9995-7da2dd8134b2","local_time":"20180911190831","is_ascension_mode":false,"campfire_choices":[{"data":"Uppercut","floor":6,"key":"SMITH"},{"data":"Spot Weakness","floor":10,"key":"SMITH"},{"data":"Bash","floor":15,"key":"SMITH"},{"data":"Iron Wave","floor":23,"key":"SMITH"},{"data":"Battle Trance","floor":27,"key":"SMITH"},{"data":"Impervious","floor":32,"key":"SMITH"}],"neow_cost":"NONE","seed_source_timestamp":772325349824552,"circlet_count":0,"master_deck":["Strike_R+1","Strike_R+1","Defend_R","Defend_R","Defend_R","Defend_R","Bash+1","Uppercut+1","Spot Weakness+1","Battle Trance+1","Iron Wave+1","Bludgeon+1","Heavy Blade+1","Shrug It Off+1","Impervious+1","Armaments+1"],"relics":["Burning Blood","Whetstone","Golden Idol","Boot","Anchor","Paper Frog","Mark of Pain","Red Mask","Molten Egg 2","Dream Catcher","PreservedInsect"],"potions_floor_usage":[16,21,24,33,33],"damage_taken":[{"damage":3,"enemies":"Jaw Worm","floor":1,"turns":4},{"damage":3,"enemies":"Small Slimes","floor":3,"turns":3},{"damage":0,"enemies":"2 Louse","floor":4,"turns":2},{"damage":13,"enemies":"Gremlin Nob","floor":7,"turns":4},{"damage":0,"enemies":"Blue Slaver","floor":11,"turns":2},{"damage":4,"enemies":"3 Sentries","floor":13,"turns":8},{"damage":25,"enemies":"Slime Boss","floor":16,"turns":7},{"damage":12,"enemies":"Shell Parasite","floor":18,"turns":5},{"damage":16,"enemies":"Masked Bandits","floor":21,"turns":3},{"damage":7,"enemies":"2 Thieves","floor":22,"turns":3},{"damage":23,"enemies":"Book of Stabbing","floor":24,"turns":4},{"damage":0,"enemies":"Snecko","floor":25,"turns":2},{"damage":0,"enemies":"Snake Plant","floor":28,"turns":4},{"damage":13,"enemies":"Slavers","floor":29,"turns":6},{"damage":8,"enemies":"Centurion and Healer","floor":30,"turns":4},{"damage":65,"enemies":"Collector","floor":33,"turns":7}],"seed_played":"-6927460040116064366","potions_obtained":[{"floor":3,"key":"EssenceOfSteel"},{"floor":13,"key":"AttackPotion"},{"floor":16,"key":"SteroidPotion"},{"floor":20,"key":"Fire Potion"},{"floor":21,"key":"PowerPotion"},{"floor":24,"key":"BloodPotion"}],"is_trial":false,"path_per_floor":["M","?","M","M","?","R","E","$","T","R","M","$","E","?","R","B",null,"M","?","?","?","M","R","E","M","T","R","M","E","M","?","R"],"character_chosen":"IRONCLAD","items_purchased":["Iron Wave"],"campfire_rested":0,"item_purchase_floors":[8],"current_hp_per_floor":[80,60,63,69,62,62,55,55,55,55,61,61,63,63,63,44,80,74,74,74,64,63,63,46,52,52,52,58,51,49,49,49,0],"gold":420,"neow_bonus":"RANDOM_COMMON_RELIC","is_prod":false,"is_daily":false,"chose_seed":false,"campfire_upgraded":6,"win_rate":0,"timestamp":1536718111,"path_taken":["M","?","M","M","?","R","E","$","T","R","?","$","E","?","R","BOSS","M","?","?","?","M","R","E","M","T","R","M","E","?","?","R","BOSS"],"build_version":"2018-09-06","purchased_purges":2,"victory":false,"max_hp_per_floor":[80,80,80,80,80,80,80,80,80,80,80,80,80,80,80,80,80,80,80,80,80,80,80,80,80,80,80,80,80,80,80,80,80],"card_choices":[{"not_picked":["True Grit","Shrug It Off"],"picked":"Uppercut","floor":1},{"not_picked":["Sword Boomerang","Body Slam","Burning Pact"],"picked":"SKIP","floor":3},{"not_picked":["Warcry","Flex"],"picked":"Spot Weakness","floor":4},{"not_picked":["True Grit","Hemokinesis"],"picked":"Battle Trance","floor":7},{"not_picked":["Clash","Havoc","Evolve"],"picked":"SKIP","floor":11},{"not_picked":["Reckless Charge","Seeing Red","Sentinel"],"picked":"SKIP","floor":13},{"not_picked":["Fiend Fire","Brutality"],"picked":"Bludgeon","floor":16},{"not_picked":["Anger","Flex"],"picked":"Heavy Blade+1","floor":18},{"not_picked":["Dual Wield","Cleave"],"picked":"Shrug It Off+1","floor":21},{"not_picked":["Headbutt+1","Body Slam","Havoc"],"picked":"SKIP","floor":22},{"not_picked":["Flex","Rampage"],"picked":"Impervious","floor":24},{"not_picked":["Warcry","Flex"],"picked":"Armaments+1","floor":25},{"not_picked":["Reckless Charge+1","Clash+1","Thunderclap+1"],"picked":"SKIP","floor":28},{"not_picked":["Combust","Rage","Perfected Strike+1"],"picked":"SKIP","floor":29},{"not_picked":["Sever Soul+1","Anger+1","Sword Boomerang+1"],"picked":"SKIP","floor":30}],"player_experience":204731,"relics_obtained":[{"floor":7,"key":"Boot"},{"floor":9,"key":"Anchor"},{"floor":13,"key":"Paper Frog"},{"floor":21,"key":"Red Mask"},{"floor":24,"key":"Molten Egg 2"},{"floor":26,"key":"Dream Catcher"},{"floor":29,"key":"PreservedInsect"}],"event_choices":[{"event_name":"Golden Idol","player_choice":"Take Damage","floor":2,"damage_taken":0},{"event_name":"Golden Wing","player_choice":"Card Removal","floor":5,"damage_taken":0},{"event_name":"The Woman in Blue","player_choice":"Bought 0 Potions","floor":14,"damage_taken":0},{"event_name":"Upgrade Shrine","player_choice":"Upgraded","floor":19,"damage_taken":0},{"event_name":"The Lab","player_choice":"Got Potions","floor":20,"damage_taken":0},{"event_name":"Masked Bandits","player_choice":"Fought Bandits","floor":21,"damage_taken":0},{"event_name":"Ghosts","player_choice":"Ignored","floor":31,"damage_taken":0}],"is_beta":false,"boss_relics":[{"not_picked":["Orrery","Lizard Tail"],"picked":"Mark of Pain"}],"items_purged_floors":[8,12],"is_endless":false,"potions_floor_spawned":[3,13,16,21,24,30],"killed_by":"Collector","ascension_level":0}