{"gold_per_floor":[109,109,109,34,54,54,92,106,131,162,162,195,213,256,256,351,351,371,66,66,45,69,108,108],"floor_reached":24,"playtime":951,"items_purged":["Strike_R"],"score":501,"play_id":"7e32ab40-80d0-4536-972c-4e0c2935528d","local_time":"20190429020540","is_ascension_mode":true,"campfire_choices":[{"data":"Headbutt","floor":6,"key":"SMITH"},{"data":"Barricade","floor":11,"key":"SMITH"},{"data":"Shrug It Off","floor":15,"key":"SMITH"}],"neow_cost":"NONE","seed_source_timestamp":3125114862207611,"circlet_count":0,"master_deck":["AscendersBane","Strike_R","Strike_R","Defend_R","Defend_R+1","Defend_R","Defend_R","Bash","Body Slam+1","Headbutt+1","Iron Wave","Armaments","Barricade+1","Shrug It Off+1","Dual Wield","True Grit+1","Rage","Sword Boomerang","Sever Soul","Battle Trance","Battle Trance"],"relics":["Burning Blood","NeowsBlessing","Golden Idol","Happy Flower","Oddly Smooth Stone","Odd Mushroom","Potion Belt","Mango","Sozu","Membership Card","War Paint","Pen Nib"],"potions_floor_usage":[16,23],"damage_taken":[{"damage":0,"enemies":"Small Slimes","floor":1,"turns":1},{"damage":0,"enemies":"2 Louse","floor":5,"turns":1},{"damage":0,"enemies":"Gremlin Nob","floor":7,"turns":1},{"damage":12,"enemies":"Jaw Worm","floor":8,"turns":3},{"damage":18,"enemies":"The Mushroom Lair","floor":10,"turns":4},{"damage":8,"enemies":"3 Sentries","floor":12,"turns":9},{"damage":12,"enemies":"Large Slime","floor":13,"turns":6},{"damage":11,"enemies":"Lagavulin","floor":14,"turns":7},{"damage":24,"enemies":"Hexaghost","floor":16,"turns":9},{"damage":22,"enemies":"2 Thieves","floor":18,"turns":5},{"damage":5,"enemies":"Shell Parasite","floor":22,"turns":5},{"damage":54,"enemies":"Slavers","floor":23,"turns":10},{"damage":10,"enemies":"Masked Bandits","floor":24,"turns":2}],"seed_played":"-8881819960905027360","potions_obtained":[{"floor":5,"key":"EssenceOfSteel"},{"floor":10,"key":"Swift Potion"},{"floor":12,"key":"Ancient Potion"}],"is_trial":false,"path_per_floor":["M","?","?","$","M","R","E","M","T","?","R","E","M","E","R","B",null,"M","$","?","$","M","E","?"],"character_chosen":"IRONCLAD","items_purchased":["Membership Card","War Paint","Battle Trance"],"campfire_rested":0,"item_purchase_floors":[19,19,21],"current_hp_per_floor":[74,74,68,68,68,68,68,62,62,50,50,48,42,51,51,33,70,54,54,54,54,55,7,0],"gold":108,"neow_bonus":"THREE_ENEMY_KILL","is_prod":false,"is_daily":false,"chose_seed":false,"campfire_upgraded":3,"win_rate":0,"timestamp":1556499940,"path_taken":["M","?","?","$","M","R","E","M","T","?","R","E","?","E","R","BOSS","M","$","?","$","M","E","?"],"build_version":"2019-01-23","purchased_purges":1,"victory":false,"max_hp_per_floor":[75,75,68,68,68,68,68,68,68,68,68,68,68,82,82,82,82,82,82,82,82,82,82,82],"card_choices":[{"not_picked":["Perfected Strike","Pummel"],"picked":"Body Slam","floor":1},{"not_picked":["Twin Strike","Clothesline"],"picked":"Headbutt","floor":5},{"not_picked":["Heavy Blade","Cleave"],"picked":"Iron Wave","floor":7},{"not_picked":["Perfected Strike","Havoc"],"picked":"Armaments","floor":8},{"not_picked":["Power Through","Wild Strike"],"picked":"Barricade","floor":10},{"not_picked":["Twin Strike","Entrench"],"picked":"Shrug It Off","floor":12},{"not_picked":["Flex","Infernal Blade"],"picked":"Dual Wield","floor":13},{"not_picked":["Pommel Strike","Cleave"],"picked":"True Grit","floor":14},{"not_picked":["Pommel Strike+1","Armaments"],"picked":"Rage","floor":18},{"not_picked":["Pummel","Combust"],"picked":"Battle Trance","floor":22},{"not_picked":["Combust","Searing Blow","Fire Breathing+1"],"picked":"SKIP","floor":23}],"player_experience":241696,"relics_obtained":[{"floor":7,"key":"Happy Flower"},{"floor":9,"key":"Oddly Smooth Stone"},{"floor":10,"key":"Odd Mushroom"},{"floor":12,"key":"Potion Belt"},{"floor":14,"key":"Mango"},{"floor":23,"key":"Pen Nib"}],"event_choices":[{"damage_healed":0,"gold_gain":0,"player_choice":"Grow","damage_taken":0,"max_hp_gain":0,"max_hp_loss":0,"event_name":"Living Wall","floor":2,"gold_loss":0,"cards_upgraded":["Body Slam"]},{"damage_healed":0,"gold_gain":0,"player_choice":"Lose Max HP","damage_taken":0,"relics_obtained":["Golden Idol"],"max_hp_gain":0,"max_hp_loss":7,"event_name":"Golden Idol","floor":3,"gold_loss":0},{"damage_healed":0,"gold_gain":0,"player_choice":"Fought Mushrooms","damage_taken":0,"max_hp_gain":0,"max_hp_loss":0,"event_name":"Mushrooms","floor":10,"gold_loss":0},{"damage_healed":0,"gold_gain":0,"cards_transformed":["Strike_R","Strike_R"],"player_choice":"Became Test Subject","damage_taken":0,"max_hp_gain":0,"max_hp_loss":0,"event_name":"Drug Dealer","floor":20,"gold_loss":0,"cards_obtained":["Sword Boomerang","Sever Soul"]},{"damage_healed":0,"gold_gain":0,"player_choice":"Fought Bandits","damage_taken":0,"max_hp_gain":0,"max_hp_loss":0,"event_name":"Masked Bandits","floor":24,"gold_loss":0}],"is_beta":false,"boss_relics":[{"not_picked":["White Beast Statue","Lizard Tail"],"picked":"Sozu"}],"items_purged_floors":[4],"is_endless":false,"potions_floor_spawned":[5,10,12,22,23],"killed_by":"Masked Bandits","ascension_level":19}