{"gold_per_floor":[117,136,156,172,186,220,234,234,258,258,268,278,278,290,290,392,392,403,414,71,71,89,89,117,131,131,131],"floor_reached":27,"playtime":2017,"items_purged":[],"score":265,"play_id":"94b32e53-c177-4e43-8631-753846d61928","local_time":"20190414002642","is_ascension_mode":true,"campfire_choices":[{"data":"Footwork","floor":8,"key":"SMITH"},{"floor":10,"key":"REST"},{"floor":13,"key":"REST"},{"floor":15,"key":"REST"},{"floor":23,"key":"REST"}],"neow_cost":"NONE","seed_source_timestamp":351464865454400,"circlet_count":0,"master_deck":["Defend_G","Defend_G","Defend_G","Defend_G","Defend_G","Strike_G","Strike_G","Strike_G","Survivor","Neutralize","Wraith Form v2","Footwork","Flying Knee","Poisoned Stab","Dagger Throw","Bouncing Flask","Bane","Footwork+1","Poisoned Stab","Deadly Poison","Prepared","Dodge and Roll","Prepared","Blur","A Thousand Cuts","Deflect","Backflip+1","Crippling Poison","Calculated Gamble"],"relics":["Ring of the Snake","Bronze Scales","Dream Catcher","Empty Cage","Snake Skull","Toolbox","Regal Pillow"],"potions_floor_usage":[2,5,6,6,6,18,25,27,27],"damage_taken":[{"damage":5,"enemies":"Cultist","floor":1,"turns":5},{"damage":5,"enemies":"Jaw Worm","floor":2,"turns":8},{"damage":4,"enemies":"2 Louse","floor":3,"turns":3},{"damage":2,"enemies":"2 Fungi Beasts","floor":4,"turns":5},{"damage":1,"enemies":"Looter","floor":5,"turns":4},{"damage":6,"enemies":"Gremlin Nob","floor":6,"turns":3},{"damage":15,"enemies":"Gremlin Gang","floor":7,"turns":5},{"damage":9,"enemies":"3 Louse","floor":11,"turns":3},{"damage":0,"enemies":"Looter","floor":12,"turns":2},{"damage":4,"enemies":"Exordium Wildlife","floor":14,"turns":5},{"damage":26,"enemies":"The Guardian","floor":16,"turns":10},{"damage":15,"enemies":"Chosen","floor":18,"turns":5},{"damage":4,"enemies":"3 Byrds","floor":19,"turns":3},{"damage":27,"enemies":"Centurion and Healer","floor":22,"turns":8},{"damage":13,"enemies":"Book of Stabbing","floor":24,"turns":7},{"damage":3,"enemies":"Snake Plant","floor":25,"turns":4},{"damage":26,"enemies":"Slavers","floor":27,"turns":3}],"seed_played":"-2474026011373886628","potions_obtained":[{"floor":1,"key":"EntropicBrew"},{"floor":5,"key":"SpeedPotion"},{"floor":7,"key":"Dexterity Potion"},{"floor":12,"key":"Explosive Potion"},{"floor":14,"key":"Weak Potion"},{"floor":22,"key":"Regen Potion"}],"is_trial":false,"path_per_floor":["M","M","M","M","M","E","M","R","T","R","M","M","R","M","R","B",null,"M","M","$","?","M","R","E","M","T","E"],"character_chosen":"THE_SILENT","items_purchased":["Snake Skull","Toolbox"],"campfire_rested":4,"item_purchase_floors":[20,20],"current_hp_per_floor":[65,60,56,54,53,47,32,32,32,53,44,44,65,61,70,44,70,55,51,51,38,11,33,20,17,17,0],"gold":131,"neow_bonus":"ONE_RANDOM_RARE_CARD","is_prod":false,"is_daily":false,"chose_seed":false,"campfire_upgraded":1,"win_rate":0,"timestamp":1555194402,"path_taken":["M","M","M","M","M","E","?","R","T","R","M","M","R","M","R","BOSS","M","M","$","?","M","R","E","M","T","E"],"build_version":"2019-01-23","purchased_purges":0,"victory":false,"max_hp_per_floor":[70,70,70,70,70,70,70,70,70,70,70,70,70,70,70,70,70,70,70,70,75,75,75,75,75,75,75],"card_choices":[{"not_picked":["Flying Knee","Eviscerate"],"picked":"Footwork","floor":1},{"not_picked":["Slice","Masterful Stab"],"picked":"Flying Knee","floor":2},{"not_picked":["Sucker Punch","Quick Slash"],"picked":"Poisoned Stab","floor":3},{"not_picked":["Dagger Spray","Tools of the Trade"],"picked":"Dagger Throw","floor":4},{"not_picked":["Flying Knee","Dagger Throw"],"picked":"Bouncing Flask","floor":5},{"not_picked":["Wraith Form v2","PiercingWail"],"picked":"Bane","floor":6},{"not_picked":["Eviscerate","Accuracy"],"picked":"Footwork","floor":7},{"not_picked":["Prepared","Distraction"],"picked":"Poisoned Stab","floor":10},{"not_picked":["Sucker Punch","Slice"],"picked":"Deadly Poison","floor":11},{"not_picked":["Eviscerate","Masterful Stab"],"picked":"Prepared","floor":12},{"not_picked":["Dagger Throw","Bouncing Flask"],"picked":"Dodge and Roll","floor":13},{"not_picked":["Sucker Punch","Expertise"],"picked":"Prepared","floor":14},{"not_picked":["Escape Plan","Deadly Poison"],"picked":"Blur","floor":15},{"not_picked":["Bullet Time","Venomology"],"picked":"A Thousand Cuts","floor":16},{"not_picked":["Expertise","PiercingWail","Flechettes+1"],"picked":"SKIP","floor":18},{"not_picked":["Bouncing Flask","Dagger Throw"],"picked":"Deflect","floor":19},{"not_picked":["Tactician","Flying Knee"],"picked":"Backflip+1","floor":22},{"not_picked":["Cloak And Dagger","Dagger Throw"],"picked":"Crippling Poison","floor":23},{"not_picked":["Glass Knife","Blade Dance","Accuracy"],"picked":"SKIP","floor":24},{"not_picked":["Underhanded Strike","Outmaneuver"],"picked":"Calculated Gamble","floor":25}],"player_experience":428996,"relics_obtained":[{"floor":6,"key":"Bronze Scales"},{"floor":9,"key":"Dream Catcher"},{"floor":24,"key":"Regal Pillow"}],"event_choices":[{"damage_healed":0,"gold_gain":0,"player_choice":"Shed Blood","damage_taken":18,"max_hp_gain":5,"max_hp_loss":0,"event_name":"Forgotten Altar","floor":21,"gold_loss":0}],"is_beta":false,"boss_relics":[{"not_picked":["Eternal Feather","White Beast Statue"],"picked":"Empty Cage"}],"items_purged_floors":[],"is_endless":false,"potions_floor_spawned":[1,5,7,12,14,22,24],"killed_by":"Slavers","ascension_level":2}