{"gold_per_floor":[115,128,145,145,145,145,180,196,196,524,534,567,567,581,581,678,678,690,709,366,366,382,408,408,438,438,363,363,462,462,496,496,594,594,610,377,387,126,0,30,30,61,61,61,94,114,134,134,134,134],"floor_reached":51,"playtime":3622,"items_purged":["Strike_G","Pain","Regret"],"score":995,"play_id":"b5573ec8-5a68-4724-8481-4a3382c6abb9","local_time":"20180811220931","is_ascension_mode":true,"campfire_choices":[{"data":"Envenom","floor":6,"key":"SMITH"},{"data":"Neutralize","floor":13,"key":"SMITH"},{"data":"After Image","floor":15,"key":"SMITH"},{"data":"Cloak And Dagger","floor":24,"key":"SMITH"},{"data":"Cloak And Dagger","floor":28,"key":"SMITH"},{"floor":32,"key":"REST"},{"data":"Malaise","floor":41,"key":"SMITH"},{"floor":44,"key":"REST"},{"floor":49,"key":"REST"}],"neow_cost":"NONE","seed_source_timestamp":294014212917618,"circlet_count":0,"master_deck":["Defend_G","Defend_G","Defend_G","Defend_G","Defend_G","Strike_G","Survivor","Neutralize+1","Envenom+1","Dagger Spray","Cloak And Dagger+1","Flying Knee","After Image+1","All Out Attack","Backstab","Backflip+1","Adrenaline","Corpse Explosion","Caltrops+1","Noxious Fumes+1","Dagger Spray","Cloak And Dagger+1","Infinite Blades","Outmaneuver","Backflip","Malaise+1","Parasite","Footwork+1","Well Laid Plans+1","Night Terror+1","Backflip+1","Well Laid Plans+1","Footwork+1","PiercingWail","Envenom+1","Dash+1","Acrobatics","Escape Plan"],"relics":["Ring of the Snake","Snake Skull","Pear","Old Coin","Smiling Mask","Sozu","Strawberry","Meat on the Bone","Bag of Preparation","Dodecahedron","Dream Catcher","Calling Bell","Oddly Smooth Stone","Frozen Egg 2","The Specimen","War Paint","Red Mask","Nunchaku","Vajra","Sundial","Shuriken"],"potions_floor_usage":[8,16,16,40],"damage_taken":[{"damage":9,"enemies":"Cultist","floor":1,"turns":6},{"damage":3,"enemies":"Jaw Worm","floor":2,"turns":5},{"damage":0,"enemies":"Small Slimes","floor":3,"turns":4},{"damage":18,"enemies":"3 Sentries","floor":7,"turns":7},{"damage":14,"enemies":"Exordium Thugs","floor":8,"turns":6},{"damage":2,"enemies":"Lagavulin","floor":10,"turns":6},{"damage":1,"enemies":"Lots of Slimes","floor":11,"turns":3},{"damage":2,"enemies":"3 Sentries","floor":12,"turns":5},{"damage":6,"enemies":"Looter","floor":14,"turns":2},{"damage":0,"enemies":"Hexaghost","floor":16,"turns":8},{"damage":0,"enemies":"3 Byrds","floor":18,"turns":4},{"damage":6,"enemies":"Spheric Guardian","floor":19,"turns":4},{"damage":8,"enemies":"Centurion and Healer","floor":22,"turns":3},{"damage":8,"enemies":"Gremlin Leader","floor":23,"turns":6},{"damage":4,"enemies":"Book of Stabbing","floor":25,"turns":5},{"damage":7,"enemies":"Gremlin Leader","floor":31,"turns":5},{"damage":43,"enemies":"Automaton","floor":33,"turns":9},{"damage":6,"enemies":"Flame Bruiser 1 Orb","floor":35,"turns":6},{"damage":8,"enemies":"3 Shapes","floor":37,"turns":6},{"damage":32,"enemies":"2 Orb Walkers","floor":40,"turns":5},{"damage":17,"enemies":"Nemesis","floor":42,"turns":9},{"damage":35,"enemies":"2 Orb Walkers","floor":45,"turns":4},{"damage":3,"enemies":"Transient","floor":46,"turns":5},{"damage":6,"enemies":"4 Shapes","floor":47,"turns":4},{"damage":24,"enemies":"Donu and Deca","floor":50,"turns":7}],"seed_played":"7852804561480714255","potions_obtained":[{"floor":2,"key":"SmokeBomb"},{"floor":3,"key":"Regen Potion"},{"floor":10,"key":"GamblersBrew"},{"floor":11,"key":"Block Potion"},{"floor":12,"key":"Poison Potion"}],"is_trial":false,"path_per_floor":["M","M","M","?","?","R","E","M","T","E","M","E","R","M","R","B",null,"M","M","$","?","M","E","R","E","T","?","R","?","?","E","R","B",null,"M","$","M","$","?","E","R","E","T","R","E","M","M","?","R","B"],"character_chosen":"THE_SILENT","items_purchased":["Dagger Spray","Cloak And Dagger","Infinite Blades","Strawberry","Well Laid Plans+1","Night Terror","Well Laid Plans+1","War Paint"],"campfire_rested":3,"item_purchase_floors":[20,20,20,20,36,36,38,38],"current_hp_per_floor":[61,58,58,51,70,70,52,53,63,61,60,58,58,52,52,52,80,80,74,81,81,73,65,65,61,61,61,61,61,61,54,80,49,87,81,81,73,73,73,53,53,48,48,74,51,48,54,54,80,56],"gold":134,"neow_bonus":"ONE_RANDOM_RARE_CARD","is_prod":false,"is_daily":false,"chose_seed":false,"campfire_upgraded":6,"win_rate":0,"timestamp":1534050571,"path_taken":["M","M","?","?","?","R","E","?","T","E","?","E","R","M","R","BOSS","M","M","$","?","?","E","R","E","T","?","R","?","?","E","R","BOSS","M","$","M","$","?","E","R","E","T","R","E","M","M","?","R","BOSS"],"build_version":"2018-08-09","purchased_purges":3,"victory":true,"max_hp_per_floor":[70,70,70,70,70,70,70,70,80,80,80,80,80,80,80,80,80,80,80,87,87,87,87,87,87,87,87,87,87,87,87,87,87,87,87,87,87,87,87,87,87,87,87,87,87,87,87,87,87,87],"card_choices":[{"not_picked":["Backflip","Blade Dance"],"picked":"Dagger Spray","floor":1},{"not_picked":["Accuracy","PiercingWail"],"picked":"Cloak And Dagger","floor":2},{"not_picked":["Dagger Throw","PiercingWail"],"picked":"Flying Knee","floor":3},{"not_picked":["Footwork","Slice"],"picked":"After Image","floor":7},{"not_picked":["Terror","Sucker Punch"],"picked":"All Out Attack","floor":8},{"not_picked":["Infinite Blades","Quick Slash"],"picked":"Backstab","floor":10},{"not_picked":["PiercingWail","Accuracy"],"picked":"Backflip","floor":11},{"not_picked":["Tactician","Underhanded Strike"],"picked":"Adrenaline","floor":12},{"not_picked":["Predator","Bane","Quick Slash"],"picked":"SKIP","floor":14},{"not_picked":["Doppelganger","Venomology"],"picked":"Corpse Explosion","floor":16},{"not_picked":["Catalyst+1","Flying Knee"],"picked":"Caltrops+1","floor":18},{"not_picked":["Dodge and Roll","Reflex"],"picked":"Noxious Fumes","floor":19},{"not_picked":["Reflex","Deadly Poison+1","Masterful Stab"],"picked":"SKIP","floor":22},{"not_picked":["Deflect","Escape Plan"],"picked":"Outmaneuver","floor":23},{"not_picked":["Escape Plan","Heel Hook"],"picked":"Backflip","floor":25},{"not_picked":["Prepared+1","Bouncing Flask","Doppelganger"],"picked":"SKIP","floor":31},{"not_picked":["Phantasmal Killer","Night Terror"],"picked":"Malaise","floor":33},{"not_picked":["Caltrops+1","Cloak And Dagger"],"picked":"Footwork+1","floor":35},{"not_picked":["Endless Agony+1","Finisher+1"],"picked":"Backflip+1","floor":37},{"not_picked":["Dagger Throw+1","Skewer","Prepared"],"picked":"SKIP","floor":40},{"not_picked":["Slice+1","Prepared+1"],"picked":"Footwork+1","floor":42},{"not_picked":["Finisher+1","Predator+1"],"picked":"PiercingWail","floor":44},{"not_picked":["Deflect+1","Terror"],"picked":"Envenom+1","floor":45},{"not_picked":["Dagger Throw","Noxious Fumes+1"],"picked":"Dash+1","floor":46},{"not_picked":["Dagger Throw","Terror"],"picked":"Acrobatics","floor":47},{"not_picked":["Endless Agony+1","Finisher"],"picked":"Escape Plan","floor":49}],"player_experience":37693,"relics_obtained":[{"floor":7,"key":"Snake Skull"},{"floor":9,"key":"Pear"},{"floor":10,"key":"Old Coin"},{"floor":12,"key":"Smiling Mask"},{"floor":23,"key":"Meat on the Bone"},{"floor":25,"key":"Bag of Preparation"},{"floor":26,"key":"Dodecahedron"},{"floor":31,"key":"Dream Catcher"},{"floor":34,"key":"Oddly Smooth Stone"},{"floor":34,"key":"Frozen Egg 2"},{"floor":34,"key":"The Specimen"},{"floor":40,"key":"Nunchaku"},{"floor":42,"key":"Vajra"},{"floor":43,"key":"Sundial"},{"floor":45,"key":"Shuriken"}],"event_choices":[{"event_name":"Golden Wing","player_choice":"Card Removal","floor":4,"damage_taken":0},{"event_name":"Wheel of Change","player_choice":"Full Heal","floor":5,"damage_taken":0},{"event_name":"Drug Dealer","player_choice":"Ignored","floor":21,"damage_taken":0},{"event_name":"Beggar","player_choice":"Gave Gold","floor":27,"damage_taken":0},{"event_name":"Nest","player_choice":"Stole From Cult","floor":29,"damage_taken":0},{"event_name":"Upgrade Shrine","player_choice":"Upgraded","floor":30,"damage_taken":0},{"event_name":"Tomb of Lord Red Mask","player_choice":"Paid","floor":39,"damage_taken":0},{"event_name":"Purifier","player_choice":"One Purge","floor":48,"damage_taken":0}],"is_beta":false,"boss_relics":[{"not_picked":["Black Star","Fusion Hammer"],"picked":"Sozu"},{"not_picked":["Snecko Eye","Coffee Dripper"],"picked":"Calling Bell"}],"items_purged_floors":[20,36,38],"is_endless":false,"potions_floor_spawned":[2,3,10,11,12,18,19,25,31,37,42,46,47],"ascension_level":2}