{"gold_per_floor":[19,37,47,21,21,21,61,61,113,113,136,161,42,62,62,182,182,201,201,201,214,258,293,309,333,358,358],"floor_reached":27,"playtime":1454,"items_purged":[],"score":342,"play_id":"3fc8b00b-f55c-43c6-9ce6-5b026bb5be9e","local_time":"20190413232557","is_ascension_mode":true,"campfire_choices":[{"data":"Perfected Strike","floor":6.0,"key":"SMITH"},{"data":"Shockwave","floor":8.0,"key":"SMITH"},{"floor":15.0,"key":"REST"}],"neow_cost":"NO_GOLD","seed_source_timestamp":0,"circlet_count":0,"master_deck":["Strike_R","Strike_R","Strike_R","Strike_R","Strike_R+1","Defend_R","Defend_R+1","Defend_R","Defend_R+1","Bash","Headbutt","Perfected Strike+1","Spot Weakness","Headbutt","Shockwave+1","Headbutt","Intimidate","Offering+1","Perfected Strike","True Grit","Double Tap","Body Slam+1","RitualDagger","Perfected Strike","Dropkick+1","Twin Strike","Twin Strike+1"],"special_seed":0,"relics":["Black Blood","Golden Idol","Bronze Scales","PreservedInsect","Red Mask","War Paint","Oddly Smooth Stone"],"potions_floor_usage":[18,22,25,27],"damage_taken":[{"damage":6.0,"enemies":"Cultist","floor":1.0,"turns":4.0},{"damage":0.0,"enemies":"Small Slimes","floor":2.0,"turns":3.0},{"damage":6.0,"enemies":"2 Louse","floor":3.0,"turns":2.0},{"damage":24.0,"enemies":"Lagavulin","floor":7.0,"turns":4.0},{"damage":13.0,"enemies":"Large Slime","floor":11.0,"turns":4.0},{"damage":0.0,"enemies":"3 Louse","floor":12.0,"turns":1.0},{"damage":0.0,"enemies":"Looter","floor":14.0,"turns":3.0},{"damage":16.0,"enemies":"Slime Boss","floor":16.0,"turns":6.0},{"damage":11,"enemies":"3 Byrds","floor":18,"turns":3},{"damage":21,"enemies":"2 Thieves","floor":21,"turns":3},{"damage":36,"enemies":"Masked Bandits","floor":22,"turns":4},{"damage":23,"enemies":"Book of Stabbing","floor":23,"turns":4},{"damage":13,"enemies":"Cultist and Chosen","floor":24,"turns":6},{"damage":19,"enemies":"3 Cultists","floor":25,"turns":4},{"damage":18,"enemies":"Shelled Parasite and Fungi","floor":27,"turns":2}],"seed_played":"7060000481521199063","potions_obtained":[{"floor":1.0,"key":"EntropicBrew"},{"floor":12.0,"key":"SneckoOil"},{"floor":21,"key":"Poison Potion"},{"floor":24,"key":"SteroidPotion"},{"floor":25,"key":"Fire Potion"}],"is_trial":false,"path_per_floor":["M","M","M","$","?","R","E","R","T","?","M","M","$","M","R","B",null,"M","?","?","M","?","E","M","M","T","M"],"character_chosen":"IRONCLAD","items_purchased":["Headbutt","Offering","Perfected Strike"],"campfire_rested":1,"item_purchase_floors":[4,13,13],"current_hp_per_floor":[88,94,94,94,70,70,52,52,52,33,26,32,32,38,66,56,86,85,85,79,68,42,29,26,17,17,0],"gold":358,"neow_bonus":"TWENTY_PERCENT_HP_BONUS","is_prod":false,"is_daily":false,"chose_seed":false,"campfire_upgraded":2,"win_rate":0,"timestamp":1555165557,"path_taken":["M","M","M","?","?","R","E","R","T","?","M","M","$","M","R","BOSS","M","?","?","M","?","E","M","M","T","M"],"build_version":"2019-01-23","purchased_purges":0,"victory":false,"max_hp_per_floor":[96,96,96,96,96,96,96,96,96,96,96,96,96,96,96,96,96,96,96,96,96,96,96,96,96,96,96],"card_choices":[{"not_picked":["Entrench","Heavy Blade"],"picked":"Headbutt","floor":1.0},{"not_picked":["Armaments","Havoc"],"picked":"Perfected Strike","floor":2.0},{"not_picked":["Carnage","Burning Pact"],"picked":"Spot Weakness","floor":3.0},{"not_picked":["Dual Wield","Sentinel"],"picked":"Shockwave","floor":7.0},{"not_picked":["Power Through","Iron Wave"],"picked":"Headbutt","floor":11.0},{"not_picked":["Feel No Pain","Anger"],"picked":"Intimidate","floor":12.0},{"not_picked":["Iron Wave","Cleave"],"picked":"True Grit","floor":14.0},{"not_picked":["Impervious","Brutality"],"picked":"Double Tap","floor":16.0},{"not_picked":["Anger","Heavy Blade"],"picked":"Body Slam+1","floor":18},{"not_picked":["Cleave+1","Pommel Strike+1"],"picked":"Perfected Strike","floor":21},{"not_picked":["Searing Blow+1","Clash"],"picked":"Dropkick+1","floor":22},{"not_picked":["Demon Form","Hemokinesis+1"],"picked":"Twin Strike","floor":23},{"not_picked":["Armaments","Evolve"],"picked":"Twin Strike+1","floor":24},{"not_picked":["Iron Wave","Shockwave","Anger"],"picked":"SKIP","floor":25}],"player_experience":324503,"relics_obtained":[{"floor":7.0,"key":"Bronze Scales"},{"floor":9.0,"key":"PreservedInsect"},{"floor":22,"key":"Red Mask"},{"floor":23,"key":"War Paint"},{"floor":26,"key":"Oddly Smooth Stone"}],"event_choices":[{"damage_healed":0.0,"max_hp_gain":0.0,"max_hp_loss":0.0,"gold_gain":0.0,"event_name":"Golden Idol","player_choice":"Take Damage","floor":5.0,"gold_loss":0.0,"damage_taken":24.0,"relics_obtained":["Golden Idol"]},{"damage_healed":0.0,"max_hp_gain":0.0,"max_hp_loss":0.0,"gold_gain":0.0,"event_name":"Shining Light","player_choice":"Entered Light","floor":10.0,"gold_loss":0.0,"damage_taken":19.0,"cards_upgraded":["Defend_R","Strike_R"]},{"damage_healed":0,"gold_gain":0,"player_choice":"Ignored","damage_taken":0,"max_hp_gain":0,"max_hp_loss":0,"event_name":"Vampires","floor":19,"gold_loss":0},{"damage_healed":0,"gold_gain":0,"player_choice":"Joined the Cult","damage_taken":6,"max_hp_gain":0,"max_hp_loss":0,"event_name":"Nest","floor":20,"gold_loss":0,"cards_obtained":["RitualDagger"]},{"damage_healed":0,"gold_gain":0,"player_choice":"Fought Bandits","damage_taken":0,"max_hp_gain":0,"max_hp_loss":0,"event_name":"Masked Bandits","floor":22,"gold_loss":0}],"is_beta":false,"boss_relics":[{"not_picked":["Fusion Hammer","Philosopher\u0027s Stone"],"picked":"Black Blood"}],"items_purged_floors":[],"is_endless":false,"potions_floor_spawned":[1,2,3,12,21,24,25],"killed_by":"Shelled Parasite and Fungi","ascension_level":7}