{"gold_per_floor":[110,110,129,148,158,192,192,192,215,215],"floor_reached":10,"playtime":507,"items_purged":[],"score":126,"play_id":"6165c65d-72c8-48e3-b0da-1c4e24792752","local_time":"20190501134959","is_ascension_mode":true,"campfire_choices":[{"floor":7,"key":"REST"}],"neow_cost":"NONE","seed_source_timestamp":43054134280430,"circlet_count":0,"master_deck":["AscendersBane","Strike_R","Strike_R","Strike_R","Strike_R","Strike_R","Defend_R","Defend_R","Defend_R","Defend_R","Bash+1","Armaments","Clothesline","True Grit","Reaper"],"relics":["Burning Blood","Centennial Puzzle","Bag of Preparation","Potion Belt"],"potions_floor_usage":[6],"damage_taken":[{"damage":4,"enemies":"Small Slimes","floor":1,"turns":4},{"damage":2,"enemies":"Cultist","floor":3,"turns":4},{"damage":4,"enemies":"2 Louse","floor":4,"turns":3},{"damage":35,"enemies":"Large Slime","floor":5,"turns":8},{"damage":55,"enemies":"3 Sentries","floor":6,"turns":15},{"damage":62,"enemies":"Lagavulin","floor":10,"turns":9}],"seed_played":"-5092562897575060298","potions_obtained":[{"floor":4,"key":"Regen Potion"}],"is_trial":false,"path_per_floor":["M","?","M","M","M","E","R","T","T","E"],"character_chosen":"IRONCLAD","items_purchased":[],"campfire_rested":1,"item_purchase_floors":[],"current_hp_per_floor":[77,77,81,82,53,19,43,43,43,0],"gold":215,"neow_bonus":"TEN_PERCENT_HP_BONUS","is_prod":false,"is_daily":false,"chose_seed":false,"campfire_upgraded":0,"win_rate":0,"timestamp":1556743799,"path_taken":["M","?","M","M","?","E","R","?","T","E"],"build_version":"2019-01-23","purchased_purges":0,"victory":false,"max_hp_per_floor":[82,82,82,82,82,82,82,82,82,82],"card_choices":[{"not_picked":["Pommel Strike","Havoc"],"picked":"Armaments","floor":1},{"not_picked":["Headbutt","Shrug It Off"],"picked":"Clothesline","floor":3},{"not_picked":["Anger","Evolve"],"picked":"True Grit","floor":4},{"not_picked":["Fire Breathing","Clothesline","Body Slam"],"picked":"SKIP","floor":5},{"not_picked":["Rampage","Perfected Strike"],"picked":"Reaper","floor":6}],"player_experience":522397,"relics_obtained":[{"floor":6,"key":"Centennial Puzzle"},{"floor":8,"key":"Bag of Preparation"},{"floor":9,"key":"Potion Belt"}],"event_choices":[{"damage_healed":0,"gold_gain":0,"player_choice":"Forge","damage_taken":0,"max_hp_gain":0,"max_hp_loss":0,"event_name":"Accursed Blacksmith","floor":2,"gold_loss":0,"cards_upgraded":["Bash"]}],"is_beta":false,"boss_relics":[],"items_purged_floors":[],"is_endless":false,"potions_floor_spawned":[4],"killed_by":"Lagavulin","ascension_level":17}