{"gold_per_floor":[110,30,40,57,72,104,104,132,159,177,177,177,136,153,153,153],"floor_reached":16,"playtime":678,"items_purged":[],"score":162,"play_id":"e0fc706a-94cb-478d-a183-5a7f6536786f","local_time":"20190425220017","is_ascension_mode":true,"campfire_choices":[{"data":"Cleave","floor":7.0,"key":"SMITH"},{"data":"Fiend Fire","floor":11.0,"key":"SMITH"},{"data":"Warcry","floor":15,"key":"SMITH"}],"neow_cost":"NONE","seed_source_timestamp":1082288971868690,"circlet_count":0,"master_deck":["Strike_R","Strike_R","Strike_R","Strike_R","Defend_R","Defend_R","Defend_R","Defend_R","Bash","Fiend Fire+1","Headbutt","Pummel","Pummel","Battle Trance","Cleave+1","Sword Boomerang","Battle Trance","Second Wind","Warcry+1"],"special_seed":0,"relics":["Burning Blood","Pantograph","Bag of Marbles","Art of War"],"potions_floor_usage":[14,16],"damage_taken":[{"damage":0.0,"enemies":"Small Slimes","floor":1.0,"turns":3.0},{"damage":2.0,"enemies":"2 Louse","floor":3.0,"turns":2.0},{"damage":1.0,"enemies":"Cultist","floor":4.0,"turns":3.0},{"damage":5.0,"enemies":"2 Fungi Beasts","floor":5.0,"turns":3.0},{"damage":30.0,"enemies":"3 Sentries","floor":6.0,"turns":7.0},{"damage":33.0,"enemies":"Lagavulin","floor":8.0,"turns":5.0},{"damage":11.0,"enemies":"Looter","floor":10.0,"turns":2.0},{"damage":0,"enemies":"Lots of Slimes","floor":14,"turns":1},{"damage":55,"enemies":"The Guardian","floor":16,"turns":15}],"seed_played":"2457114594705767915","potions_obtained":[{"floor":5.0,"key":"SteroidPotion"},{"floor":6.0,"key":"EssenceOfSteel"},{"floor":8.0,"key":"Explosive Potion"},{"floor":10.0,"key":"SkillPotion"}],"is_trial":false,"path_per_floor":["M","$","M","M","M","E","R","E","T","M","R","?","?","M","R","B"],"character_chosen":"IRONCLAD","items_purchased":["Pummel"],"campfire_rested":0,"item_purchase_floors":[2],"current_hp_per_floor":[78,78,80,80,80,56,56,29,29,24,24,24,24,30,30,0],"gold":153,"neow_bonus":"ONE_RANDOM_RARE_CARD","is_prod":false,"is_daily":false,"chose_seed":false,"campfire_upgraded":3,"win_rate":0,"timestamp":1556197217,"path_taken":["M","$","M","M","M","E","R","E","T","M","R","?","?","M","R","BOSS"],"build_version":"2019-01-23","purchased_purges":0,"victory":false,"max_hp_per_floor":[80,80,80,80,80,80,80,80,80,80,80,80,80,80,80,80],"card_choices":[{"not_picked":["Clothesline","Shrug It Off"],"picked":"Headbutt","floor":1.0},{"not_picked":["Combust","Clothesline"],"picked":"Pummel","floor":3.0},{"not_picked":["Havoc","Carnage","Dark Embrace"],"picked":"SKIP","floor":4.0},{"not_picked":["Sword Boomerang","Shrug It Off"],"picked":"Battle Trance","floor":5.0},{"not_picked":["Thunderclap","Heavy Blade"],"picked":"Cleave","floor":6.0},{"not_picked":["Sever Soul","Perfected Strike"],"picked":"Sword Boomerang","floor":8.0},{"not_picked":["Flex","Dropkick"],"picked":"Battle Trance","floor":10.0},{"not_picked":["True Grit","Headbutt"],"picked":"Warcry","floor":14}],"player_experience":432010,"relics_obtained":[{"floor":6.0,"key":"Pantograph"},{"floor":8.0,"key":"Bag of Marbles"},{"floor":9.0,"key":"Art of War"}],"event_choices":[{"damage_healed":0.0,"max_hp_gain":0.0,"max_hp_loss":0.0,"gold_gain":0.0,"cards_transformed":["Strike_R"],"event_name":"Living Wall","player_choice":"Change","floor":12.0,"gold_loss":0.0,"damage_taken":0.0,"cards_obtained":["Second Wind"]},{"damage_healed":0.0,"max_hp_gain":0.0,"max_hp_loss":0.0,"gold_gain":0.0,"event_name":"World of Goop","player_choice":"Left Gold","floor":13.0,"gold_loss":41.0,"damage_taken":0.0}],"is_beta":false,"boss_relics":[],"items_purged_floors":[],"is_endless":false,"potions_floor_spawned":[5,6,8,10],"killed_by":"The Guardian","ascension_level":9}