{"gold_per_floor":[110,285,28,103,103,128,145,178,178,178,198,211,211,243,243,318,318,333,351,351,30,30,55,55,70,96,96,114,141,41,68,68,145,145,159,178,191,191,201,201,301,318,318,337,371,371],"floor_reached":46,"playtime":5832,"items_purged":["Doubt","Pain"],"score":937,"play_id":"b13871ca-c537-4ae9-bd9b-abf381e9e512","local_time":"20190503133023","is_ascension_mode":true,"campfire_choices":[{"data":"Discovery","floor":10,"key":"SMITH"},{"data":"Metallicize","floor":15,"key":"SMITH"},{"data":"True Grit","floor":24,"key":"SMITH"},{"data":"Flame Barrier","floor":27,"key":"SMITH"},{"floor":32,"key":"REST"},{"data":"Whirlwind","floor":40,"key":"SMITH"}],"neow_cost":"NONE","seed_source_timestamp":302718932151900,"circlet_count":0,"master_deck":["AscendersBane","Strike_R","Strike_R","Strike_R","Strike_R","Strike_R","Defend_R","Defend_R","Defend_R","Bash","True Grit+1","Discovery+1","Shrug It Off","Metallicize+1","Bash","Flame Barrier+1","Heavy Blade","Offering","Impervious","Immolate","Corruption","Burning Pact+1","Spot Weakness","Cleave","Battle Trance","Uppercut","Shrug It Off","Demon Form","Whirlwind+1","Inflame+1","Shrug It Off+1"],"relics":["Burning Blood","NeowsBlessing","Incense Burner","Regal Pillow","Unceasing Top","Bronze Scales","Sozu","Meat on the Bone","WarpedTongs","Ancient Tea Set","Orichalcum","Lantern","Vajra","Busted Crown","Turnip","Self Forming Clay","Thread and Needle"],"potions_floor_usage":[8,16,16],"damage_taken":[{"damage":0,"enemies":"2 Louse","floor":1,"turns":1},{"damage":0,"enemies":"Gremlin Nob","floor":6,"turns":1},{"damage":0,"enemies":"Small Slimes","floor":7,"turns":1},{"damage":24,"enemies":"Lagavulin","floor":8,"turns":6},{"damage":2,"enemies":"Jaw Worm","floor":11,"turns":4},{"damage":1,"enemies":"Exordium Thugs","floor":12,"turns":4},{"damage":45,"enemies":"Gremlin Nob","floor":14,"turns":5},{"damage":28,"enemies":"Hexaghost","floor":16,"turns":11},{"damage":15,"enemies":"2 Thieves","floor":18,"turns":4},{"damage":26,"enemies":"Chosen","floor":19,"turns":5},{"damage":22,"enemies":"Slavers","floor":23,"turns":5},{"damage":7,"enemies":"Snake Plant","floor":25,"turns":2},{"damage":18,"enemies":"Sentry and Sphere","floor":28,"turns":5},{"damage":20,"enemies":"Book of Stabbing","floor":29,"turns":5},{"damage":14,"enemies":"Gremlin Leader","floor":31,"turns":5},{"damage":63,"enemies":"Collector","floor":33,"turns":10},{"damage":16,"enemies":"3 Darklings","floor":35,"turns":6},{"damage":30,"enemies":"3 Shapes","floor":36,"turns":1},{"damage":10,"enemies":"Jaw Worm Horde","floor":37,"turns":3},{"damage":22,"enemies":"Sphere and 2 Shapes","floor":39,"turns":5},{"damage":16,"enemies":"Mind Bloom Boss Battle","floor":41,"turns":5},{"damage":36,"enemies":"Spire Growth","floor":42,"turns":5},{"damage":18,"enemies":"Writhing Mass","floor":44,"turns":5},{"damage":34,"enemies":"Reptomancer","floor":45,"turns":6},{"damage":21,"enemies":"Jaw Worm Horde","floor":46,"turns":2}],"seed_played":"920486201085641487","potions_obtained":[{"floor":6,"key":"BloodPotion"},{"floor":7,"key":"AttackPotion"},{"floor":11,"key":"EssenceOfSteel"}],"is_trial":false,"path_per_floor":["M","?","$","?","?","E","M","E","T","R","M","M","?","E","R","B",null,"M","M","$","$","?","E","R","M","T","R","M","E","$","E","R","B",null,"M","M","M","?","M","R","?","M","T","M","E","M"],"character_chosen":"IRONCLAD","items_purchased":["Discovery","Shrug It Off","Metallicize","Meat on the Bone","Spot Weakness"],"campfire_rested":1,"item_purchase_floors":[3,3,3,21,21],"current_hp_per_floor":[78,78,78,67,67,73,79,61,61,61,65,70,70,31,31,17,64,55,35,35,35,35,31,31,42,42,42,42,40,40,44,80,35,69,59,47,55,55,51,51,53,35,35,35,19,0],"gold":371,"neow_bonus":"THREE_ENEMY_KILL","is_prod":false,"is_daily":false,"chose_seed":false,"campfire_upgraded":5,"win_rate":0,"timestamp":1556883023,"path_taken":["M","?","$","?","?","E","?","E","T","R","M","M","?","E","R","BOSS","M","M","?","$","?","E","R","M","T","R","?","E","$","E","R","BOSS","M","?","M","?","M","R","?","M","T","M","E","M"],"build_version":"2019-01-23","purchased_purges":2,"victory":false,"max_hp_per_floor":[80,80,80,80,80,80,80,80,80,80,80,80,80,80,80,80,80,80,80,80,80,80,80,80,80,80,80,80,80,80,80,80,80,80,80,80,80,80,80,80,80,80,80,80,80,80],"card_choices":[{"not_picked":["Wild Strike","Iron Wave"],"picked":"True Grit","floor":1},{"not_picked":["True Grit","Blood for Blood"],"picked":"Flame Barrier","floor":6},{"not_picked":["Twin Strike","Sword Boomerang","Reckless Charge"],"picked":"SKIP","floor":7},{"not_picked":["Clothesline","Pommel Strike"],"picked":"Heavy Blade","floor":8},{"not_picked":["Flex","Anger"],"picked":"Offering","floor":11},{"not_picked":["Feel No Pain","Havoc","Rage"],"picked":"SKIP","floor":12},{"not_picked":["Hemokinesis","Rupture"],"picked":"Impervious","floor":14},{"not_picked":["Bludgeon","Berserk"],"picked":"Immolate","floor":16},{"not_picked":["Anger","Evolve"],"picked":"Corruption","floor":18},{"not_picked":["Cleave","Heavy Blade"],"picked":"Burning Pact+1","floor":19},{"not_picked":["Wild Strike","Havoc","Sword Boomerang+1"],"picked":"SKIP","floor":23},{"not_picked":["Anger","Brutality"],"picked":"Cleave","floor":25},{"not_picked":["Disarm","Cleave"],"picked":"Battle Trance","floor":28},{"not_picked":["Warcry","True Grit"],"picked":"Uppercut","floor":29},{"not_picked":["Iron Wave","Corruption"],"picked":"Shrug It Off","floor":31},{"not_picked":["Bludgeon","Offering"],"picked":"Demon Form","floor":33},{"not_picked":[],"picked":"Whirlwind","floor":35},{"not_picked":["Twin Strike"],"picked":"SKIP","floor":36},{"not_picked":["Havoc"],"picked":"SKIP","floor":37},{"not_picked":["Havoc"],"picked":"SKIP","floor":37},{"not_picked":[],"picked":"Inflame+1","floor":39},{"not_picked":["Perfected Strike"],"picked":"SKIP","floor":42},{"not_picked":["Armaments"],"picked":"SKIP","floor":44},{"not_picked":[],"picked":"Shrug It Off+1","floor":45}],"player_experience":1016006,"relics_obtained":[{"floor":6,"key":"Incense Burner"},{"floor":8,"key":"Regal Pillow"},{"floor":9,"key":"Unceasing Top"},{"floor":14,"key":"Bronze Scales"},{"floor":23,"key":"Ancient Tea Set"},{"floor":26,"key":"Orichalcum"},{"floor":29,"key":"Lantern"},{"floor":31,"key":"Vajra"},{"floor":41,"key":"Turnip"},{"floor":43,"key":"Self Forming Clay"},{"floor":45,"key":"Thread and Needle"}],"event_choices":[{"damage_healed":0,"gold_gain":175,"player_choice":"AGREE","damage_taken":0,"max_hp_gain":0,"max_hp_loss":0,"event_name":"Liars Game","floor":2,"gold_loss":0,"cards_obtained":["Doubt"]},{"damage_healed":0,"gold_gain":75,"player_choice":"Gather Gold","damage_taken":11,"max_hp_gain":0,"max_hp_loss":0,"event_name":"World of Goop","floor":4,"gold_loss":0},{"damage_healed":0,"gold_gain":0,"player_choice":"1 cards matched","damage_taken":0,"max_hp_gain":0,"max_hp_loss":0,"event_name":"Match and Keep!","floor":5,"gold_loss":0,"cards_obtained":["Bash"]},{"damage_healed":0,"gold_gain":0,"player_choice":"Bought 0 Potions","damage_taken":0,"max_hp_gain":0,"max_hp_loss":0,"event_name":"The Woman in Blue","floor":13,"gold_loss":0},{"damage_healed":0,"gold_gain":0,"player_choice":"Rummage","damage_taken":0,"relics_obtained":["WarpedTongs"],"max_hp_gain":0,"max_hp_loss":0,"event_name":"Accursed Blacksmith","floor":22,"gold_loss":0,"cards_obtained":["Pain"]},{"cards_removed":["Defend_R"],"damage_healed":0,"gold_gain":0,"player_choice":"Removed Skill","damage_taken":0,"max_hp_gain":0,"max_hp_loss":0,"event_name":"Falling","floor":38,"gold_loss":0},{"damage_healed":0,"gold_gain":0,"player_choice":"Fight","damage_taken":0,"max_hp_gain":0,"max_hp_loss":0,"event_name":"MindBloom","floor":41,"gold_loss":0}],"is_beta":false,"boss_relics":[{"not_picked":["Cursed Key","Pandora\u0027s Box"],"picked":"Sozu"},{"not_picked":["Runic Pyramid","Black Blood"],"picked":"Busted Crown"}],"items_purged_floors":[3,30],"is_endless":false,"potions_floor_spawned":[6,7,11,12,14,23,28,29,33,35,39,41,45],"killed_by":"Jaw Worm Horde","ascension_level":13}