{"gold_per_floor":[117,117,192,192,0,0,0,20,20,20,20,33,33,68,68,167,167,182,107,21,41,41],"floor_reached":22,"playtime":467,"items_purged":[],"score":198,"play_id":"81f37d8e-a337-4221-9440-adc643ddf662","local_time":"20190206183344","is_ascension_mode":true,"campfire_choices":[{"data":"Fusion","floor":6,"key":"SMITH"},{"floor":10,"key":"REST"},{"floor":15,"key":"REST"}],"neow_cost":"NONE","seed_source_timestamp":1395187630275951,"circlet_count":0,"master_deck":["Strike_B","Strike_B","Strike_B","Strike_B","Defend_B","Defend_B","Defend_B","Defend_B","Zap","Dualcast","Fusion+1","Defragment+1","Doom and Gloom","Undo","Sweeping Beam+1","Storm","Buffer","Parasite","Decay","Hologram+1","Mind Blast+1","Streamline+1"],"relics":["Cracked Core","Molten Egg 2","Pantograph","Blue Candle","Calling Bell","Omamori","Darkstone Periapt","Calipers"],"potions_floor_usage":[8,14,18],"damage_taken":[{"damage":5,"enemies":"2 Louse","floor":1,"turns":3},{"damage":3,"enemies":"Jaw Worm","floor":8,"turns":4},{"damage":0,"enemies":"Small Slimes","floor":12,"turns":2},{"damage":20,"enemies":"Gremlin Nob","floor":14,"turns":4},{"damage":20,"enemies":"Slime Boss","floor":16,"turns":5},{"damage":32,"enemies":"Shell Parasite","floor":18,"turns":8},{"damage":38,"enemies":"3 Byrds","floor":21,"turns":5},{"damage":23,"enemies":"Colosseum Slavers","floor":22,"turns":1}],"seed_played":"1701581377306163471","potions_obtained":[{"floor":8,"key":"LiquidBronze"},{"floor":12,"key":"SpeedPotion"},{"floor":18,"key":"Explosive Potion"}],"is_trial":false,"path_per_floor":["M","?","?","?","$","R","?","M","T","R","?","M","T","E","R","B",null,"M","?","$","M","?"],"character_chosen":"DEFECT","items_purchased":["Defragment","Doom and Gloom","EssenceOfSteel","Mind Blast+1"],"campfire_rested":2,"item_purchase_floors":[5,5,5,20],"current_hp_per_floor":[77,82,71,71,71,71,68,65,65,87,87,87,87,67,87,67,87,55,55,55,17,0],"gold":41,"neow_bonus":"TEN_PERCENT_HP_BONUS","is_prod":false,"is_daily":false,"chose_seed":false,"campfire_upgraded":1,"win_rate":0,"timestamp":1549506824,"path_taken":["M","?","?","?","$","R","?","M","T","R","?","M","?","E","R","BOSS","M","?","$","M","?"],"build_version":"2019-01-23","purchased_purges":0,"victory":false,"max_hp_per_floor":[82,87,87,87,87,87,87,87,87,87,87,87,87,87,87,87,87,87,87,87,87,87],"card_choices":[{"not_picked":["Sweeping Beam","Gash"],"picked":"Fusion","floor":1},{"not_picked":["Chill","Recycle"],"picked":"Undo","floor":8},{"not_picked":["Leap","Steam"],"picked":"Sweeping Beam+1","floor":12},{"not_picked":["Force Field","Stack"],"picked":"Storm","floor":14},{"not_picked":["All For One+1","Creative AI"],"picked":"Buffer","floor":16},{"not_picked":["Recycle","Go for the Eyes+1"],"picked":"Hologram+1","floor":18},{"not_picked":["Steam","Cold Snap+1"],"picked":"Streamline+1","floor":21}],"player_experience":352483,"relics_obtained":[{"floor":9,"key":"Pantograph"},{"floor":14,"key":"Blue Candle"},{"floor":17,"key":"Omamori"},{"floor":17,"key":"Darkstone Periapt"},{"floor":17,"key":"Calipers"}],"event_choices":[{"damage_healed":0,"gold_gain":0,"player_choice":"Donut","damage_taken":0,"max_hp_gain":5,"max_hp_loss":0,"event_name":"Big Fish","floor":2,"gold_loss":0},{"damage_healed":0,"gold_gain":75,"player_choice":"Gather Gold","damage_taken":11,"max_hp_gain":0,"max_hp_loss":0,"event_name":"World of Goop","floor":3,"gold_loss":0},{"damage_healed":0,"gold_gain":0,"player_choice":"Ignored","damage_taken":0,"max_hp_gain":0,"max_hp_loss":0,"event_name":"Golden Wing","floor":4,"gold_loss":0},{"damage_healed":0,"gold_gain":0,"player_choice":"Success","damage_taken":3,"relics_obtained":["Molten Egg 2"],"max_hp_gain":0,"max_hp_loss":0,"event_name":"Scrap Ooze","floor":7,"gold_loss":0},{"damage_healed":0,"gold_gain":0,"player_choice":"Grow","damage_taken":0,"max_hp_gain":0,"max_hp_loss":0,"event_name":"Living Wall","floor":11,"gold_loss":0,"cards_upgraded":["Defragment"]},{"cards_removed":["Normality"],"damage_healed":0,"gold_gain":0,"player_choice":"Gave Gold","damage_taken":0,"max_hp_gain":0,"max_hp_loss":0,"event_name":"Beggar","floor":19,"gold_loss":75},{"damage_healed":0,"gold_gain":0,"player_choice":"Fight","damage_taken":0,"max_hp_gain":0,"max_hp_loss":0,"event_name":"Colosseum","floor":22,"gold_loss":0}],"is_beta":false,"boss_relics":[{"not_picked":["Runic Dome","Fusion Hammer"],"picked":"Calling Bell"}],"items_purged_floors":[],"is_endless":false,"potions_floor_spawned":[8,12,18],"killed_by":"Colosseum Slavers","ascension_level":2}