{"gold_per_floor":[110,129,141,59,134,160,160,188,188,219,230,230,230,248,248,343,343,355,365,379,63,80,80,115,115,115,15,40,40,58,85,85,187,187,203,216,234,257,167,167,200,200,225,259,276,286,286,299,299,299,299,299,17,49,49],"floor_reached":56,"playtime":3802,"items_purged":["Strike_B","Strike_B","Strike_B+1"],"score":1464,"play_id":"a916713d-11fa-4dc8-b025-62163e2c33d2","local_time":"20190322183541","is_ascension_mode":true,"campfire_choices":[{"floor":12,"key":"REST"},{"data":"Multi-Cast","floor":15,"key":"SMITH"},{"data":"Double Energy","floor":23,"key":"SMITH"},{"data":"Dualcast","floor":25,"key":"SMITH"},{"floor":29,"key":"REST"},{"data":"Loop","floor":32,"key":"SMITH"},{"data":"Echo Form","floor":40,"key":"SMITH"},{"data":"Loop","floor":42,"key":"SMITH"},{"data":"Defragment","floor":47,"key":"SMITH"},{"floor":49,"key":"RECALL"},{"data":"Conserve Battery","floor":52,"key":"SMITH"}],"neow_cost":"NONE","seed_source_timestamp":145737511588354,"circlet_count":0,"master_deck":["Strike_B+1","Defend_B","Defend_B+1","Defend_B","Defend_B+1","Dualcast+1","Cold Snap","Sweeping Beam","Hologram","BootSequence+1","Multi-Cast+1","Hologram","Doom and Gloom","Double Energy+1","Conserve Battery+1","Core Surge","Glacier","Go for the Eyes+1","Redo+1","Compile Driver+1","Consume+1","Coolheaded+1","Conserve Battery","Loop+1","Echo Form+1","Rebound+1","Loop+1","Conserve Battery+1","Electrodynamics","Defragment+1","Hologram+1","Defragment+1","Hologram"],"relics":["Cracked Core","Happy Flower","Whetstone","Mercury Hourglass","War Paint","Mummified Hand","Runic Pyramid","Letter Opener","Pear","Darkstone Periapt","Kunai","Dead Branch","Sozu","Vajra","Mango","Ancient Tea Set","The Courier","DollysMirror","Pantograph"],"potions_floor_usage":[6,8,10,30,31,33,55,55],"damage_taken":[{"damage":0,"enemies":"2 Louse","floor":1,"turns":2},{"damage":4,"enemies":"Small Slimes","floor":2,"turns":3},{"damage":0,"enemies":"Cultist","floor":3,"turns":3},{"damage":5,"enemies":"3 Sentries","floor":6,"turns":7},{"damage":26,"enemies":"Lagavulin","floor":8,"turns":6},{"damage":0,"enemies":"3 Sentries","floor":10,"turns":4},{"damage":0,"enemies":"Red Slaver","floor":11,"turns":3},{"damage":0,"enemies":"Blue Slaver","floor":14,"turns":2},{"damage":31,"enemies":"Hexaghost","floor":16,"turns":11},{"damage":11,"enemies":"Chosen","floor":18,"turns":5},{"damage":2,"enemies":"Spheric Guardian","floor":19,"turns":4},{"damage":0,"enemies":"Centurion and Healer","floor":20,"turns":6},{"damage":7,"enemies":"Snecko","floor":22,"turns":5},{"damage":5,"enemies":"Gremlin Leader","floor":24,"turns":4},{"damage":21,"enemies":"Slavers","floor":28,"turns":3},{"damage":5,"enemies":"Chosen and Byrds","floor":30,"turns":3},{"damage":10,"enemies":"Gremlin Leader","floor":31,"turns":5},{"damage":2,"enemies":"Champ","floor":33,"turns":8},{"damage":0,"enemies":"3 Darklings","floor":35,"turns":4},{"damage":1,"enemies":"3 Shapes","floor":36,"turns":3},{"damage":0,"enemies":"Writhing Mass","floor":37,"turns":6},{"damage":1,"enemies":"Reptomancer","floor":41,"turns":6},{"damage":11,"enemies":"Giant Head","floor":44,"turns":11},{"damage":18,"enemies":"Jaw Worm Horde","floor":45,"turns":5},{"damage":0,"enemies":"Sphere and 2 Shapes","floor":46,"turns":4},{"damage":0,"enemies":"Transient","floor":48,"turns":5},{"damage":24,"enemies":"Donu and Deca","floor":50,"turns":7},{"damage":30,"enemies":"Shield and Spear","floor":54,"turns":6},{"damage":79,"enemies":"The Heart","floor":55,"turns":11}],"seed_played":"5777022603554827820","potions_obtained":[{"floor":2,"key":"Explosive Potion"},{"floor":3,"key":"SkillPotion"},{"floor":8,"key":"Ancient Potion"},{"floor":11,"key":"FocusPotion"},{"floor":13,"key":"Strength Potion"},{"floor":13,"key":"Dexterity Potion"},{"floor":28,"key":"Fruit Juice"},{"floor":30,"key":"AttackPotion"},{"floor":33,"key":"Strength Potion"}],"is_trial":false,"path_per_floor":["M","M","M","$","?","E","?","E","T","E","M","R","?","M","R","B",null,"M","M","M","$","M","R","E","R","T","$","E","R","M","E","R","B",null,"M","M","M","T","?","R","E","R","T","E","M","M","R","M","R","B",null,"R","$","E","B",null],"character_chosen":"DEFECT","items_purchased":["BootSequence","Fire Potion","Letter Opener","DollysMirror","Hologram"],"campfire_rested":2,"item_purchase_floors":[4,4,21,53,53],"current_hp_per_floor":[75,71,71,71,60,55,43,17,17,17,17,39,39,39,39,8,75,64,62,62,62,55,55,60,60,60,60,39,64,64,54,54,52,90,90,89,89,89,89,89,102,102,102,91,73,73,73,73,73,49,104,104,104,74,20],"gold":49,"neow_bonus":"RANDOM_COMMON_RELIC","is_prod":false,"is_daily":false,"chose_seed":false,"campfire_upgraded":8,"win_rate":0,"timestamp":1553304941,"path_taken":["M","M","M","$","?","E","?","E","T","E","M","R","?","M","R","BOSS","M","M","M","$","M","R","E","R","T","?","E","R","M","E","R","BOSS","M","M","M","?","?","R","E","R","T","E","?","M","R","M","R","BOSS","R","$","E","BOSS"],"build_version":"2019-01-23","purchased_purges":3,"victory":true,"max_hp_per_floor":[75,75,75,75,75,75,75,75,75,75,75,75,75,75,75,75,75,75,75,75,75,75,75,85,85,85,85,85,85,90,90,90,90,90,90,90,90,90,90,90,104,104,104,104,104,104,104,104,104,104,104,104,104,104,104],"card_choices":[{"not_picked":["Go for the Eyes","BootSequence"],"picked":"Cold Snap","floor":1},{"not_picked":["Leap","Streamline"],"picked":"Sweeping Beam","floor":2},{"not_picked":["Gash","Turbo"],"picked":"Hologram","floor":3},{"not_picked":["Reprogram","Sweeping Beam"],"picked":"Multi-Cast","floor":6},{"not_picked":["Streamline","Gash"],"picked":"Hologram","floor":8},{"not_picked":["Fusion","Sweeping Beam"],"picked":"Doom and Gloom","floor":10},{"not_picked":["Recycle","Consume"],"picked":"Double Energy","floor":11},{"not_picked":["Compile Driver","Rip and Tear"],"picked":"Conserve Battery","floor":14},{"not_picked":["Rainbow","Seek"],"picked":"Core Surge","floor":16},{"not_picked":["Coolheaded","Rebound+1"],"picked":"Glacier","floor":18},{"not_picked":["Rebound","Scrape+1"],"picked":"Go for the Eyes+1","floor":19},{"not_picked":["Chill","Cold Snap"],"picked":"Redo+1","floor":20},{"not_picked":["Hello World","Gash"],"picked":"Compile Driver+1","floor":22},{"not_picked":["Ball Lightning","Skim+1"],"picked":"Consume+1","floor":24},{"not_picked":["Redo","Steam+1"],"picked":"Coolheaded+1","floor":28},{"not_picked":["Streamline+1","Turbo"],"picked":"Conserve Battery","floor":30},{"not_picked":["Steam","Tempest"],"picked":"Loop","floor":31},{"not_picked":["Core Surge","Thunder Strike"],"picked":"Echo Form","floor":33},{"not_picked":["Compile Driver+1","Steam"],"picked":"Rebound+1","floor":35},{"not_picked":["Go for the Eyes","Compile Driver","Sweeping Beam+1"],"picked":"SKIP","floor":36},{"not_picked":["Steam","Genetic Algorithm","Turbo"],"picked":"SKIP","floor":37},{"not_picked":["Cold Snap+1","Aggregate"],"picked":"Loop","floor":41},{"not_picked":["Sweeping Beam","Compile Driver"],"picked":"Conserve Battery+1","floor":44},{"not_picked":["Streamline","Conserve Battery"],"picked":"Electrodynamics","floor":45},{"not_picked":["Gash","Go for the Eyes"],"picked":"Defragment","floor":46},{"not_picked":["Leap","Compile Driver"],"picked":"Hologram+1","floor":48},{"not_picked":["Compile Driver","Sweeping Beam+1","Sunder"],"picked":"SKIP","floor":54}],"player_experience":54910,"relics_obtained":[{"floor":6,"key":"Whetstone"},{"floor":8,"key":"War Paint"},{"floor":10,"key":"Mummified Hand"},{"floor":24,"key":"Pear"},{"floor":26,"key":"Darkstone Periapt"},{"floor":28,"key":"Kunai"},{"floor":31,"key":"Dead Branch"},{"floor":38,"key":"Vajra"},{"floor":41,"key":"Mango"},{"floor":43,"key":"Ancient Tea Set"},{"floor":44,"key":"The Courier"},{"floor":54,"key":"Pantograph"}],"event_choices":[{"damage_healed":0,"gold_gain":75,"player_choice":"Gather Gold","damage_taken":11,"max_hp_gain":0,"max_hp_loss":0,"event_name":"World of Goop","floor":5,"gold_loss":0},{"damage_healed":0,"gold_gain":0,"player_choice":"Success","damage_taken":12,"relics_obtained":["Mercury Hourglass"],"max_hp_gain":0,"max_hp_loss":0,"event_name":"Scrap Ooze","floor":7,"gold_loss":0},{"damage_healed":0,"gold_gain":0,"player_choice":"Got Potions","damage_taken":0,"max_hp_gain":0,"max_hp_loss":0,"event_name":"Lab","floor":13,"gold_loss":0},{"cards_removed":["Zap"],"damage_healed":0,"gold_gain":0,"player_choice":"Upgrade and Remove","damage_taken":0,"max_hp_gain":0,"max_hp_loss":0,"event_name":"Designer","floor":39,"gold_loss":90,"cards_upgraded":["Defend_B"]}],"is_beta":false,"boss_relics":[{"not_picked":["White Beast Statue","Calling Bell"],"picked":"Runic Pyramid"},{"not_picked":["Velvet Choker","Black Star"],"picked":"Sozu"}],"items_purged_floors":[21,27,53],"is_endless":false,"potions_floor_spawned":[2,3,8,11,19,22,28,30,33,41,44,48,54],"ascension_level":3}