{"gold_per_floor":[110,32,32,32,32,58,58,73,100,118,175,186,218,229,229,331,331,345,58,77,77,90,90],"floor_reached":23,"playtime":971,"items_purged":[],"score":366,"play_id":"27f88b14-5737-4d7c-bb0a-9a5c83134999","local_time":"20190501233634","is_ascension_mode":true,"campfire_choices":[{"data":"Coolheaded","floor":7.0,"key":"SMITH"},{"data":"Fission","floor":15.0,"key":"SMITH"}],"neow_cost":"NONE","seed_source_timestamp":1606060142158563,"circlet_count":0,"master_deck":["AscendersBane","Strike_B","Strike_B","Strike_B","Defend_B","Defend_B","Defend_B","Zap+1","Dualcast","FTL","Defragment+1","Coolheaded+1","Fission+1","Genetic Algorithm","Self Repair","Cold Snap","Sweeping Beam","Biased Cognition","Chill","Rebound+1","Barrage+1","Redo"],"special_seed":0,"relics":["Cracked Core","NeowsBlessing","Pen Nib","Bag of Marbles","Tiny Chest","Letter Opener","Empty Cage","Molten Egg 2"],"potions_floor_usage":[23,23],"damage_taken":[{"damage":0.0,"enemies":"Cultist","floor":1.0,"turns":1.0},{"damage":0.0,"enemies":"Gremlin Nob","floor":6.0,"turns":1.0},{"damage":0.0,"enemies":"2 Louse","floor":8.0,"turns":1.0},{"damage":3.0,"enemies":"Jaw Worm","floor":10.0,"turns":2.0},{"damage":23.0,"enemies":"3 Sentries","floor":11.0,"turns":8.0},{"damage":16.0,"enemies":"Exordium Wildlife","floor":12.0,"turns":5.0},{"damage":8.0,"enemies":"Lagavulin","floor":13.0,"turns":6.0},{"damage":10.0,"enemies":"Large Slime","floor":14.0,"turns":4.0},{"damage":18.0,"enemies":"Hexaghost","floor":16.0,"turns":8.0},{"damage":0.0,"enemies":"Shell Parasite","floor":18.0,"turns":4.0},{"damage":4.0,"enemies":"3 Byrds","floor":20.0,"turns":4.0},{"damage":27.0,"enemies":"Centurion and Healer","floor":22.0,"turns":6.0},{"damage":44,"enemies":"Book of Stabbing","floor":23,"turns":4}],"seed_played":"-8411083952774124308","potions_obtained":[{"floor":11.0,"key":"AttackPotion"},{"floor":12.0,"key":"Regen Potion"},{"floor":14.0,"key":"AttackPotion"},{"floor":18.0,"key":"Poison Potion"},{"floor":20.0,"key":"Strength Potion"}],"is_trial":false,"path_per_floor":["M","$","?","?","T","E","R","M","T","M","E","M","E","M","R","B",null,"M","$","M","?","M","E"],"character_chosen":"DEFECT","items_purchased":["Defragment","Molten Egg 2","Rebound+1"],"campfire_rested":0,"item_purchase_floors":[2,19,19],"current_hp_per_floor":[68,68,53,53,53,53,53,53,53,50,27,18,32,29,29,11,59,66,66,69,69,42,0],"gold":90,"neow_bonus":"THREE_ENEMY_KILL","is_prod":false,"is_daily":false,"chose_seed":false,"campfire_upgraded":2,"win_rate":0,"timestamp":1556721394,"path_taken":["M","$","?","?","?","E","R","M","T","M","E","M","E","?","R","BOSS","M","$","M","?","?","E"],"build_version":"2019-01-23","purchased_purges":0,"victory":false,"max_hp_per_floor":[75,75,75,75,75,75,75,75,75,75,75,75,75,75,75,75,75,75,75,75,75,75,75],"card_choices":[{"not_picked":["Barrage","Leap"],"picked":"FTL","floor":1.0},{"not_picked":["Chill","Conserve Battery"],"picked":"Coolheaded","floor":6.0},{"not_picked":["Steam","Ball Lightning"],"picked":"Fission","floor":8.0},{"not_picked":["Turbo","Recycle"],"picked":"Genetic Algorithm","floor":10.0},{"not_picked":["Doom and Gloom","Tempest"],"picked":"Self Repair","floor":11.0},{"not_picked":["Blizzard","Ball Lightning"],"picked":"Cold Snap","floor":12.0},{"not_picked":["Rebound","Storm"],"picked":"Sweeping Beam","floor":13.0},{"not_picked":["Steam","Barrage","Sweeping Beam"],"picked":"SKIP","floor":14.0},{"not_picked":["Hyperbeam","Fission"],"picked":"Biased Cognition","floor":16.0},{"not_picked":["BootSequence+1","Barrage"],"picked":"Chill","floor":18.0},{"not_picked":["Leap","Streamline+1"],"picked":"Barrage+1","floor":20.0},{"not_picked":["Sweeping Beam+1","Rebound+1"],"picked":"Redo","floor":22.0}],"player_experience":473338,"relics_obtained":[{"floor":6.0,"key":"Pen Nib"},{"floor":9.0,"key":"Bag of Marbles"},{"floor":11.0,"key":"Tiny Chest"},{"floor":13.0,"key":"Letter Opener"}],"event_choices":[{"damage_healed":0.0,"max_hp_gain":0.0,"max_hp_loss":0.0,"gold_gain":0.0,"event_name":"Shining Light","player_choice":"Entered Light","floor":3.0,"gold_loss":0.0,"damage_taken":15.0,"cards_upgraded":["Zap","Defragment"]},{"damage_healed":0.0,"max_hp_gain":0.0,"max_hp_loss":0.0,"gold_gain":0.0,"event_name":"The Cleric","player_choice":"Leave","floor":4.0,"gold_loss":0.0,"damage_taken":0.0},{"damage_healed":0.0,"max_hp_gain":0.0,"max_hp_loss":0.0,"gold_gain":0.0,"event_name":"Lab","player_choice":"Got Potions","floor":21.0,"gold_loss":0.0,"damage_taken":0.0}],"is_beta":false,"boss_relics":[{"not_picked":["Tiny House","Lizard Tail"],"picked":"Empty Cage"}],"items_purged_floors":[],"is_endless":false,"potions_floor_spawned":[11,12,14,18,20,22],"killed_by":"Book of Stabbing","ascension_level":11}