{"gold_per_floor":[110,128,139,153,166,186,214,229,229,249,267,267,282,313,313,412,412,431,58,75,75,0,0,27,27,27,44,58,58,90,109,109,213,213,230,240,260,270,288,321,321,321,321,421,421,453,301,301,301,301,301,301,176,211,211],"floor_reached":55,"playtime":3120,"items_purged":["Strike_B","Defend_B","Strike_B"],"score":1029,"play_id":"ee38ce9f-08a9-4819-8f29-abd3000ab6b8","local_time":"20190423213153","is_ascension_mode":true,"campfire_choices":[{"floor":12.0,"key":"REST"},{"data":"Beam Cell","floor":15.0,"key":"SMITH"},{"data":"Seek","floor":23.0,"key":"SMITH"},{"data":"Sunder","floor":25.0,"key":"SMITH"},{"data":"Hologram","floor":29.0,"key":"SMITH"},{"data":"Go for the Eyes","floor":32.0,"key":"SMITH"},{"floor":41,"key":"REST"},{"floor":45,"key":"RECALL"},{"data":"Purity","floor":49,"key":"SMITH"},{"data":"Defend_B","floor":52,"key":"PURGE"}],"neow_cost":"NONE","seed_source_timestamp":904508853709187,"circlet_count":0,"master_deck":["Defend_B","Defend_B","Zap","Dualcast","Gash","Streamline","BootSequence","Turbo","Conserve Battery","Go for the Eyes+1","Auto Shields","Streamline","Chill","Beam Cell+1","All For One","Ball Lightning","Seek+1","Scrape+1","Sunder+1","Melter+1","Necronomicurse","Glacier+1","Hologram+1","Compile Driver+1","Conserve Battery+1","All For One","Skim","Purity+1","Turbo+1"],"special_seed":0,"relics":["Cracked Core","Bag of Preparation","Pantograph","Pear","Anchor","Runic Pyramid","Thread and Needle","Necronomicon","Boot","Orichalcum","Bottled Lightning","Empty Cage","Du-Vu Doll","Peace Pipe","Mercury Hourglass","Centennial Puzzle"],"potions_floor_usage":[40,40,40,50,54,55,55],"damage_taken":[{"damage":2.0,"enemies":"2 Louse","floor":1.0,"turns":3.0},{"damage":5.0,"enemies":"Small Slimes","floor":2.0,"turns":3.0},{"damage":9.0,"enemies":"Jaw Worm","floor":3.0,"turns":3.0},{"damage":7.0,"enemies":"Looter","floor":4.0,"turns":3.0},{"damage":4.0,"enemies":"3 Louse","floor":5.0,"turns":3.0},{"damage":0.0,"enemies":"Blue Slaver","floor":6.0,"turns":2.0},{"damage":13.0,"enemies":"Gremlin Nob","floor":7.0,"turns":3.0},{"damage":3.0,"enemies":"2 Fungi Beasts","floor":8.0,"turns":3.0},{"damage":12.0,"enemies":"Exordium Thugs","floor":10.0,"turns":4.0},{"damage":0.0,"enemies":"Large Slime","floor":11.0,"turns":5.0},{"damage":1.0,"enemies":"Gremlin Gang","floor":13.0,"turns":5.0},{"damage":16.0,"enemies":"3 Sentries","floor":14.0,"turns":7.0},{"damage":29.0,"enemies":"Hexaghost","floor":16.0,"turns":9.0},{"damage":2.0,"enemies":"3 Byrds","floor":18.0,"turns":4.0},{"damage":0.0,"enemies":"Chosen","floor":20.0,"turns":4.0},{"damage":7.0,"enemies":"Slavers","floor":24.0,"turns":4.0},{"damage":0.0,"enemies":"Centurion and Healer","floor":27.0,"turns":3.0},{"damage":0.0,"enemies":"Sentry and Sphere","floor":28.0,"turns":2.0},{"damage":14.0,"enemies":"Gremlin Leader","floor":30.0,"turns":5.0},{"damage":0.0,"enemies":"Shelled Parasite and Fungi","floor":31.0,"turns":1.0},{"damage":3.0,"enemies":"Collector","floor":33.0,"turns":6.0},{"damage":2.0,"enemies":"3 Darklings","floor":35.0,"turns":3.0},{"damage":2.0,"enemies":"3 Shapes","floor":36.0,"turns":3.0},{"damage":0.0,"enemies":"Spire Growth","floor":37.0,"turns":2.0},{"damage":9.0,"enemies":"Maw","floor":38.0,"turns":7.0},{"damage":0.0,"enemies":"Transient","floor":39.0,"turns":5.0},{"damage":20,"enemies":"Giant Head","floor":40,"turns":7},{"damage":0,"enemies":"Mind Bloom Boss Battle","floor":44,"turns":4},{"damage":4,"enemies":"Nemesis","floor":46,"turns":3},{"damage":29,"enemies":"Awakened One","floor":50,"turns":9},{"damage":73,"enemies":"Shield and Spear","floor":54,"turns":6},{"damage":43,"enemies":"The Heart","floor":55,"turns":3}],"seed_played":"4577006203338478338","potions_obtained":[{"floor":4.0,"key":"LiquidBronze"},{"floor":5.0,"key":"Dexterity Potion"},{"floor":6.0,"key":"Strength Potion"},{"floor":7.0,"key":"Block Potion"},{"floor":20.0,"key":"GamblersBrew"},{"floor":30.0,"key":"FearPotion"},{"floor":35.0,"key":"PowerPotion"},{"floor":37.0,"key":"EntropicBrew"},{"floor":46,"key":"Regen Potion"},{"floor":54,"key":"GamblersBrew"}],"is_trial":false,"path_per_floor":["M","M","M","M","M","M","E","M","T","M","M","R","M","E","R","B",null,"M","$","M","?","$","R","E","R","T","M","M","R","E","M","R","B",null,"M","M","M","M","M","E","R","?","T","?","R","E","$","?","R","B",null,"R","$","E","B"],"character_chosen":"DEFECT","items_purchased":["Thread and Needle","Sunder","Energy Potion"],"campfire_rested":2,"item_purchase_floors":[19,19,47],"current_hp_per_floor":[66,61,52,45,41,41,28,25,35,23,23,48,47,31,31,27,71,69,69,69,53,53,53,46,46,46,46,46,46,32,32,32,54,77,75,73,73,64,64,44,69,69,69,85,85,81,81,81,81,56,78,78,78,18,0],"gold":211,"neow_bonus":"RANDOM_COMMON_RELIC","is_prod":false,"is_daily":false,"chose_seed":false,"campfire_upgraded":6,"win_rate":0,"timestamp":1556022713,"path_taken":["M","M","M","M","M","M","E","M","T","M","M","R","M","E","R","BOSS","M","$","M","?","$","R","E","R","T","M","M","R","E","M","R","BOSS","M","M","M","M","M","E","R","?","T","?","R","E","$","?","R","BOSS","R","$","E","BOSS"],"build_version":"2019-01-23","purchased_purges":3,"victory":false,"max_hp_per_floor":[75,75,75,75,75,75,75,75,85,85,85,85,85,85,85,85,85,85,85,85,85,85,85,85,85,85,85,85,85,85,85,85,85,85,85,85,85,85,85,85,85,85,85,85,85,85,85,85,85,85,85,85,85,85,85],"card_choices":[{"not_picked":["Redo","Conserve Battery"],"picked":"Gash","floor":1.0},{"not_picked":["Steam Power","Seek"],"picked":"Streamline","floor":2.0},{"not_picked":["Tempest","Undo"],"picked":"BootSequence","floor":3.0},{"not_picked":["Redo","Stack"],"picked":"Turbo","floor":4.0},{"not_picked":["Turbo","Skim"],"picked":"Conserve Battery","floor":5.0},{"not_picked":["Self Repair","Stack"],"picked":"Go for the Eyes","floor":6.0},{"not_picked":["Cold Snap","Redo"],"picked":"Auto Shields","floor":7.0},{"not_picked":["Go for the Eyes","Cold Snap"],"picked":"Streamline","floor":8.0},{"not_picked":["Recycle","Streamline"],"picked":"Chill","floor":10.0},{"not_picked":["Redo","Hologram"],"picked":"Beam Cell","floor":11.0},{"not_picked":["Genetic Algorithm","Go for the Eyes"],"picked":"All For One","floor":13.0},{"not_picked":["Tempest","Redo"],"picked":"Ball Lightning","floor":14.0},{"not_picked":["Biased Cognition","Thunder Strike"],"picked":"Seek","floor":16.0},{"not_picked":["Cold Snap+1","Defragment"],"picked":"Scrape+1","floor":18.0},{"not_picked":["Go for the Eyes","Cold Snap+1"],"picked":"Melter+1","floor":20.0},{"not_picked":["Sweeping Beam+1","Hello World"],"picked":"Glacier+1","floor":24.0},{"not_picked":["Rebound","Capacitor"],"picked":"Hologram","floor":27.0},{"not_picked":["Recycle","Ball Lightning"],"picked":"Compile Driver+1","floor":28.0},{"not_picked":["Cold Snap","Biased Cognition","Compile Driver+1"],"picked":"SKIP","floor":30.0},{"not_picked":["Cold Snap","Redo"],"picked":"Conserve Battery+1","floor":31.0},{"not_picked":["Hyperbeam","Creative AI"],"picked":"All For One","floor":33.0},{"not_picked":["Barrage+1","Steam+1"],"picked":"Skim","floor":35.0},{"not_picked":["Steam","Scrape+1","Beam Cell+1"],"picked":"SKIP","floor":36.0},{"not_picked":["Go for the Eyes+1","Coolheaded","Echo Form"],"picked":"SKIP","floor":37.0},{"not_picked":["Genetic Algorithm+1","Streamline","Heatsinks+1"],"picked":"SKIP","floor":38.0},{"not_picked":["Ball Lightning+1","Turbo","Barrage+1"],"picked":"SKIP","floor":39.0},{"not_picked":["Steam+1","Undo","Scrape"],"picked":"SKIP","floor":40},{"not_picked":["Sadistic Nature","Jack Of All Trades"],"picked":"Purity","floor":42},{"not_picked":["Force Field+1","Leap+1","Cold Snap"],"picked":"SKIP","floor":46},{"not_picked":["Capacitor","Coolheaded"],"picked":"Turbo+1","floor":54}],"player_experience":417617,"relics_obtained":[{"floor":7.0,"key":"Pantograph"},{"floor":9.0,"key":"Pear"},{"floor":14.0,"key":"Anchor"},{"floor":21.0,"key":"Necronomicon"},{"floor":24.0,"key":"Boot"},{"floor":26.0,"key":"Orichalcum"},{"floor":30.0,"key":"Bottled Lightning"},{"floor":40,"key":"Du-Vu Doll"},{"floor":44,"key":"Peace Pipe"},{"floor":46,"key":"Mercury Hourglass"},{"floor":54,"key":"Centennial Puzzle"}],"event_choices":[{"damage_healed":0.0,"max_hp_gain":0.0,"max_hp_loss":0.0,"gold_gain":0.0,"event_name":"Cursed Tome","player_choice":"Obtained Book","floor":21.0,"gold_loss":0.0,"damage_taken":16.0},{"damage_healed":0,"gold_gain":0,"player_choice":"Memory 1","damage_taken":0,"max_hp_gain":0,"max_hp_loss":0,"event_name":"SensoryStone","floor":42,"gold_loss":0},{"damage_healed":0,"gold_gain":0,"player_choice":"Fight","damage_taken":0,"max_hp_gain":0,"max_hp_loss":0,"event_name":"MindBloom","floor":44,"gold_loss":0},{"damage_healed":0,"gold_gain":0,"player_choice":"Ignored","damage_taken":0,"max_hp_gain":0,"max_hp_loss":0,"event_name":"Tomb of Lord Red Mask","floor":48,"gold_loss":0}],"is_beta":false,"boss_relics":[{"not_picked":["Snecko Eye","Ectoplasm"],"picked":"Runic Pyramid"},{"not_picked":["Tiny House","Lizard Tail"],"picked":"Empty Cage"}],"items_purged_floors":[22,47,53],"is_endless":false,"potions_floor_spawned":[4,5,6,7,8,11,13,20,28,30,35,37,38,39,46,54],"killed_by":"The Heart","ascension_level":8}