{"gold_per_floor":[112,127,143,162,162,162,190,209,236,236,246,257,282,282,282,358,358,376,135,135,153,153,178,178,203,282,282],"floor_reached":27,"playtime":884,"items_purged":["Strike_R"],"score":563,"play_id":"24862c47-2948-4c51-8ada-d89149dd19c7","local_time":"20190429011043","is_ascension_mode":true,"campfire_choices":[{"data":"Shockwave","floor":6.0,"key":"SMITH"},{"data":"Rampage","floor":10.0,"key":"SMITH"},{"data":"Cleave","floor":15.0,"key":"SMITH"},{"data":"Rage","floor":24.0,"key":"SMITH"}],"neow_cost":"NONE","seed_source_timestamp":3121867750754757,"circlet_count":0,"master_deck":["AscendersBane","Defend_R","Defend_R","Defend_R","Defend_R","Bash","Cleave+1","Shockwave+1","Twin Strike","Wild Strike","Cleave","Rampage+1","Pommel Strike","Cleave","Cleave","Reaper","Battle Trance","Clash","Reckless Charge","Rage+1","Bite","Bite","Bite","Bite","Bite","Warcry+1"],"special_seed":0,"relics":["Burning Blood","Anchor","Orichalcum","Art of War","Strawberry","Boot","Black Star","PreservedInsect","Happy Flower","Red Skull","Ancient Tea Set","Bottled Flame","Dodecahedron"],"potions_floor_usage":[27],"damage_taken":[{"damage":6.0,"enemies":"Small Slimes","floor":1.0,"turns":5.0},{"damage":6.0,"enemies":"Cultist","floor":2.0,"turns":3.0},{"damage":0.0,"enemies":"2 Louse","floor":3.0,"turns":2.0},{"damage":4.0,"enemies":"Blue Slaver","floor":4.0,"turns":4.0},{"damage":20.0,"enemies":"3 Sentries","floor":7.0,"turns":6.0},{"damage":0.0,"enemies":"Large Slime","floor":8.0,"turns":4.0},{"damage":1.0,"enemies":"3 Louse","floor":11.0,"turns":2.0},{"damage":0.0,"enemies":"2 Fungi Beasts","floor":12.0,"turns":2.0},{"damage":24.0,"enemies":"Lagavulin","floor":13.0,"turns":6.0},{"damage":38.0,"enemies":"Slime Boss","floor":16.0,"turns":8.0},{"damage":12.0,"enemies":"Chosen","floor":18.0,"turns":5.0},{"damage":19.0,"enemies":"Shell Parasite","floor":21.0,"turns":5.0},{"damage":34.0,"enemies":"Book of Stabbing","floor":23.0,"turns":4.0},{"damage":41.0,"enemies":"Gremlin Leader","floor":25.0,"turns":6.0},{"damage":57,"enemies":"Book of Stabbing","floor":27,"turns":4}],"seed_played":"-714900242366188710","potions_obtained":[{"floor":2.0,"key":"LiquidBronze"},{"floor":3.0,"key":"Fire Potion"},{"floor":4.0,"key":"Energy Potion"},{"floor":11.0,"key":"Poison Potion"},{"floor":13.0,"key":"AttackPotion"},{"floor":16.0,"key":"Strength Potion"},{"floor":25.0,"key":"BloodPotion"}],"is_trial":false,"path_per_floor":["M","M","M","M","?","R","E","M","T","R","M","M","E","?","R","B",null,"M","$","?","M","?","E","R","E","T","E"],"character_chosen":"IRONCLAD","items_purchased":["PreservedInsect"],"campfire_rested":0,"item_purchase_floors":[19],"current_hp_per_floor":[68,68,74,75,75,75,61,67,67,67,72,75,64,59,59,27,68,62,62,62,55,55,40,40,24,24,0],"gold":282,"neow_bonus":"RANDOM_COMMON_RELIC","is_prod":false,"is_daily":false,"chose_seed":false,"campfire_upgraded":4,"win_rate":0,"timestamp":1556496643,"path_taken":["M","M","M","M","?","R","E","?","T","R","?","M","E","?","R","BOSS","M","$","?","M","?","E","R","E","T","E"],"build_version":"2019-01-23","purchased_purges":1,"victory":false,"max_hp_per_floor":[75,75,75,75,75,75,75,75,75,75,75,75,82,82,82,82,82,82,82,82,82,57,57,57,57,57,57],"card_choices":[{"not_picked":["Warcry","Shockwave"],"picked":"Cleave","floor":1.0},{"not_picked":["Spot Weakness","Armaments"],"picked":"Shockwave","floor":2.0},{"not_picked":["Armaments","Sentinel","Pummel"],"picked":"SKIP","floor":3.0},{"not_picked":["Seeing Red","Bloodletting"],"picked":"Twin Strike","floor":4.0},{"not_picked":["Shockwave","Clash"],"picked":"Cleave","floor":7.0},{"not_picked":["Second Wind","Disarm"],"picked":"Rampage","floor":8.0},{"not_picked":["Intimidate","Havoc"],"picked":"Pommel Strike","floor":11.0},{"not_picked":["Body Slam","Seeing Red"],"picked":"Cleave","floor":12.0},{"not_picked":["Sever Soul","Wild Strike"],"picked":"Cleave","floor":13.0},{"not_picked":["Juggernaut","Limit Break"],"picked":"Reaper","floor":16.0},{"not_picked":["Havoc","Flex"],"picked":"Battle Trance","floor":18.0},{"not_picked":["Power Through","Twin Strike"],"picked":"Rage","floor":21.0},{"not_picked":["Combust","Wild Strike"],"picked":"Warcry+1","floor":23.0},{"not_picked":["Corruption","Pommel Strike","Rampage"],"picked":"SKIP","floor":25.0}],"player_experience":238530,"relics_obtained":[{"floor":7.0,"key":"Orichalcum"},{"floor":9.0,"key":"Art of War"},{"floor":13.0,"key":"Strawberry"},{"floor":23.0,"key":"Happy Flower"},{"floor":23.0,"key":"Red Skull"},{"floor":25.0,"key":"Ancient Tea Set"},{"floor":25.0,"key":"Bottled Flame"},{"floor":26.0,"key":"Dodecahedron"}],"event_choices":[{"damage_healed":0.0,"max_hp_gain":0.0,"max_hp_loss":0.0,"gold_gain":0.0,"cards_transformed":["Strike_R"],"event_name":"Transmorgrifier","player_choice":"Transformed","floor":5.0,"gold_loss":0.0,"damage_taken":0.0,"cards_obtained":["Wild Strike"]},{"damage_healed":0.0,"max_hp_gain":0.0,"max_hp_loss":0.0,"gold_gain":0.0,"event_name":"Scrap Ooze","player_choice":"Success","floor":14.0,"gold_loss":0.0,"damage_taken":5.0,"relics_obtained":["Boot"]},{"damage_healed":0.0,"max_hp_gain":0.0,"max_hp_loss":0.0,"gold_gain":0.0,"cards_transformed":["Strike_R","Strike_R"],"event_name":"Drug Dealer","player_choice":"Became Test Subject","floor":20.0,"gold_loss":0.0,"damage_taken":0.0,"cards_obtained":["Clash","Reckless Charge"]},{"damage_healed":0.0,"max_hp_gain":0.0,"max_hp_loss":25.0,"gold_gain":0.0,"event_name":"Vampires","player_choice":"Became a vampire","floor":22.0,"gold_loss":0.0,"damage_taken":0.0,"cards_obtained":["Bite","Bite","Bite","Bite","Bite"]}],"is_beta":false,"boss_relics":[{"not_picked":["Ectoplasm","Snecko Eye"],"picked":"Black Star"}],"items_purged_floors":[19],"is_endless":false,"potions_floor_spawned":[2,3,4,11,13,16,18,25],"killed_by":"Book of Stabbing","ascension_level":19}