{"gold_per_floor":[118,118,118,118,193,220,220,234,306,324,359,359],"floor_reached":12,"playtime":184,"items_purged":[],"score":161,"play_id":"ed5bb989-d11e-430e-bf02-f100907e7f4c","local_time":"20190428230955","is_ascension_mode":true,"campfire_choices":[{"data":"Limit Break","floor":7,"key":"SMITH"}],"neow_cost":"NONE","seed_source_timestamp":1644692301570600,"circlet_count":0,"master_deck":["Strike_R","Strike_R","Strike_R","Strike_R+1","Strike_R","Defend_R+1","Defend_R","Defend_R","Defend_R","Bash","Armaments+1","Regret","Limit Break+1","Disarm+1"],"relics":["Burning Blood","NeowsBlessing","Anchor","Happy Flower","Toxic Egg 2","WingedGreaves"],"potions_floor_usage":[],"damage_taken":[{"damage":0,"enemies":"Jaw Worm","floor":1,"turns":1},{"damage":2,"enemies":"3 Sentries","floor":6,"turns":2},{"damage":0,"enemies":"2 Louse","floor":8,"turns":1},{"damage":0,"enemies":"Small Slimes","floor":10,"turns":3},{"damage":57,"enemies":"Gremlin Nob","floor":11,"turns":6},{"damage":20,"enemies":"Exordium Wildlife","floor":12,"turns":3}],"seed_played":"-5555505808735588918","potions_obtained":[{"floor":8,"key":"SmokeBomb"},{"floor":10,"key":"Block Potion"}],"is_trial":false,"path_per_floor":["M","?","?","?","?","E","R","M","T","M","E","M"],"character_chosen":"IRONCLAD","items_purchased":[],"campfire_rested":0,"item_purchase_floors":[],"current_hp_per_floor":[78,78,78,62,51,55,55,61,61,67,16,0],"gold":359,"neow_bonus":"THREE_ENEMY_KILL","is_prod":false,"is_daily":false,"chose_seed":false,"campfire_upgraded":1,"win_rate":0,"timestamp":1556485795,"path_taken":["M","?","?","?","?","E","R","M","T","M","E","M"],"build_version":"2019-01-23","purchased_purges":0,"victory":false,"max_hp_per_floor":[80,80,80,80,80,80,80,80,80,80,80,80],"card_choices":[{"not_picked":["Iron Wave","Wild Strike"],"picked":"Armaments","floor":1},{"not_picked":["Fire Breathing","Feel No Pain"],"picked":"Limit Break","floor":6},{"not_picked":["Twin Strike","Cleave","Anger"],"picked":"SKIP","floor":8},{"not_picked":["Cleave","Dual Wield+1"],"picked":"Disarm+1","floor":10},{"not_picked":["Feel No Pain","Dropkick","Seeing Red+1"],"picked":"SKIP","floor":11}],"player_experience":847376,"relics_obtained":[{"floor":6,"key":"Happy Flower"},{"floor":9,"key":"Toxic Egg 2"},{"floor":11,"key":"WingedGreaves"}],"event_choices":[{"damage_healed":0,"gold_gain":0,"player_choice":"Grow","damage_taken":0,"max_hp_gain":0,"max_hp_loss":0,"event_name":"Living Wall","floor":2,"gold_loss":0,"cards_upgraded":["Armaments"]},{"damage_healed":0,"gold_gain":0,"player_choice":"Box","damage_taken":0,"relics_obtained":["Anchor"],"max_hp_gain":0,"max_hp_loss":0,"event_name":"Big Fish","floor":3,"gold_loss":0,"cards_obtained":["Regret"]},{"damage_healed":0,"gold_gain":0,"player_choice":"Entered Light","damage_taken":16,"max_hp_gain":0,"max_hp_loss":0,"event_name":"Shining Light","floor":4,"gold_loss":0,"cards_upgraded":["Strike_R","Defend_R"]},{"damage_healed":0,"gold_gain":75,"player_choice":"Gather Gold","damage_taken":11,"max_hp_gain":0,"max_hp_loss":0,"event_name":"World of Goop","floor":5,"gold_loss":0}],"is_beta":false,"boss_relics":[],"items_purged_floors":[],"is_endless":false,"potions_floor_spawned":[8,10],"killed_by":"Exordium Wildlife","ascension_level":9}