{"gold_per_floor":[116,26,201,214,234,262,262,276,276,276,276,276],"floor_reached":12,"playtime":276,"items_purged":[],"score":86,"play_id":"1dd13497-a602-432a-9d96-6f8457608f12","local_time":"20190129144732","is_ascension_mode":true,"campfire_choices":[],"neow_cost":"NONE","seed_source_timestamp":690615704956598,"circlet_count":0,"master_deck":["Strike_B","Strike_B","Strike_B","Strike_B","Defend_B","Defend_B","Defend_B","Defend_B+1","Zap","Dualcast","Auto Shields","Lockon","Auto Shields+1","Ball Lightning","BootSequence","Ball Lightning"],"relics":["Cracked Core","Bag of Preparation","Kunai","Molten Egg 2","Ornamental Fan"],"potions_floor_usage":[8,12,12],"damage_taken":[{"damage":20,"enemies":"Small Slimes","floor":1,"turns":3},{"damage":5,"enemies":"2 Louse","floor":4,"turns":3},{"damage":0,"enemies":"Cultist","floor":5,"turns":3},{"damage":11,"enemies":"3 Sentries","floor":6,"turns":7},{"damage":7,"enemies":"Exordium Thugs","floor":8,"turns":2},{"damage":12,"enemies":"Lagavulin","floor":12,"turns":3}],"seed_played":"-8785396827870519431","potions_obtained":[{"floor":4,"key":"SkillPotion"},{"floor":5,"key":"Poison Potion"},{"floor":6,"key":"Fire Potion"}],"is_trial":false,"path_per_floor":["M","$","?","M","M","E","?","M","T","?","?","E"],"character_chosen":"DEFECT","items_purchased":["Lockon","Leap"],"campfire_rested":0,"item_purchase_floors":[2,2],"current_hp_per_floor":[55,55,55,50,50,39,32,25,25,10,10,0],"gold":276,"neow_bonus":"RANDOM_COMMON_RELIC","is_prod":false,"is_daily":false,"chose_seed":false,"campfire_upgraded":0,"win_rate":0,"timestamp":1548802052,"path_taken":["M","$","?","M","M","E","?","M","T","?","?","E"],"build_version":"2019-01-23","purchased_purges":0,"victory":false,"max_hp_per_floor":[75,75,75,75,75,75,75,75,75,75,75,75],"card_choices":[{"not_picked":["Sweeping Beam","Rip and Tear"],"picked":"Auto Shields","floor":1},{"not_picked":["Rebound","Beam Cell"],"picked":"Auto Shields","floor":4},{"not_picked":["Compile Driver","Rebound"],"picked":"Ball Lightning","floor":5},{"not_picked":["Amplify","Ball Lightning"],"picked":"BootSequence","floor":6},{"not_picked":["Barrage","Stack"],"picked":"Ball Lightning","floor":8}],"player_experience":345296,"relics_obtained":[{"floor":6,"key":"Kunai"},{"floor":9,"key":"Molten Egg 2"}],"event_choices":[{"damage_healed":0,"gold_gain":175,"player_choice":"AGREE","damage_taken":0,"max_hp_gain":0,"max_hp_loss":0,"event_name":"Liars Game","floor":3,"gold_loss":0,"cards_obtained":["Doubt"]},{"cards_removed":["Doubt"],"damage_healed":0,"gold_gain":0,"player_choice":"Card Removal","damage_taken":7,"max_hp_gain":0,"max_hp_loss":0,"event_name":"Golden Wing","floor":7,"gold_loss":0},{"damage_healed":0,"gold_gain":0,"player_choice":"Entered Light","damage_taken":15,"max_hp_gain":0,"max_hp_loss":0,"event_name":"Shining Light","floor":10,"gold_loss":0,"cards_upgraded":["Defend_B","Auto Shields"]},{"cards_removed":["Leap"],"damage_healed":0,"gold_gain":0,"player_choice":"Gave Card","damage_taken":0,"relics_obtained":["Ornamental Fan"],"max_hp_gain":0,"max_hp_loss":0,"event_name":"WeMeetAgain","floor":11,"gold_loss":0}],"is_beta":false,"boss_relics":[],"items_purged_floors":[],"is_endless":false,"potions_floor_spawned":[4,5,6],"killed_by":"Lagavulin","ascension_level":2}