{"gold_per_floor":[111,131,131,143,161,161,194,206,218,263,275,462,487,514,526,538],"floor_reached":16,"playtime":1319,"items_purged":[],"score":112,"play_id":"b4eefedf-13d1-46de-8139-9e8020604ac4","local_time":"20190108081845","is_ascension_mode":false,"campfire_choices":[{"data":"MasterSpark","floor":6,"key":"SMITH"},{"floor":8,"key":"REST"},{"floor":15,"key":"REST"}],"neow_cost":"NONE","seed_source_timestamp":513103009797247,"circlet_count":0,"master_deck":["Strike_MRS","Strike_MRS","Strike_MRS","Defend_MRS","Defend_MRS","Defend_MRS","Defend_MRS","MasterSpark+1","UpSweep","SporeBomb","EarthLightRay","AsteroidBelt","Doubt","GrandCross"],"relics":["MiniHakkero","NeowsBlessing","MawBank","Dodecahedron","Bottled Flame"],"potions_floor_usage":[5,7,13],"damage_taken":[{"damage":0,"enemies":"Jaw Worm","floor":1,"turns":1},{"damage":0,"enemies":"2 Louse","floor":2,"turns":1},{"damage":0,"enemies":"Small Slimes","floor":4,"turns":1},{"damage":10,"enemies":"3 Louse","floor":5,"turns":4},{"damage":18,"enemies":"Gremlin Nob","floor":7,"turns":4},{"damage":21,"enemies":"Lagavulin","floor":10,"turns":6},{"damage":2,"enemies":"Looter","floor":13,"turns":3},{"damage":13,"enemies":"Red Slaver","floor":14,"turns":2},{"damage":67,"enemies":"Slime Boss","floor":16,"turns":14}],"seed_played":"3042986260284003315","potions_obtained":[{"floor":2,"key":"PowerPotion"},{"floor":4,"key":"GamblersBrew"},{"floor":10,"key":"SkillPotion"}],"is_trial":false,"path_per_floor":["M","M","?","M","M","R","E","R","T","E","?","?","M","M","R","B"],"character_chosen":"MARISA","items_purchased":[],"campfire_rested":2,"item_purchase_floors":[],"current_hp_per_floor":[75,75,68,68,58,58,40,62,62,45,45,45,47,38,60,0],"gold":538,"neow_bonus":"THREE_ENEMY_KILL","is_prod":false,"is_daily":false,"chose_seed":false,"campfire_upgraded":1,"win_rate":0.0,"timestamp":1546931925,"path_taken":["M","M","?","M","M","R","E","R","T","E","?","?","M","M","R","BOSS"],"build_version":"2019-01-03v4","purchased_purges":0,"victory":false,"max_hp_per_floor":[75,75,75,75,75,75,75,75,75,75,75,75,75,75,75,75],"card_choices":[{"not_picked":["ShootingEcho","StarBarrage","PropBag"],"picked":"SKIP","floor":1},{"not_picked":["PropBag","GrandCross"],"picked":"SporeBomb","floor":2},{"not_picked":["GalacticHalo","MysteriousBeam","NonDirectionalLaser"],"picked":"SKIP","floor":4},{"not_picked":["EnergyRecoil","OpenUniverse","ShootTheMoon"],"picked":"SKIP","floor":5},{"not_picked":["ManaRampage","D6C"],"picked":"EarthLightRay","floor":7},{"not_picked":["StarlightTyphoon","DoubleSpark"],"picked":"AsteroidBelt","floor":10},{"not_picked":["BlazeAway","OrrerysSun"],"picked":"GrandCross","floor":13},{"not_picked":["Occultation","6A","EnergyRecoil"],"picked":"SKIP","floor":14}],"player_experience":293434,"relics_obtained":[{"floor":7,"key":"MawBank"},{"floor":9,"key":"Dodecahedron"},{"floor":10,"key":"Bottled Flame"}],"event_choices":[{"cards_removed":["Strike_MRS"],"damage_healed":0,"gold_gain":0,"player_choice":"Card Removal","damage_taken":7,"max_hp_gain":0,"max_hp_loss":0,"event_name":"Golden Wing","floor":3,"gold_loss":0},{"damage_healed":0,"gold_gain":0,"player_choice":"Ignored","damage_taken":0,"max_hp_gain":0,"max_hp_loss":0,"event_name":"Shining Light","floor":11,"gold_loss":0},{"damage_healed":0,"gold_gain":175,"player_choice":"AGREE","damage_taken":0,"max_hp_gain":0,"max_hp_loss":0,"event_name":"Liars Game","floor":12,"gold_loss":0,"cards_obtained":["Doubt"]}],"is_beta":false,"boss_relics":[],"items_purged_floors":[],"is_endless":false,"potions_floor_spawned":[2,4,10],"killed_by":"Slime Boss","ascension_level":0}