{"gold_per_floor":[119,133,133,19,31,31,66,241,241,258,273,290,290,290],"floor_reached":14,"playtime":333,"items_purged":[],"score":106,"play_id":"7a69b37a-511f-4a72-824e-f3b231eeb915","local_time":"20190501130808","is_ascension_mode":true,"campfire_choices":[{"data":"Static Discharge","floor":6,"key":"SMITH"}],"neow_cost":"NONE","seed_source_timestamp":352991879765996,"circlet_count":0,"master_deck":["Strike_B","Strike_B","Strike_B","Strike_B","Defend_B","Defend_B","Defend_B","Defend_B","Zap","Dualcast","Leap","Rebound","Static Discharge+1","Capacitor","Auto Shields","Defragment","Self Repair","Doubt","Redo+1","Leap+1","Streamline"],"relics":["Cracked Core","The Courier","Toxic Egg 2"],"potions_floor_usage":[10,14],"damage_taken":[{"damage":0,"enemies":"Small Slimes","floor":1,"turns":2},{"damage":0,"enemies":"2 Louse","floor":2,"turns":2},{"damage":1,"enemies":"Cultist","floor":5,"turns":4},{"damage":34,"enemies":"Gremlin Nob","floor":7,"turns":4},{"damage":16,"enemies":"3 Louse","floor":10,"turns":3},{"damage":9,"enemies":"Large Slime","floor":11,"turns":5},{"damage":4,"enemies":"Exordium Wildlife","floor":12,"turns":3},{"damage":20,"enemies":"2 Fungi Beasts","floor":14,"turns":2}],"seed_played":"-5125803241149708321","potions_obtained":[{"floor":5,"key":"Strength Potion"},{"floor":7,"key":"Dexterity Potion"},{"floor":11,"key":"SneckoOil"},{"floor":12,"key":"PowerPotion"}],"is_trial":false,"path_per_floor":["M","M","?","$","M","R","E","?","T","M","M","M","?","M"],"character_chosen":"DEFECT","items_purchased":["Capacitor","Auto Shields"],"campfire_rested":0,"item_purchase_floors":[4,4],"current_hp_per_floor":[75,75,75,75,74,74,40,40,40,24,22,18,18,0],"gold":290,"neow_bonus":"THREE_CARDS","is_prod":false,"is_daily":false,"chose_seed":false,"campfire_upgraded":1,"win_rate":0,"timestamp":1556741288,"path_taken":["M","M","?","$","M","R","E","?","T","M","M","M","?","?"],"build_version":"2019-01-23","purchased_purges":0,"victory":false,"max_hp_per_floor":[75,75,75,75,75,75,75,75,75,75,75,75,75,75],"card_choices":[{"not_picked":["Barrage","Hologram"],"picked":"Leap","floor":0},{"not_picked":["Gash","Beam Cell"],"picked":"Rebound","floor":1},{"not_picked":["Hologram","Aggregate"],"picked":"Static Discharge","floor":2},{"not_picked":["Compile Driver","FTL"],"picked":"Defragment","floor":5},{"not_picked":["Auto Shields","Beam Cell"],"picked":"Self Repair","floor":7},{"not_picked":["Fusion+1","Aggregate+1"],"picked":"Redo+1","floor":10},{"not_picked":["Rip and Tear","Stack+1"],"picked":"Leap+1","floor":11},{"not_picked":["Genetic Algorithm+1","Ball Lightning"],"picked":"Streamline","floor":12}],"player_experience":523015,"relics_obtained":[{"floor":7,"key":"The Courier"},{"floor":9,"key":"Toxic Egg 2"}],"event_choices":[{"damage_healed":0,"gold_gain":0,"player_choice":"Ignored","damage_taken":0,"max_hp_gain":0,"max_hp_loss":0,"event_name":"Golden Idol","floor":3,"gold_loss":0},{"damage_healed":0,"gold_gain":175,"player_choice":"AGREE","damage_taken":0,"max_hp_gain":0,"max_hp_loss":0,"event_name":"Liars Game","floor":8,"gold_loss":0,"cards_obtained":["Doubt"]},{"damage_healed":0,"gold_gain":0,"player_choice":"Bought 0 Potions","damage_taken":0,"max_hp_gain":0,"max_hp_loss":0,"event_name":"The Woman in Blue","floor":13,"gold_loss":0}],"is_beta":false,"boss_relics":[],"items_purged_floors":[],"is_endless":false,"potions_floor_spawned":[5,7,11,12],"killed_by":"2 Fungi Beasts","ascension_level":3}