{"gold_per_floor":[116,116,133,133,133,174,194,215,215,215,255,268,268,193,193,283,283,298,123,136,136],"floor_reached":21,"playtime":636,"items_purged":["Strike_G","Strike_G"],"score":375,"play_id":"7a8a2752-84d7-4a37-bbaa-6e7c7eee35c7","local_time":"20190503212711","is_ascension_mode":true,"campfire_choices":[{"floor":10,"key":"REST"},{"data":"Neutralize","floor":13,"key":"SMITH"},{"data":"Footwork","floor":15,"key":"SMITH"}],"neow_cost":"NONE","seed_source_timestamp":1764641297769363,"circlet_count":0,"master_deck":["AscendersBane","Defend_G","Defend_G","Defend_G","Defend_G","Defend_G","Strike_G","Strike_G","Strike_G","Survivor","Neutralize+1","Poisoned Stab+1","Dagger Throw","Dagger Spray","Footwork+1","Sucker Punch+1","Adrenaline","Deadly Poison","Noxious Fumes","Leg Sweep"],"relics":["Ring of the Snake","NeowsBlessing","Golden Idol","Ginger","Meat on the Bone","Molten Egg 2","Black Star"],"potions_floor_usage":[16],"damage_taken":[{"damage":0,"enemies":"2 Louse","floor":1,"turns":1},{"damage":0,"enemies":"Jaw Worm","floor":3,"turns":1},{"damage":0,"enemies":"Gremlin Nob","floor":6,"turns":1},{"damage":0,"enemies":"Cultist","floor":7,"turns":3},{"damage":4,"enemies":"Looter","floor":8,"turns":4},{"damage":22,"enemies":"3 Sentries","floor":11,"turns":7},{"damage":1,"enemies":"2 Fungi Beasts","floor":12,"turns":3},{"damage":18,"enemies":"Hexaghost","floor":16,"turns":12},{"damage":4,"enemies":"Chosen","floor":18,"turns":6},{"damage":15,"enemies":"Shell Parasite","floor":20,"turns":5},{"damage":39,"enemies":"Cultist and Chosen","floor":21,"turns":4}],"seed_played":"4985755818118085720","potions_obtained":[{"floor":8,"key":"Poison Potion"},{"floor":11,"key":"Energy Potion"},{"floor":12,"key":"LiquidBronze"}],"is_trial":false,"path_per_floor":["M","$","M","?","?","E","M","M","T","R","E","M","R","$","R","B",null,"M","$","M","M"],"character_chosen":"THE_SILENT","items_purchased":["Noxious Fumes"],"campfire_rested":1,"item_purchase_floors":[19],"current_hp_per_floor":[59,59,59,59,36,36,36,32,32,51,41,40,40,40,40,34,58,54,54,39,0],"gold":136,"neow_bonus":"THREE_ENEMY_KILL","is_prod":false,"is_daily":false,"chose_seed":false,"campfire_upgraded":2,"win_rate":0,"timestamp":1556944031,"path_taken":["M","$","M","?","?","E","M","?","T","R","E","M","R","?","R","BOSS","M","$","M","M"],"build_version":"2019-01-23","purchased_purges":2,"victory":false,"max_hp_per_floor":[66,66,66,66,66,66,66,66,66,66,66,66,66,66,66,66,66,66,66,66,66],"card_choices":[{"not_picked":["Underhanded Strike","Blade Dance","Accuracy"],"picked":"SKIP","floor":1},{"not_picked":["Underhanded Strike","All Out Attack"],"picked":"Poisoned Stab","floor":3},{"not_picked":["Reflex","Escape Plan"],"picked":"Dagger Throw","floor":6},{"not_picked":["Distraction","Bane","Acrobatics"],"picked":"SKIP","floor":7},{"not_picked":["Distraction","PiercingWail"],"picked":"Dagger Spray","floor":8},{"not_picked":["Catalyst","Acrobatics"],"picked":"Footwork","floor":11},{"not_picked":["Underhanded Strike+1","Accuracy"],"picked":"Sucker Punch+1","floor":12},{"not_picked":["Wraith Form v2","Burst"],"picked":"Adrenaline","floor":16},{"not_picked":["Calculated Gamble+1","Underhanded Strike+1"],"picked":"Deadly Poison","floor":18},{"not_picked":["Quick Slash+1","Blur"],"picked":"Leg Sweep","floor":20}],"player_experience":396457,"relics_obtained":[{"floor":6,"key":"Ginger"},{"floor":9,"key":"Meat on the Bone"},{"floor":11,"key":"Molten Egg 2"}],"event_choices":[{"damage_healed":0,"gold_gain":0,"player_choice":"Grow","damage_taken":0,"max_hp_gain":0,"max_hp_loss":0,"event_name":"Living Wall","floor":4,"gold_loss":0,"cards_upgraded":["Poisoned Stab"]},{"damage_healed":0,"gold_gain":0,"player_choice":"Take Damage","damage_taken":23,"relics_obtained":["Golden Idol"],"max_hp_gain":0,"max_hp_loss":0,"event_name":"Golden Idol","floor":5,"gold_loss":0}],"is_beta":false,"boss_relics":[{"not_picked":["Calling Bell","WristBlade"],"picked":"Black Star"}],"items_purged_floors":[14,19],"is_endless":false,"potions_floor_spawned":[8,11,12],"killed_by":"Cultist and Chosen","ascension_level":15}