{"gold_per_floor":[367,367,367,13,88,88,114,114,138,156,183,5,19,30,30,130,130,144,161,121,121,50,50,84,84,107,127,156,156,171,191,191,191],"floor_reached":33,"playtime":2045,"items_purged":["Decay","Strike_R"],"score":337,"play_id":"3408cd8c-dcf4-49fd-b550-2f6dcf067094","local_time":"20190319120730","is_ascension_mode":true,"campfire_choices":[{"floor":6,"key":"REST"},{"floor":8,"key":"REST"},{"floor":15,"key":"REST"},{"floor":23,"key":"REST"},{"data":"Dark Embrace","floor":25,"key":"SMITH"},{"data":"Armaments","floor":32,"key":"SMITH"}],"neow_cost":"CURSE","seed_source_timestamp":32227629788888,"circlet_count":0,"master_deck":["Strike_R+1","Strike_R","Strike_R+1","Defend_R+1","Defend_R","Defend_R","Defend_R","Bash+1","Armaments","Uppercut","Inflame","Disarm","Dark Embrace","Armaments+1","Inflame","Infernal Blade","Dark Embrace+1","Pommel Strike+1","Havoc","Corruption","Offering","Seeing Red","Inflame+1"],"relics":["Burning Blood","HandDrill","Magic Flower","Potion Belt","Shuriken","Busted Crown","Pantograph","Whetstone","Anchor"],"potions_floor_usage":[10,16,24,24,24,27,33],"damage_taken":[{"damage":13,"enemies":"Small Slimes","floor":1,"turns":4},{"damage":43,"enemies":"3 Sentries","floor":7,"turns":13},{"damage":0,"enemies":"Jaw Worm","floor":10,"turns":3},{"damage":22,"enemies":"Gremlin Nob","floor":11,"turns":4},{"damage":10,"enemies":"Cultist","floor":13,"turns":5},{"damage":15,"enemies":"3 Louse","floor":14,"turns":5},{"damage":52,"enemies":"Hexaghost","floor":16,"turns":11},{"damage":38,"enemies":"2 Thieves","floor":18,"turns":5},{"damage":16,"enemies":"Spheric Guardian","floor":19,"turns":4},{"damage":31,"enemies":"Book of Stabbing","floor":24,"turns":6},{"damage":14,"enemies":"Centurion and Healer","floor":27,"turns":4},{"damage":22,"enemies":"Gremlin Leader","floor":28,"turns":5},{"damage":6,"enemies":"Snake Plant","floor":30,"turns":2},{"damage":6,"enemies":"Chosen and Byrds","floor":31,"turns":3},{"damage":89,"enemies":"Collector","floor":33,"turns":7}],"seed_played":"1531440714248744044","potions_obtained":[{"floor":1,"key":"Explosive Potion"},{"floor":11,"key":"Ancient Potion"},{"floor":16,"key":"Fire Potion"},{"floor":18,"key":"BloodPotion"},{"floor":24,"key":"Regen Potion"}],"is_trial":false,"path_per_floor":["M","?","?","$","?","R","E","R","T","M","E","$","M","M","R","B",null,"M","M","$","?","$","R","E","R","T","M","E","?","M","M","R","B"],"character_chosen":"IRONCLAD","items_purchased":["Uppercut","HandDrill","Block Potion","Armaments","SkillPotion","Corruption","Offering"],"campfire_rested":4,"item_purchase_floors":[4,4,4,12,12,20,22],"current_hp_per_floor":[73,57,50,50,39,63,26,50,50,59,46,46,45,39,63,20,80,51,44,44,28,28,52,42,42,42,51,38,80,80,80,80,0],"gold":191,"neow_bonus":"TWO_FIFTY_GOLD","is_prod":false,"is_daily":false,"chose_seed":false,"campfire_upgraded":2,"win_rate":0,"timestamp":1553018850,"path_taken":["M","?","?","$","?","R","E","R","T","M","E","$","M","M","R","BOSS","M","M","$","?","?","R","E","R","T","M","E","?","M","?","R","BOSS"],"build_version":"2019-01-23","purchased_purges":2,"victory":false,"max_hp_per_floor":[80,80,80,80,80,80,80,80,80,80,80,80,80,80,80,80,80,80,80,80,80,80,80,80,80,80,80,80,80,80,80,80,80],"card_choices":[{"not_picked":["Searing Blow","Dropkick"],"picked":"Armaments","floor":1},{"not_picked":["Havoc","Rampage"],"picked":"Inflame","floor":7},{"not_picked":["Wild Strike","Second Wind"],"picked":"Disarm","floor":10},{"not_picked":["Cleave","Rupture"],"picked":"Dark Embrace","floor":11},{"not_picked":["Armaments","Headbutt"],"picked":"Inflame","floor":13},{"not_picked":["Wild Strike","Armaments"],"picked":"Infernal Blade","floor":14},{"not_picked":["Berserk","Juggernaut"],"picked":"Dark Embrace","floor":16},{"not_picked":[],"picked":"Pommel Strike+1","floor":18},{"not_picked":[],"picked":"Havoc","floor":19},{"not_picked":["Clash"],"picked":"SKIP","floor":24},{"not_picked":["Pommel Strike"],"picked":"SKIP","floor":27},{"not_picked":["Perfected Strike"],"picked":"SKIP","floor":28},{"not_picked":[],"picked":"Seeing Red","floor":30},{"not_picked":[],"picked":"Inflame+1","floor":31}],"player_experience":279671,"relics_obtained":[{"floor":7,"key":"Magic Flower"},{"floor":9,"key":"Potion Belt"},{"floor":11,"key":"Shuriken"},{"floor":24,"key":"Pantograph"},{"floor":26,"key":"Whetstone"},{"floor":28,"key":"Anchor"}],"event_choices":[{"damage_healed":0,"gold_gain":0,"player_choice":"Entered Light","damage_taken":16,"max_hp_gain":0,"max_hp_loss":0,"event_name":"Shining Light","floor":2,"gold_loss":0,"cards_upgraded":["Strike_R","Defend_R"]},{"cards_removed":["Strike_R"],"damage_healed":0,"gold_gain":0,"player_choice":"Card Removal","damage_taken":7,"max_hp_gain":0,"max_hp_loss":0,"event_name":"Golden Wing","floor":3,"gold_loss":0},{"damage_healed":0,"gold_gain":75,"player_choice":"Gather Gold","damage_taken":11,"max_hp_gain":0,"max_hp_loss":0,"event_name":"World of Goop","floor":5,"gold_loss":0},{"damage_healed":0,"gold_gain":0,"player_choice":"CARD ","damage_taken":16,"max_hp_gain":0,"max_hp_loss":0,"event_name":"Knowing Skull","floor":21,"potions_obtained":[],"gold_loss":0,"cards_obtained":["Enlightenment"]},{"cards_removed":["Enlightenment"],"damage_healed":42,"gold_gain":0,"player_choice":"Offered Uncommon","damage_taken":0,"max_hp_gain":0,"max_hp_loss":0,"event_name":"Bonfire Elementals","floor":29,"gold_loss":0}],"is_beta":false,"boss_relics":[{"not_picked":["Fusion Hammer","Cursed Key"],"picked":"Busted Crown"}],"items_purged_floors":[4,12],"is_endless":false,"potions_floor_spawned":[1,11,16,18,24],"killed_by":"Collector","ascension_level":3}