{"gold_per_floor":[113,113,132,143,15,42,42,52,76,76,86,86,86,106,106,210,210,225,325,341,341,360,360,275,275,347,359,359,375,392,408,408,408],"floor_reached":33,"playtime":2831,"items_purged":[],"score":251,"play_id":"f49d90cf-355f-4aa4-8e7a-abe1af80d2cd","local_time":"20190306135110","is_ascension_mode":false,"campfire_choices":[{"data":"Defragment","floor":7,"key":"SMITH"},{"data":"Defragment","floor":10,"key":"SMITH"},{"data":"Conserve Battery","floor":13,"key":"SMITH"},{"floor":15,"key":"REST"},{"data":"Leap","floor":23,"key":"SMITH"},{"data":"Zap","floor":25,"key":"SMITH"},{"data":"Self Repair","floor":28,"key":"SMITH"},{"data":"Consume","floor":32,"key":"SMITH"}],"neow_cost":"NONE","seed_source_timestamp":13912927984479,"circlet_count":0,"master_deck":["Strike_B","Strike_B","Strike_B","Defend_B","Defend_B","Defend_B","Defend_B","Zap+1","Dualcast","Core Surge","Go for the Eyes","Genetic Algorithm","Ball Lightning","Barrage","Defragment+1","Conserve Battery+1","Undo","Defragment+1","Ball Lightning","Consume+1","Biased Cognition","Self Repair+1","Leap+1","Skim+1","Capacitor","Coolheaded+1","Stack+1","BootSequence+1"],"relics":["Cracked Core","Bronze Scales","Bag of Marbles","Coffee Dripper","StoneCalendar","Bottled Flame","Centennial Puzzle","Toxic Egg 2","Letter Opener"],"potions_floor_usage":[6,16,22,22,29,29],"damage_taken":[{"damage":7,"enemies":"Small Slimes","floor":1,"turns":3},{"damage":6,"enemies":"Cultist","floor":3,"turns":4},{"damage":0,"enemies":"2 Louse","floor":4,"turns":2},{"damage":21,"enemies":"3 Sentries","floor":6,"turns":6},{"damage":11,"enemies":"Lots of Slimes","floor":8,"turns":3},{"damage":0,"enemies":"3 Louse","floor":11,"turns":2},{"damage":0,"enemies":"Large Slime","floor":14,"turns":4},{"damage":11,"enemies":"Slime Boss","floor":16,"turns":6},{"damage":0,"enemies":"Chosen","floor":18,"turns":3},{"damage":18,"enemies":"Colosseum Slavers","floor":19,"turns":3},{"damage":48,"enemies":"Colosseum Nobs","floor":19,"turns":5},{"damage":0,"enemies":"3 Byrds","floor":20,"turns":3},{"damage":14,"enemies":"Snake Plant","floor":22,"turns":4},{"damage":14,"enemies":"Sentry and Sphere","floor":27,"turns":3},{"damage":6,"enemies":"Chosen and Byrds","floor":29,"turns":4},{"damage":5,"enemies":"Snecko","floor":30,"turns":4},{"damage":1,"enemies":"Centurion and Healer","floor":31,"turns":6},{"damage":24,"enemies":"Automaton","floor":33,"turns":8}],"seed_played":"1110806226004126644","potions_obtained":[{"floor":4,"key":"Energy Potion"},{"floor":8,"key":"Ancient Potion"},{"floor":11,"key":"Regen Potion"},{"floor":14,"key":"SmokeBomb"},{"floor":19,"key":"PowerPotion"},{"floor":20,"key":"EssenceOfSteel"},{"floor":22,"key":"Weak Potion"},{"floor":27,"key":"Energy Potion"}],"is_trial":false,"path_per_floor":["M","?","M","M","$","E","R","M","T","R","M","?","R","M","R","B",null,"M","?","M","?","M","R","?","R","T","M","R","M","M","M","R","B"],"character_chosen":"DEFECT","items_purchased":["Defragment","Conserve Battery"],"campfire_rested":1,"item_purchase_floors":[5,5],"current_hp_per_floor":[68,68,62,62,62,41,41,30,30,30,30,30,30,30,52,53,75,75,16,23,23,16,16,16,16,16,9,9,13,18,17,17,0],"gold":408,"neow_bonus":"ONE_RANDOM_RARE_CARD","is_prod":false,"is_daily":false,"chose_seed":false,"campfire_upgraded":7,"win_rate":0.0,"timestamp":1551876670,"path_taken":["M","?","M","?","$","E","R","M","T","R","M","?","R","?","R","BOSS","M","?","M","?","M","R","?","R","T","?","R","M","M","M","R","BOSS"],"build_version":"2019-01-23","purchased_purges":0,"victory":false,"max_hp_per_floor":[75,75,75,75,75,75,75,75,75,75,75,75,75,75,75,75,75,75,75,75,75,75,75,75,75,75,75,75,75,75,75,75,75],"card_choices":[{"not_picked":["Streamline","Auto Shields"],"picked":"Go for the Eyes","floor":1},{"not_picked":["Steam","Stack"],"picked":"Ball Lightning","floor":3},{"not_picked":["Melter","Beam Cell"],"picked":"Barrage","floor":4},{"not_picked":["Stack","Reprogram"],"picked":"Undo","floor":6},{"not_picked":["Double Energy","Ball Lightning"],"picked":"Defragment","floor":8},{"not_picked":["Storm","Steam"],"picked":"Ball Lightning","floor":11},{"not_picked":["Steam","Streamline"],"picked":"Consume","floor":14},{"not_picked":["Hyperbeam","Reboot"],"picked":"Biased Cognition","floor":16},{"not_picked":["Turbo","Gash"],"picked":"Self Repair","floor":18},{"not_picked":["Genetic Algorithm","Cold Snap"],"picked":"Leap","floor":19},{"not_picked":["Rebound","Reprogram","Sweeping Beam"],"picked":"SKIP","floor":20},{"not_picked":["Sweeping Beam+1","Beam Cell+1"],"picked":"Skim+1","floor":22},{"not_picked":["Beam Cell+1","Genetic Algorithm+1"],"picked":"Capacitor","floor":27},{"not_picked":["Steam Power+1","Heatsinks"],"picked":"Coolheaded+1","floor":29},{"not_picked":["Aggregate+1","Sweeping Beam"],"picked":"Stack+1","floor":30},{"not_picked":["Streamline","Force Field+1"],"picked":"BootSequence+1","floor":31}],"player_experience":106355,"relics_obtained":[{"floor":6,"key":"Bronze Scales"},{"floor":9,"key":"Bag of Marbles"},{"floor":19,"key":"StoneCalendar"},{"floor":19,"key":"Bottled Flame"},{"floor":26,"key":"Letter Opener"}],"event_choices":[{"damage_healed":0,"gold_gain":0,"cards_transformed":["Strike_B"],"player_choice":"Transformed","damage_taken":0,"max_hp_gain":0,"max_hp_loss":0,"event_name":"Transmorgrifier","floor":2,"gold_loss":0,"cards_obtained":["Genetic Algorithm"]},{"damage_healed":0,"gold_gain":0,"player_choice":"Bought 0 Potions","damage_taken":0,"max_hp_gain":0,"max_hp_loss":0,"event_name":"The Woman in Blue","floor":12,"gold_loss":0},{"damage_healed":0,"gold_gain":0,"player_choice":"Fight","damage_taken":0,"max_hp_gain":0,"max_hp_loss":0,"event_name":"Colosseum","floor":19,"gold_loss":0},{"damage_healed":0,"gold_gain":0,"player_choice":"Fought Nobs","damage_taken":0,"max_hp_gain":0,"max_hp_loss":0,"event_name":"Colosseum","floor":19,"gold_loss":0},{"damage_healed":0,"gold_gain":0,"player_choice":"Opened","damage_taken":0,"relics_obtained":["Centennial Puzzle"],"max_hp_gain":0,"max_hp_loss":0,"event_name":"The Mausoleum","floor":21,"gold_loss":0},{"damage_healed":0,"gold_gain":0,"player_choice":"Obtained Relic","damage_taken":0,"relics_obtained":["Toxic Egg 2"],"max_hp_gain":0,"max_hp_loss":0,"event_name":"Addict","floor":24,"gold_loss":85}],"is_beta":false,"boss_relics":[{"not_picked":["Snecko Eye","Velvet Choker"],"picked":"Coffee Dripper"}],"items_purged_floors":[],"is_endless":false,"potions_floor_spawned":[4,8,11,14,19,20,22,27],"killed_by":"Automaton","ascension_level":0}