{"gold_per_floor":[109,125,136,155,170,198,198,198,198,233,198,225,225,253,253,352,352,370,400,415,415,415,450,462,462,485,497,509,549,580,625,637,745,757,782,805,817,846,255,288,288],"floor_reached":41,"playtime":2612,"items_purged":["Bite"],"score":843,"play_id":"23539c17-558d-4dbf-b289-8ec63de92bdf","local_time":"20190410135728","is_ascension_mode":true,"campfire_choices":[{"data":"Body Slam","floor":7,"key":"SMITH"},{"data":"Bash","floor":15,"key":"SMITH"},{"data":"Barricade","floor":25,"key":"SMITH"},{"data":"True Grit","floor":28,"key":"SMITH"},{"data":"Juggernaut","floor":32,"key":"SMITH"}],"neow_cost":"NONE","seed_source_timestamp":388904993085621,"circlet_count":0,"master_deck":["Defend_R","Defend_R","Defend_R+1","Defend_R","Bash+1","Body Slam+1","Power Through","Headbutt","True Grit+1","Anger","Inflame","Disarm","Disarm","Barricade+1","Shrug It Off","Dual Wield","Shrug It Off","Bite","Bite","Bite","Bite","True Grit+1","Juggernaut+1","Pommel Strike+1","Demon Form","Corruption"],"relics":["Burning Blood","Pocketwatch","Potion Belt","War Paint","Self Forming Clay","Bottled Flame","Mark of Pain","Red Mask","Matryoshka","Regal Pillow","MawBank","Blue Candle","Lantern","Busted Crown","Art of War","ClockworkSouvenir","Bird Faced Urn"],"potions_floor_usage":[6,14,19,23,23,31,33,33,35,40,40,40,40],"damage_taken":[{"damage":1,"enemies":"Cultist","floor":1,"turns":4},{"damage":4,"enemies":"Small Slimes","floor":2,"turns":4},{"damage":3,"enemies":"2 Louse","floor":3,"turns":3},{"damage":14,"enemies":"Large Slime","floor":4,"turns":7},{"damage":11,"enemies":"Blue Slaver","floor":5,"turns":4},{"damage":36,"enemies":"3 Sentries","floor":6,"turns":7},{"damage":14,"enemies":"Gremlin Nob","floor":10,"turns":4},{"damage":20,"enemies":"Lagavulin","floor":12,"turns":5},{"damage":8,"enemies":"Gremlin Nob","floor":14,"turns":3},{"damage":0,"enemies":"Hexaghost","floor":16,"turns":9},{"damage":15,"enemies":"2 Thieves","floor":18,"turns":5},{"damage":36,"enemies":"Masked Bandits","floor":19,"turns":7},{"damage":2,"enemies":"Shell Parasite","floor":20,"turns":6},{"damage":43,"enemies":"Gremlin Leader","floor":23,"turns":15},{"damage":0,"enemies":"Snecko","floor":24,"turns":5},{"damage":5,"enemies":"Book of Stabbing","floor":29,"turns":10},{"damage":15,"enemies":"Sentry and Sphere","floor":30,"turns":6},{"damage":21,"enemies":"Slavers","floor":31,"turns":8},{"damage":45,"enemies":"Collector","floor":33,"turns":13},{"damage":29,"enemies":"3 Darklings","floor":35,"turns":12},{"damage":25,"enemies":"Orb Walker","floor":36,"turns":5},{"damage":62,"enemies":"Spire Growth","floor":38,"turns":7},{"damage":38,"enemies":"Giant Head","floor":40,"turns":7},{"damage":86,"enemies":"Transient","floor":41,"turns":5}],"seed_played":"2408259134307491558","potions_obtained":[{"floor":1,"key":"PowerPotion"},{"floor":2,"key":"FearPotion"},{"floor":3,"key":"GamblersBrew"},{"floor":6,"key":"BloodPotion"},{"floor":16,"key":"PowerPotion"},{"floor":19,"key":"SteroidPotion"},{"floor":20,"key":"SpeedPotion"},{"floor":23,"key":"SkillPotion"},{"floor":30,"key":"Ancient Potion"},{"floor":31,"key":"Fire Potion"},{"floor":40,"key":"Poison Potion"}],"is_trial":false,"path_per_floor":["M","M","M","M","M","E","R","?","T","E","?","E","?","E","R","B",null,"M","?","M","?","?","E","M","R","T","?","R","E","M","E","R","B",null,"M","M","?","M","$","E","M"],"character_chosen":"IRONCLAD","items_purchased":["Art of War","Corruption","ClockworkSouvenir","EntropicBrew"],"campfire_rested":0,"item_purchase_floors":[39,39,39,39],"current_hp_per_floor":[85,87,88,80,75,45,45,33,33,25,47,33,26,24,24,32,74,67,39,45,74,74,63,77,77,77,60,60,79,84,87,87,73,88,93,76,93,47,47,38,0],"gold":288,"neow_bonus":"TEN_PERCENT_HP_BONUS","is_prod":false,"is_daily":false,"chose_seed":false,"campfire_upgraded":5,"win_rate":0,"timestamp":1554929848,"path_taken":["M","M","?","M","M","E","R","?","T","E","?","E","?","E","R","BOSS","M","?","M","?","?","E","M","R","T","?","R","E","M","E","R","BOSS","M","M","?","M","$","E","M"],"build_version":"2019-01-23","purchased_purges":1,"victory":false,"max_hp_per_floor":[88,88,88,88,88,88,88,88,88,88,88,88,88,88,88,88,88,88,88,88,88,88,88,88,88,88,93,93,93,93,93,93,93,93,93,93,93,93,93,93,93],"card_choices":[{"not_picked":["Evolve","Dual Wield"],"picked":"Body Slam","floor":1},{"not_picked":["Infernal Blade","Headbutt"],"picked":"Power Through","floor":2},{"not_picked":["Body Slam","Ghostly Armor"],"picked":"Headbutt","floor":3},{"not_picked":["Searing Blow","Body Slam"],"picked":"True Grit","floor":4},{"not_picked":["Cleave","Iron Wave"],"picked":"Anger","floor":5},{"not_picked":["Clash","Wild Strike","Flex"],"picked":"SKIP","floor":6},{"not_picked":["Fire Breathing","Perfected Strike"],"picked":"Inflame","floor":10},{"not_picked":["Iron Wave","Uppercut"],"picked":"Disarm","floor":12},{"not_picked":["Dark Embrace","Pommel Strike"],"picked":"Disarm","floor":14},{"not_picked":["Juggernaut","Brutality"],"picked":"Barricade","floor":16},{"not_picked":["Heavy Blade+1","Armaments"],"picked":"Shrug It Off","floor":18},{"not_picked":["Anger","Twin Strike"],"picked":"Dual Wield","floor":19},{"not_picked":["Shockwave","Havoc"],"picked":"Shrug It Off","floor":20},{"not_picked":["Seeing Red","Perfected Strike"],"picked":"True Grit","floor":23},{"not_picked":["Iron Wave","Cleave","Headbutt"],"picked":"SKIP","floor":24},{"not_picked":["Seeing Red","Rampage"],"picked":"Juggernaut","floor":29},{"not_picked":["True Grit","Clothesline"],"picked":"Pommel Strike+1","floor":30},{"not_picked":["Carnage","Sword Boomerang","Reaper"],"picked":"SKIP","floor":31},{"not_picked":["Limit Break","Barricade"],"picked":"Demon Form","floor":33},{"not_picked":["Thunderclap"],"picked":"SKIP","floor":35},{"not_picked":[],"picked":"Intimidate+1","floor":36},{"not_picked":["Warcry"],"picked":"SKIP","floor":38},{"not_picked":["Wild Strike"],"picked":"SKIP","floor":40}],"player_experience":199997,"relics_obtained":[{"floor":6,"key":"Pocketwatch"},{"floor":9,"key":"War Paint"},{"floor":10,"key":"Self Forming Clay"},{"floor":12,"key":"Bottled Flame"},{"floor":14,"key":"Blood Vial"},{"floor":19,"key":"Red Mask"},{"floor":23,"key":"Matryoshka"},{"floor":26,"key":"Regal Pillow"},{"floor":26,"key":"MawBank"},{"floor":29,"key":"Blue Candle"},{"floor":31,"key":"Lantern"},{"floor":40,"key":"Bird Faced Urn"}],"event_choices":[{"damage_healed":0,"gold_gain":0,"player_choice":"Success","damage_taken":12,"relics_obtained":["Potion Belt"],"max_hp_gain":0,"max_hp_loss":0,"event_name":"Scrap Ooze","floor":8,"gold_loss":0},{"damage_healed":22,"gold_gain":0,"player_choice":"Healed","damage_taken":0,"max_hp_gain":0,"max_hp_loss":0,"event_name":"The Cleric","floor":11,"gold_loss":35},{"cards_removed":["Strike_R"],"damage_healed":0,"gold_gain":0,"player_choice":"Card Removal","damage_taken":7,"max_hp_gain":0,"max_hp_loss":0,"event_name":"Golden Wing","floor":13,"gold_loss":0},{"damage_healed":0,"gold_gain":0,"player_choice":"Fought Bandits","damage_taken":0,"max_hp_gain":0,"max_hp_loss":0,"event_name":"Masked Bandits","floor":19,"gold_loss":0},{"damage_healed":29,"gold_gain":0,"player_choice":"Heal","damage_taken":0,"max_hp_gain":0,"max_hp_loss":0,"event_name":"The Library","floor":21,"gold_loss":0},{"damage_healed":0,"gold_gain":0,"player_choice":"Became a vampire (Vial)","damage_taken":0,"max_hp_gain":0,"max_hp_loss":0,"event_name":"Vampires","floor":22,"relics_lost":["Blood Vial"],"gold_loss":0,"cards_obtained":["Bite","Bite","Bite","Bite","Bite"]},{"damage_healed":0,"gold_gain":0,"player_choice":"Shed Blood","damage_taken":22,"max_hp_gain":5,"max_hp_loss":0,"event_name":"Forgotten Altar","floor":27,"gold_loss":0},{"cards_removed":["Intimidate"],"damage_healed":17,"gold_gain":0,"player_choice":"Offered Uncommon","damage_taken":0,"max_hp_gain":0,"max_hp_loss":0,"event_name":"Bonfire Elementals","floor":37,"gold_loss":0}],"is_beta":false,"boss_relics":[{"not_picked":["Empty Cage","Philosopher\u0027s Stone"],"picked":"Mark of Pain"},{"not_picked":["Black Blood","Tiny House"],"picked":"Busted Crown"}],"items_purged_floors":[39],"is_endless":false,"potions_floor_spawned":[1,2,3,6,16,19,20,23,30,31,40],"killed_by":"Transient","ascension_level":8}