{"gold_per_floor":[117,117,117,42,63,103,103,141,153,165,192,204,28,28,28,121,121,139,153,78,93,93,93],"floor_reached":23,"playtime":4714,"items_purged":["Strike_R"],"score":400,"play_id":"760d9752-5ae1-4854-8066-bdbeba406cd2","local_time":"20190505192724","is_ascension_mode":true,"campfire_choices":[{"data":"Spot Weakness","floor":7,"key":"SMITH"},{"floor":10,"key":"REST"},{"floor":15,"key":"REST"}],"neow_cost":"NONE","seed_source_timestamp":498093805008300,"circlet_count":0,"master_deck":["AscendersBane","Strike_R","Strike_R","Defend_R","Defend_R","Defend_R","Defend_R","Bash","Headbutt","True Grit","Spot Weakness+1","Sentinel","Exhume","Havoc","Shrug It Off","Fiend Fire","Seeing Red","Feel No Pain","Warcry"],"relics":["Burning Blood","NeowsBlessing","Golden Idol","Dead Branch","MawBank","Turnip","Lizard Tail"],"potions_floor_usage":[16,21,23],"damage_taken":[{"damage":0,"enemies":"Jaw Worm","floor":1,"turns":1},{"damage":0,"enemies":"Small Slimes","floor":5,"turns":1},{"damage":0,"enemies":"Gremlin Nob","floor":6,"turns":1},{"damage":18,"enemies":"3 Sentries","floor":8,"turns":6},{"damage":17,"enemies":"2 Louse","floor":11,"turns":3},{"damage":45,"enemies":"Slime Boss","floor":16,"turns":9},{"damage":18,"enemies":"Spheric Guardian","floor":18,"turns":6},{"damage":11,"enemies":"Shell Parasite","floor":19,"turns":4},{"damage":49,"enemies":"Snake Plant","floor":21,"turns":6},{"damage":46,"enemies":"Book of Stabbing","floor":23,"turns":8}],"seed_played":"-2751853205789197249","potions_obtained":[{"floor":5,"key":"FearPotion"},{"floor":11,"key":"AttackPotion"},{"floor":21,"key":"SpeedPotion"}],"is_trial":false,"path_per_floor":["M","?","$","?","M","E","R","E","T","R","M","?","$","$","R","B",null,"M","M","$","M","?","E"],"character_chosen":"IRONCLAD","items_purchased":["Havoc","Shrug It Off","Feel No Pain"],"campfire_rested":2,"item_purchase_floors":[13,13,20],"current_hp_per_floor":[74,48,48,48,54,60,60,48,48,70,59,59,59,59,75,36,65,53,48,48,43,43,0],"gold":93,"neow_bonus":"THREE_ENEMY_KILL","is_prod":false,"is_daily":false,"chose_seed":false,"campfire_upgraded":1,"win_rate":0,"timestamp":1557077244,"path_taken":["M","?","$","?","M","E","R","E","T","R","M","?","?","$","R","BOSS","M","M","$","M","?","E"],"build_version":"2019-01-23","purchased_purges":1,"victory":false,"max_hp_per_floor":[75,75,75,75,75,75,75,75,75,75,75,75,75,75,75,75,75,75,75,75,75,75,75],"card_choices":[{"not_picked":["Flex","Cleave"],"picked":"Headbutt","floor":1},{"not_picked":["Body Slam","Clothesline"],"picked":"True Grit","floor":5},{"not_picked":["Thunderclap","Pommel Strike"],"picked":"Spot Weakness","floor":6},{"not_picked":["Perfected Strike","Dual Wield"],"picked":"Sentinel","floor":8},{"not_picked":["Fire Breathing","Armaments"],"picked":"Exhume","floor":11},{"not_picked":["Brutality","Exhume"],"picked":"Fiend Fire","floor":16},{"not_picked":["Wild Strike","Twin Strike","Flex"],"picked":"SKIP","floor":18},{"not_picked":["Warcry","Armaments"],"picked":"Seeing Red","floor":19},{"not_picked":["Spot Weakness","Anger"],"picked":"Warcry","floor":21}],"player_experience":1122586,"relics_obtained":[{"floor":6,"key":"Dead Branch"},{"floor":8,"key":"MawBank"},{"floor":9,"key":"Turnip"}],"event_choices":[{"damage_healed":0,"gold_gain":0,"player_choice":"Take Damage","damage_taken":26,"relics_obtained":["Golden Idol"],"max_hp_gain":0,"max_hp_loss":0,"event_name":"Golden Idol","floor":2,"gold_loss":0},{"cards_removed":["Strike_R"],"damage_healed":0,"gold_gain":0,"player_choice":"Card Removal","damage_taken":0,"max_hp_gain":0,"max_hp_loss":0,"event_name":"The Cleric","floor":4,"gold_loss":75},{"cards_removed":["Strike_R"],"damage_healed":0,"gold_gain":0,"player_choice":"Forget","damage_taken":0,"max_hp_gain":0,"max_hp_loss":0,"event_name":"Living Wall","floor":12,"gold_loss":0},{"damage_healed":0,"gold_gain":0,"player_choice":"Ignored","damage_taken":0,"max_hp_gain":0,"max_hp_loss":0,"event_name":"Cursed Tome","floor":22,"gold_loss":0}],"is_beta":false,"boss_relics":[{"not_picked":["Runic Dome","Runic Cube"],"picked":"Lizard Tail"}],"items_purged_floors":[13],"is_endless":false,"potions_floor_spawned":[5,11,21],"killed_by":"Book of Stabbing","ascension_level":16}