{"gold_per_floor":[109,122,122,134,134,163,163,195,195,230,230,230,255,274,274,352,352,352,68,68,68,68],"floor_reached":22,"playtime":791,"items_purged":[],"score":392,"play_id":"b0f97f29-4c20-4b1b-8830-b7774f483a30","local_time":"20190429160053","is_ascension_mode":true,"campfire_choices":[{"floor":7,"key":"REST"},{"floor":12,"key":"REST"},{"floor":15,"key":"REST"}],"neow_cost":"NONE","seed_source_timestamp":145528095411704,"circlet_count":0,"master_deck":["AscendersBane","Strike_R","Strike_R","Strike_R","Defend_R","Defend_R","Defend_R","Defend_R","Bash","Carnage","Shrug It Off","True Grit","Shockwave+1","Spot Weakness+1","Spot Weakness+1","Cleave","Cleave","Juggernaut","Shockwave+1","Necronomicurse"],"relics":["Burning Blood","Girya","Toxic Egg 2","Oddly Smooth Stone","Gremlin Horn","Art of War","Shuriken","Ectoplasm","Kunai","Necronomicon"],"potions_floor_usage":[10,13,14],"damage_taken":[{"damage":7,"enemies":"Small Slimes","floor":1,"turns":4},{"damage":9,"enemies":"Jaw Worm","floor":2,"turns":4},{"damage":6,"enemies":"Cultist","floor":4,"turns":4},{"damage":29,"enemies":"Gremlin Nob","floor":6,"turns":5},{"damage":15,"enemies":"Lagavulin","floor":8,"turns":5},{"damage":22,"enemies":"3 Sentries","floor":10,"turns":8},{"damage":22,"enemies":"Gremlin Nob","floor":13,"turns":4},{"damage":0,"enemies":"Large Slime","floor":14,"turns":4},{"damage":40,"enemies":"Slime Boss","floor":16,"turns":7},{"damage":25,"enemies":"Shell Parasite","floor":18,"turns":5},{"damage":19,"enemies":"3 Byrds","floor":21,"turns":4},{"damage":13,"enemies":"Cultist and Chosen","floor":22,"turns":4}],"seed_played":"2504699992083779683","potions_obtained":[{"floor":6,"key":"Explosive Potion"},{"floor":10,"key":"Explosive Potion"},{"floor":13,"key":"Explosive Potion"}],"is_trial":false,"path_per_floor":["M","M","?","M","?","E","R","E","T","E","?","R","E","M","R","B",null,"M","$","?","M","M"],"character_chosen":"IRONCLAD","items_purchased":["Kunai"],"campfire_rested":3,"item_purchase_floors":[19],"current_hp_per_floor":[67,64,57,57,39,16,38,29,29,13,13,35,19,25,47,13,60,41,41,20,7,0],"gold":68,"neow_bonus":"REMOVE_CARD","is_prod":false,"is_daily":false,"chose_seed":false,"campfire_upgraded":0,"win_rate":0,"timestamp":1556578853,"path_taken":["M","M","?","M","?","E","R","E","T","E","?","R","E","M","R","BOSS","M","$","?","M","M"],"build_version":"2019-01-23","purchased_purges":0,"victory":false,"max_hp_per_floor":[75,75,75,75,75,75,75,75,75,75,75,75,75,75,75,75,75,75,75,75,75,75],"card_choices":[{"not_picked":["Clash","True Grit"],"picked":"Carnage","floor":1},{"not_picked":["Twin Strike","Perfected Strike"],"picked":"Shrug It Off","floor":2},{"not_picked":["Warcry","Twin Strike"],"picked":"True Grit","floor":4},{"not_picked":["Sever Soul","Brutality"],"picked":"Shockwave","floor":6},{"not_picked":["True Grit+1","Twin Strike"],"picked":"Spot Weakness+1","floor":8},{"not_picked":["Double Tap+1","Dual Wield+1"],"picked":"Spot Weakness+1","floor":10},{"not_picked":["Twin Strike","Wild Strike"],"picked":"Cleave","floor":13},{"not_picked":["Thunderclap","Pommel Strike"],"picked":"Cleave","floor":14},{"not_picked":["Barricade","Demon Form"],"picked":"Juggernaut","floor":16},{"not_picked":["Shrug It Off+1","Cleave"],"picked":"Shockwave+1","floor":18},{"not_picked":["Body Slam","Flex+1","Dual Wield+1"],"picked":"SKIP","floor":21}],"player_experience":506148,"relics_obtained":[{"floor":6,"key":"Toxic Egg 2"},{"floor":8,"key":"Oddly Smooth Stone"},{"floor":9,"key":"Gremlin Horn"},{"floor":10,"key":"Art of War"},{"floor":13,"key":"Shuriken"},{"floor":20,"key":"Necronomicon"}],"event_choices":[{"cards_removed":["Strike_R"],"damage_healed":0,"gold_gain":0,"player_choice":"Card Removal","damage_taken":7,"max_hp_gain":0,"max_hp_loss":0,"event_name":"Golden Wing","floor":3,"gold_loss":0},{"damage_healed":0,"gold_gain":0,"player_choice":"Success","damage_taken":18,"relics_obtained":["Girya"],"max_hp_gain":0,"max_hp_loss":0,"event_name":"Scrap Ooze","floor":5,"gold_loss":0},{"damage_healed":0,"gold_gain":0,"player_choice":"Ignored","damage_taken":0,"max_hp_gain":0,"max_hp_loss":0,"event_name":"Liars Game","floor":11,"gold_loss":0},{"damage_healed":0,"gold_gain":0,"player_choice":"Obtained Book","damage_taken":21,"max_hp_gain":0,"max_hp_loss":0,"event_name":"Cursed Tome","floor":20,"gold_loss":0}],"is_beta":false,"boss_relics":[{"not_picked":["Tiny House","Pandora\u0027s Box"],"picked":"Ectoplasm"}],"items_purged_floors":[],"is_endless":false,"potions_floor_spawned":[6,10,13],"killed_by":"Cultist and Chosen","ascension_level":17}