{"gold_per_floor":[109,125,300,318,243,243,275,275,328,215,230,243,243,268,268,363,363,381,353,6,6,6,6,34,34,61,79,98,112,143,68,68,68],"floor_reached":33,"playtime":1735,"items_purged":["Doubt","Defend_R"],"score":310,"play_id":"5838e240-09e1-4904-9c61-68d0125ff2a2","local_time":"20180810075855","is_ascension_mode":true,"campfire_choices":[{"data":"Bash","floor":6,"key":"SMITH"},{"data":"Clothesline","floor":8,"key":"SMITH"},{"data":"Entrench","floor":15,"key":"SMITH"},{"floor":23,"key":"REST"},{"data":"Bludgeon","floor":25,"key":"SMITH"},{"floor":32,"key":"REST"}],"neow_cost":"NONE","seed_source_timestamp":158460597829694,"circlet_count":0,"master_deck":["Strike_R","Defend_R+1","Defend_R+1","Defend_R","Bash+1","Headbutt","Thunderclap","Clothesline+1","Inflame","Metallicize","Entrench+1","Flame Barrier","Spot Weakness","Armaments","Bludgeon+1","Second Wind+1","Double Tap+1","Impervious+1","Shrug It Off","Headbutt","Shrug It Off","Dropkick+1","Entrench","Iron Wave","Dual Wield+1"],"relics":["Burning Blood","War Paint","Potion Belt","Frozen Egg 2","Happy Flower","Astrolabe","Mummified Hand","Enchiridion","Lantern","Bag of Marbles","Meat on the Bone"],"potions_floor_usage":[7,14,14,16,18,24,24,30],"damage_taken":[{"damage":6,"enemies":"Cultist","floor":1,"turns":3},{"damage":5,"enemies":"2 Louse","floor":2,"turns":3},{"damage":0,"enemies":"Small Slimes","floor":4,"turns":2},{"damage":21,"enemies":"Lagavulin","floor":7,"turns":5},{"damage":8,"enemies":"Gremlin Gang","floor":11,"turns":7},{"damage":4,"enemies":"Blue Slaver","floor":12,"turns":5},{"damage":8,"enemies":"3 Sentries","floor":14,"turns":7},{"damage":27,"enemies":"Slime Boss","floor":16,"turns":9},{"damage":19,"enemies":"Spheric Guardian","floor":18,"turns":6},{"damage":22,"enemies":"2 Thieves","floor":19,"turns":5},{"damage":37,"enemies":"Book of Stabbing","floor":24,"turns":6},{"damage":0,"enemies":"Snecko","floor":27,"turns":3},{"damage":6,"enemies":"Centurion and Healer","floor":28,"turns":8},{"damage":5,"enemies":"Chosen and Byrds","floor":29,"turns":3},{"damage":25,"enemies":"Gremlin Leader","floor":30,"turns":7},{"damage":55,"enemies":"Collector","floor":33,"turns":5}],"seed_played":"-1666387131603691092","potions_obtained":[{"floor":0,"key":"SneckoOil"},{"floor":0,"key":"EssenceOfSteel"},{"floor":0,"key":"Fire Potion"},{"floor":4,"key":"Strength Potion"},{"floor":7,"key":"Regen Potion"},{"floor":11,"key":"SteroidPotion"},{"floor":12,"key":"LiquidBronze"},{"floor":19,"key":"SkillPotion"},{"floor":24,"key":"EssenceOfSteel"},{"floor":28,"key":"Swift Potion"}],"is_trial":false,"path_per_floor":["M","M","?","M","$","R","E","R","T","$","M","M","?","E","R","B",null,"M","M","$","?","?","R","E","R","T","M","M","M","E","?","R"],"character_chosen":"IRONCLAD","items_purchased":["Metallicize","Entrench","Mummified Hand"],"campfire_rested":2,"item_purchase_floors":[10,10,20],"current_hp_per_floor":[80,80,80,80,80,80,65,65,65,65,63,65,47,60,60,39,80,67,51,51,51,35,59,28,28,28,34,34,35,16,16,40,0],"gold":68,"neow_bonus":"THREE_SMALL_POTIONS","is_prod":false,"is_daily":false,"chose_seed":false,"campfire_upgraded":4,"win_rate":1,"timestamp":1533913135,"path_taken":["M","M","?","M","$","R","E","R","T","$","M","?","?","E","R","BOSS","M","M","$","?","?","R","E","R","T","M","?","M","E","?","R","BOSS"],"build_version":"2018-08-09","purchased_purges":2,"victory":false,"max_hp_per_floor":[80,80,80,80,80,80,80,80,80,80,80,80,80,80,80,80,80,80,80,80,80,80,80,80,80,80,80,80,80,80,80,80,80],"card_choices":[{"not_picked":["Perfected Strike","Shockwave"],"picked":"Headbutt","floor":1},{"not_picked":["Sever Soul","Perfected Strike"],"picked":"Thunderclap","floor":2},{"not_picked":["Burning Pact","Offering"],"picked":"Clothesline","floor":4},{"not_picked":["True Grit","Shrug It Off"],"picked":"Inflame","floor":7},{"not_picked":["Cleave","Shrug It Off"],"picked":"Flame Barrier","floor":11},{"not_picked":["Ghostly Armor","Rupture"],"picked":"Spot Weakness","floor":12},{"not_picked":["Perfected Strike","Second Wind"],"picked":"Armaments","floor":14},{"not_picked":["Dark Embrace+1","Juggernaut+1"],"picked":"Bludgeon","floor":16},{"not_picked":["Pommel Strike","Bloodletting"],"picked":"Shrug It Off","floor":18},{"not_picked":["Pommel Strike","Fire Breathing+1"],"picked":"Headbutt","floor":19},{"not_picked":["Clothesline+1","Fire Breathing+1"],"picked":"Shrug It Off","floor":24},{"not_picked":["Uppercut","Perfected Strike"],"picked":"Dropkick+1","floor":27},{"not_picked":["Clash","Warcry"],"picked":"Entrench","floor":28},{"not_picked":["Entrench","Flex"],"picked":"Iron Wave","floor":29},{"not_picked":["Clothesline","Perfected Strike"],"picked":"Dual Wield+1","floor":30}],"player_experience":11632,"relics_obtained":[{"floor":7,"key":"War Paint"},{"floor":9,"key":"Potion Belt"},{"floor":14,"key":"Happy Flower"},{"floor":22,"key":"Enchiridion"},{"floor":24,"key":"Lantern"},{"floor":26,"key":"Bag of Marbles"},{"floor":30,"key":"Meat on the Bone"}],"event_choices":[{"event_name":"Liars Game","player_choice":"agreed","floor":3,"damage_taken":0},{"event_name":"Scrap Ooze","player_choice":"success","floor":13,"damage_taken":18},{"event_name":"Ghosts","player_choice":"Ignored","floor":21,"damage_taken":0},{"event_name":"Cursed Tome","player_choice":"Obtained Book","floor":22,"damage_taken":0},{"event_name":"Beggar","player_choice":"Gave Gold","floor":31,"damage_taken":0}],"is_beta":false,"boss_relics":[{"not_picked":["Busted Crown","Black Blood"],"picked":"Astrolabe"}],"items_purged_floors":[5,20],"is_endless":false,"potions_floor_spawned":[4,7,11,12,19,24,28],"killed_by":"Collector","ascension_level":1}