{"gold_per_floor":[119,133,153,153,168,168,203,226,226,24,24,24,38,38],"floor_reached":14,"playtime":536,"items_purged":["Strike_G"],"score":140,"play_id":"b94b9b6f-9848-4ecf-87a8-6eb859cb2515","local_time":"20190418161111","is_ascension_mode":true,"campfire_choices":[{"data":"Cloak And Dagger","floor":6,"key":"SMITH"},{"data":"Night Terror","floor":12,"key":"SMITH"}],"neow_cost":"NONE","seed_source_timestamp":449781195347280,"circlet_count":0,"master_deck":["AscendersBane","Defend_G","Defend_G","Defend_G","Defend_G","Defend_G","Strike_G","Strike_G","Strike_G","Survivor","Neutralize","Acrobatics","Cloak And Dagger+1","Poisoned Stab","Finisher","Night Terror+1","Footwork","Flying Knee","Cloak And Dagger"],"relics":["Ring of the Snake","Golden Idol","Art of War","Bronze Scales","Blood Vial"],"potions_floor_usage":[7,13,14],"damage_taken":[{"damage":0,"enemies":"2 Louse","floor":1,"turns":5},{"damage":2,"enemies":"Jaw Worm","floor":2,"turns":6},{"damage":2,"enemies":"Cultist","floor":3,"turns":6},{"damage":3,"enemies":"2 Fungi Beasts","floor":5,"turns":4},{"damage":18,"enemies":"3 Sentries","floor":7,"turns":10},{"damage":3,"enemies":"Lots of Slimes","floor":13,"turns":5},{"damage":28,"enemies":"Gremlin Gang","floor":14,"turns":3}],"seed_played":"-8983651893947372763","potions_obtained":[{"floor":3,"key":"Poison Potion"},{"floor":5,"key":"Energy Potion"},{"floor":13,"key":"SpeedPotion"}],"is_trial":false,"path_per_floor":["M","M","M","?","M","R","E","T","T","$","?","R","M","M"],"character_chosen":"THE_SILENT","items_purchased":["Footwork","Flying Knee"],"campfire_rested":0,"item_purchase_floors":[10,10],"current_hp_per_floor":[63,61,59,42,39,39,21,21,21,21,21,21,20,0],"gold":38,"neow_bonus":"TRANSFORM_CARD","is_prod":false,"is_daily":false,"chose_seed":false,"campfire_upgraded":2,"win_rate":0,"timestamp":1555629071,"path_taken":["M","M","M","?","M","R","E","?","T","$","?","R","M","M"],"build_version":"2019-01-23","purchased_purges":1,"victory":false,"max_hp_per_floor":[70,70,70,70,70,70,70,70,70,70,70,70,70,70],"card_choices":[{"not_picked":["Catalyst","Accuracy"],"picked":"Acrobatics","floor":1},{"not_picked":["Backflip","Predator"],"picked":"Cloak And Dagger","floor":2},{"not_picked":["Tactician","Terror"],"picked":"Poisoned Stab","floor":3},{"not_picked":["Dodge and Roll","Sucker Punch"],"picked":"Finisher","floor":5},{"not_picked":["Dagger Throw","Acrobatics"],"picked":"Night Terror","floor":7},{"not_picked":["Tactician","Choke"],"picked":"Cloak And Dagger","floor":13}],"player_experience":259902,"relics_obtained":[{"floor":7,"key":"Art of War"},{"floor":8,"key":"Bronze Scales"},{"floor":9,"key":"Blood Vial"}],"event_choices":[{"damage_healed":0,"gold_gain":0,"player_choice":"Take Damage","damage_taken":17,"relics_obtained":["Golden Idol"],"max_hp_gain":0,"max_hp_loss":0,"event_name":"Golden Idol","floor":4,"gold_loss":0},{"cards_removed":["Eviscerate"],"damage_healed":0,"gold_gain":0,"player_choice":"Purged","damage_taken":0,"max_hp_gain":0,"max_hp_loss":0,"event_name":"Purifier","floor":11,"gold_loss":0}],"is_beta":false,"boss_relics":[],"items_purged_floors":[10],"is_endless":false,"potions_floor_spawned":[3,5,13],"killed_by":"Gremlin Gang","ascension_level":11}