{"gold_per_floor":[114,130,143,143,63,63,73,73,73,5,23,23,35,49,49,147,147,162,162,181,181,181],"floor_reached":22,"playtime":1330,"items_purged":[],"score":178,"play_id":"ee56e40a-eee7-4be4-880a-042df1b1b0c2","local_time":"20181210162640","is_ascension_mode":false,"campfire_choices":[{"data":"Machine Learning","floor":6,"key":"SMITH"},{"data":"Darkness","floor":8,"key":"SMITH"},{"floor":12,"key":"REST"},{"floor":15,"key":"REST"}],"neow_cost":"NONE","seed_source_timestamp":496947007671235,"circlet_count":0,"master_deck":["Strike_B","Strike_B","Strike_B","Strike_B","Defend_B","Defend_B","Defend_B","Defend_B","Zap","Dualcast","Machine Learning+1","Tempest+1","Undo","Glacier","Darkness+1","FTL","Loop","Go for the Eyes","Sunder","Meteor Strike","Amplify","White Noise","Ball Lightning","Redo","Ball Lightning","Streamline","Streamline","White Noise+1"],"relics":["Cracked Core","Bottled Flame","Orrery"],"potions_floor_usage":[22],"damage_taken":[{"damage":1,"enemies":"Cultist","floor":1,"turns":3},{"damage":12,"enemies":"Small Slimes","floor":2,"turns":3},{"damage":1,"enemies":"Jaw Worm","floor":3,"turns":4},{"damage":17,"enemies":"Exordium Thugs","floor":7,"turns":5},{"damage":10,"enemies":"Looter","floor":11,"turns":3},{"damage":7,"enemies":"Large Slime","floor":13,"turns":3},{"damage":0,"enemies":"2 Fungi Beasts","floor":14,"turns":3},{"damage":27,"enemies":"The Guardian","floor":16,"turns":11},{"damage":20,"enemies":"Shell Parasite","floor":18,"turns":5},{"damage":52,"enemies":"2 Thieves","floor":20,"turns":5},{"damage":10,"enemies":"Snake Plant","floor":22,"turns":1}],"seed_played":"5348108471654153229","potions_obtained":[{"floor":2,"key":"Swift Potion"},{"floor":11,"key":"Poison Potion"},{"floor":14,"key":"Weak Potion"},{"floor":16,"key":"FairyPotion"}],"is_trial":false,"path_per_floor":["M","M","M","?","$","R","M","R","T","$","M","R","M","M","R","B",null,"M","?","M","?","M"],"character_chosen":"DEFECT","items_purchased":["Darkness","Loop"],"campfire_rested":2,"item_purchase_floors":[5,10],"current_hp_per_floor":[74,62,61,61,61,61,44,44,44,44,34,56,49,49,71,44,75,55,41,8,8,0],"gold":181,"neow_bonus":"ONE_RANDOM_RARE_CARD","is_prod":false,"is_daily":false,"chose_seed":false,"campfire_upgraded":2,"win_rate":0,"timestamp":1544488000,"path_taken":["M","?","?","?","?","R","M","R","T","?","M","R","M","M","R","BOSS","M","?","M","?","M"],"build_version":"2018-12-06","purchased_purges":0,"victory":false,"max_hp_per_floor":[75,75,75,75,75,75,75,75,75,75,75,75,75,75,75,75,75,75,80,80,80,80],"card_choices":[{"not_picked":["Hologram","Redo"],"picked":"Tempest","floor":1},{"not_picked":["Turbo","Steam"],"picked":"Undo","floor":2},{"not_picked":["Leap","Force Field"],"picked":"Glacier","floor":3},{"not_picked":["Sweeping Beam","Cold Snap"],"picked":"FTL","floor":7},{"not_picked":["Stack","Leap"],"picked":"Go for the Eyes","floor":11},{"not_picked":["Tempest","Turbo"],"picked":"Sunder","floor":13},{"not_picked":["Hologram","Glacier"],"picked":"Meteor Strike","floor":14},{"not_picked":["Hyperbeam","Core Surge"],"picked":"Amplify","floor":16},{"not_picked":["Leap","Sweeping Beam"],"picked":"White Noise","floor":17},{"not_picked":["Scrape","Double Energy"],"picked":"Ball Lightning","floor":17},{"not_picked":["Defragment","Blizzard"],"picked":"Redo","floor":17},{"not_picked":["Machine Learning","Conserve Battery"],"picked":"Ball Lightning","floor":17},{"not_picked":["Sunder","Stack"],"picked":"Streamline","floor":17},{"not_picked":["Force Field","White Noise"],"picked":"Streamline","floor":18},{"not_picked":["Gash","Ball Lightning"],"picked":"White Noise+1","floor":20}],"player_experience":201576,"relics_obtained":[{"floor":9,"key":"Bottled Flame"}],"event_choices":[{"damage_healed":0,"gold_gain":0,"player_choice":"Upgraded","damage_taken":0,"max_hp_gain":0,"max_hp_loss":0,"event_name":"Upgrade Shrine","floor":4,"gold_loss":0,"cards_upgraded":["Tempest"]},{"damage_healed":0,"gold_gain":0,"player_choice":"Shed Blood","damage_taken":19,"max_hp_gain":5,"max_hp_loss":0,"event_name":"Forgotten Altar","floor":19,"gold_loss":0},{"damage_healed":0,"gold_gain":0,"player_choice":"Ignored","damage_taken":0,"max_hp_gain":0,"max_hp_loss":0,"event_name":"Vampires","floor":21,"gold_loss":0}],"is_beta":false,"boss_relics":[{"not_picked":["Ectoplasm","Runic Dome"],"picked":"Orrery"}],"items_purged_floors":[],"is_endless":false,"potions_floor_spawned":[2,11,14,16,18],"killed_by":"Snake Plant","ascension_level":0}