{"gold_per_floor":[366,366,32,32,44,78,78,103,126,138,150,162,186,208,220,308,320,352,375,34,53,72,72,122,122,197,209,13,48,66,66,66,66],"floor_reached":33,"playtime":2321,"items_purged":["Doubt"],"score":481,"play_id":"c5adcb2f-9f75-4340-9b8c-44d60d4d5175","local_time":"20190327211943","is_ascension_mode":true,"campfire_choices":[{"floor":7,"key":"REST"},{"floor":11,"key":"REST"},{"data":"Inflame","floor":15,"key":"SMITH"},{"floor":23,"key":"REST"},{"data":"Demon Form","floor":25,"key":"SMITH"},{"floor":32,"key":"REST"}],"neow_cost":"CURSE","seed_source_timestamp":1391423386524110,"circlet_count":0,"master_deck":["AscendersBane","Strike_R","Strike_R","Strike_R","Strike_R","Strike_R","Defend_R","Defend_R","Defend_R","Defend_R","Bash","Inflame+1","Uppercut","Cleave","Flame Barrier","Whirlwind","Shrug It Off","Demon Form+1","Spot Weakness"],"relics":["Burning Blood","Bag of Marbles","Smiling Mask","Orichalcum","MawBank","Incense Burner","Cursed Key","Omamori","Sling","Blue Candle","ClockworkSouvenir","Paper Frog"],"potions_floor_usage":[8,16,18,21,22,30],"damage_taken":[{"damage":12,"enemies":"2 Louse","floor":1,"turns":3},{"damage":6,"enemies":"Jaw Worm","floor":5,"turns":3},{"damage":41,"enemies":"Lagavulin","floor":6,"turns":6},{"damage":47,"enemies":"3 Sentries","floor":8,"turns":8},{"damage":0,"enemies":"Small Slimes","floor":13,"turns":2},{"damage":0,"enemies":"Exordium Wildlife","floor":14,"turns":2},{"damage":29,"enemies":"The Guardian","floor":16,"turns":16},{"damage":7,"enemies":"Spheric Guardian","floor":18,"turns":4},{"damage":16,"enemies":"Shell Parasite","floor":19,"turns":6},{"damage":33,"enemies":"Snake Plant","floor":21,"turns":4},{"damage":5,"enemies":"Centurion and Healer","floor":22,"turns":6},{"damage":15,"enemies":"Shelled Parasite and Fungi","floor":27,"turns":4},{"damage":35,"enemies":"Slavers","floor":29,"turns":4},{"damage":9,"enemies":"Chosen and Byrds","floor":30,"turns":7},{"damage":90,"enemies":"Automaton","floor":33,"turns":6}],"seed_played":"8435441150705249006","potions_obtained":[{"floor":1,"key":"SneckoOil"},{"floor":8,"key":"BloodPotion"},{"floor":14,"key":"Explosive Potion"},{"floor":16,"key":"SkillPotion"},{"floor":21,"key":"Block Potion"},{"floor":29,"key":"SkillPotion"}],"is_trial":false,"path_per_floor":["M","?","$","?","M","E","R","E","T","$","R","?","M","M","R","B",null,"M","M","$","M","M","R","?","R","T","M","$","E","M","?","R","B"],"character_chosen":"IRONCLAD","items_purchased":["Bag of Marbles","Inflame","Uppercut","Omamori","Sling","ClockworkSouvenir"],"campfire_rested":4,"item_purchase_floors":[3,3,3,20,20,28],"current_hp_per_floor":[62,67,67,67,67,32,56,15,15,15,39,39,45,51,51,36,69,68,58,58,31,32,56,56,56,56,47,47,18,15,15,39,0],"gold":66,"neow_bonus":"TWO_FIFTY_GOLD","is_prod":false,"is_daily":false,"chose_seed":false,"campfire_upgraded":2,"win_rate":0,"timestamp":1553721583,"path_taken":["M","?","$","?","M","E","R","E","T","?","R","?","?","M","R","BOSS","M","M","$","M","M","R","?","R","T","M","$","E","?","?","R","BOSS"],"build_version":"2019-01-23","purchased_purges":1,"victory":false,"max_hp_per_floor":[75,80,80,80,80,80,80,80,80,80,80,80,80,80,80,80,80,80,80,80,80,80,80,80,80,80,80,80,80,80,80,80,80],"card_choices":[{"not_picked":["Perfected Strike","Headbutt","Bloodletting"],"picked":"SKIP","floor":1},{"not_picked":["Clash","True Grit"],"picked":"Cleave","floor":5},{"not_picked":["Seeing Red","Sword Boomerang"],"picked":"Flame Barrier","floor":6},{"not_picked":["Perfected Strike","Clash","Iron Wave"],"picked":"SKIP","floor":8},{"not_picked":["Heavy Blade","Dropkick"],"picked":"Whirlwind","floor":13},{"not_picked":["Iron Wave","Havoc"],"picked":"Shrug It Off","floor":14},{"not_picked":["Immolate","Bludgeon"],"picked":"Demon Form","floor":16},{"not_picked":["Sever Soul","True Grit","Pommel Strike"],"picked":"SKIP","floor":18},{"not_picked":["Havoc","Warcry","Sword Boomerang"],"picked":"SKIP","floor":19},{"not_picked":["True Grit","Barricade","Headbutt"],"picked":"SKIP","floor":21},{"not_picked":["Flex","Warcry","Infernal Blade"],"picked":"SKIP","floor":22},{"not_picked":["Flex","Perfected Strike","Searing Blow+1"],"picked":"SKIP","floor":27},{"not_picked":["Armaments","Uppercut","Clash"],"picked":"SKIP","floor":29},{"not_picked":["Armaments","Exhume"],"picked":"Spot Weakness","floor":30}],"player_experience":1655327,"relics_obtained":[{"floor":6,"key":"Smiling Mask"},{"floor":8,"key":"Orichalcum"},{"floor":9,"key":"MawBank"},{"floor":26,"key":"Blue Candle"},{"floor":29,"key":"Paper Frog"}],"event_choices":[{"damage_healed":0,"gold_gain":0,"player_choice":"Donut","damage_taken":0,"max_hp_gain":5,"max_hp_loss":0,"event_name":"Big Fish","floor":2,"gold_loss":0},{"damage_healed":0,"gold_gain":0,"player_choice":"Ignored","damage_taken":0,"max_hp_gain":0,"max_hp_loss":0,"event_name":"Shining Light","floor":4,"gold_loss":0},{"damage_healed":0,"gold_gain":0,"player_choice":"Searched \u00271\u0027 times","damage_taken":0,"relics_obtained":["Incense Burner"],"max_hp_gain":0,"max_hp_loss":0,"event_name":"Dead Adventurer","floor":12,"gold_loss":0},{"damage_healed":0,"gold_gain":50,"player_choice":"Pray","damage_taken":0,"max_hp_gain":0,"max_hp_loss":0,"event_name":"Golden Shrine","floor":24,"gold_loss":0},{"damage_healed":0,"gold_gain":0,"player_choice":"Smashed Altar","damage_taken":0,"max_hp_gain":0,"max_hp_loss":0,"event_name":"Forgotten Altar","floor":31,"gold_loss":0,"cards_obtained":["Decay"]}],"is_beta":false,"boss_relics":[{"not_picked":["Fusion Hammer","White Beast Statue"],"picked":"Cursed Key"}],"items_purged_floors":[3],"is_endless":false,"potions_floor_spawned":[1,8,14,16,21,29],"killed_by":"Automaton","ascension_level":15}