{"gold_per_floor":[116,128,128,128,145,173,29,45,70,43,43,43,43,60,60,155,155,167,197,209,209,134,134,134,134,134,160,160,174,174,174,174,174],"floor_reached":33,"playtime":1444,"items_purged":["Strike_B"],"score":339,"play_id":"68e42ee7-2328-4c6b-a4ba-5fcb59b0e156","local_time":"20190502140409","is_ascension_mode":true,"campfire_choices":[{"floor":11,"key":"REST"},{"floor":15,"key":"REST"},{"floor":23,"key":"REST"},{"floor":25,"key":"REST"},{"floor":30,"key":"REST"},{"data":"Creative AI","floor":32,"key":"SMITH"}],"neow_cost":"CURSE","seed_source_timestamp":16008698902914,"circlet_count":0,"master_deck":["Dualcast","Recycle+1","Streamline","Ball Lightning","Creative AI+1","Loop","FTL","Coolheaded","Conserve Battery","Streamline","Electrodynamics","White Noise","Fission","Biased Cognition","Steam Power","Aggregate","Leap","Conserve Battery","Ball Lightning+1","White Noise","Storm","Self Repair","Cold Snap+1","Loop","Defragment+1"],"relics":["Cracked Core","Unceasing Top","Dream Catcher","PreservedInsect","Bronze Scales","Pandora\u0027s Box","Red Mask","Shuriken","Strawberry","Darkstone Periapt"],"potions_floor_usage":[6,16,18,29],"damage_taken":[{"damage":10,"enemies":"Cultist","floor":1,"turns":4},{"damage":9,"enemies":"2 Louse","floor":2,"turns":3},{"damage":13,"enemies":"Small Slimes","floor":5,"turns":3},{"damage":20,"enemies":"3 Sentries","floor":6,"turns":4},{"damage":0,"enemies":"Blue Slaver","floor":8,"turns":3},{"damage":5,"enemies":"3 Louse","floor":14,"turns":3},{"damage":30,"enemies":"The Guardian","floor":16,"turns":12},{"damage":6,"enemies":"3 Byrds","floor":18,"turns":2},{"damage":31,"enemies":"Masked Bandits","floor":19,"turns":3},{"damage":15,"enemies":"Shell Parasite","floor":20,"turns":3},{"damage":12,"enemies":"Gremlin Leader","floor":27,"turns":4},{"damage":29,"enemies":"Snake Plant","floor":29,"turns":5},{"damage":72,"enemies":"Champ","floor":33,"turns":7}],"seed_played":"2871066391266184997","potions_obtained":[{"floor":1,"key":"Poison Potion"},{"floor":5,"key":"AttackPotion"},{"floor":14,"key":"Ancient Potion"},{"floor":16,"key":"Regen Potion"},{"floor":19,"key":"Dexterity Potion"},{"floor":27,"key":"SkillPotion"},{"floor":29,"key":"FairyPotion"}],"is_trial":false,"path_per_floor":["M","M","?","?","M","E","$","M","T","$","R","?","$","M","R","B",null,"M","?","M","?","?","R","$","R","T","E","?","M","R","T","R","B"],"character_chosen":"DEFECT","items_purchased":["Loop","Coolheaded"],"campfire_rested":5,"item_purchase_floors":[7,10],"current_hp_per_floor":[58,49,42,42,29,9,9,9,9,9,31,24,24,19,41,11,59,58,27,12,12,12,34,34,56,56,58,58,36,60,60,60,0],"gold":174,"neow_bonus":"ONE_RARE_RELIC","is_prod":false,"is_daily":false,"chose_seed":false,"campfire_upgraded":1,"win_rate":0,"timestamp":1556798649,"path_taken":["M","?","?","?","?","E","?","M","T","$","R","?","$","M","R","BOSS","M","?","M","?","?","R","$","R","T","E","?","?","R","?","R","BOSS"],"build_version":"2019-01-23","purchased_purges":1,"victory":false,"max_hp_per_floor":[75,75,75,75,75,75,75,75,75,75,75,75,75,75,75,75,75,75,75,75,75,75,75,75,75,75,82,82,82,82,82,82,82],"card_choices":[{"not_picked":["Auto Shields","Scrape"],"picked":"Recycle","floor":1},{"not_picked":["Leap","Reprogram"],"picked":"Streamline","floor":2},{"not_picked":["Leap","Consume"],"picked":"Ball Lightning","floor":5},{"not_picked":["Steam","Reprogram"],"picked":"Creative AI","floor":6},{"not_picked":["Coolheaded","Storm"],"picked":"FTL","floor":8},{"not_picked":["Sunder","Gash"],"picked":"Conserve Battery","floor":11},{"not_picked":["Force Field","Compile Driver","Barrage"],"picked":"SKIP","floor":14},{"not_picked":["Hologram","Sweeping Beam"],"picked":"Streamline","floor":15},{"not_picked":["Reboot","Buffer"],"picked":"Electrodynamics","floor":16},{"not_picked":["Steam","Cold Snap+1"],"picked":"Leap","floor":18},{"not_picked":["Hello World","Stack"],"picked":"Conserve Battery","floor":19},{"not_picked":["Auto Shields+1","Gash"],"picked":"Ball Lightning+1","floor":20},{"not_picked":["Coolheaded","Loop"],"picked":"Self Repair","floor":23},{"not_picked":["Scrape","Streamline"],"picked":"Cold Snap+1","floor":25},{"not_picked":["Consume","Sweeping Beam","Steam Power"],"picked":"SKIP","floor":27},{"not_picked":["Core Surge","Barrage","Compile Driver"],"picked":"SKIP","floor":29},{"not_picked":["Aggregate","Barrage"],"picked":"Defragment+1","floor":30}],"player_experience":380608,"relics_obtained":[{"floor":6,"key":"Dream Catcher"},{"floor":9,"key":"PreservedInsect"},{"floor":19,"key":"Red Mask"},{"floor":26,"key":"Shuriken"},{"floor":27,"key":"Strawberry"},{"floor":31,"key":"Darkstone Periapt"}],"event_choices":[{"cards_removed":["Writhe"],"damage_healed":0,"gold_gain":0,"player_choice":"Card Removal","damage_taken":7,"max_hp_gain":0,"max_hp_loss":0,"event_name":"Golden Wing","floor":3,"gold_loss":0},{"damage_healed":0,"gold_gain":0,"player_choice":"Forge","damage_taken":0,"max_hp_gain":0,"max_hp_loss":0,"event_name":"Accursed Blacksmith","floor":4,"gold_loss":0,"cards_upgraded":["Recycle"]},{"damage_healed":0,"gold_gain":0,"player_choice":"Success","damage_taken":7,"relics_obtained":["Bronze Scales"],"max_hp_gain":0,"max_hp_loss":0,"event_name":"Scrap Ooze","floor":12,"gold_loss":0},{"damage_healed":0,"gold_gain":0,"player_choice":"Fought Bandits","damage_taken":0,"max_hp_gain":0,"max_hp_loss":0,"event_name":"Masked Bandits","floor":19,"gold_loss":0},{"damage_healed":0,"gold_gain":0,"cards_transformed":["Melter","Biased Cognition"],"player_choice":"Became Test Subject","damage_taken":0,"max_hp_gain":0,"max_hp_loss":0,"event_name":"Drug Dealer","floor":21,"gold_loss":0,"cards_obtained":["White Noise","Storm"]},{"cards_removed":["Zap"],"damage_healed":0,"gold_gain":0,"player_choice":"Gave Gold","damage_taken":0,"max_hp_gain":0,"max_hp_loss":0,"event_name":"Beggar","floor":22,"gold_loss":75},{"damage_healed":0,"gold_gain":0,"player_choice":"Copied","damage_taken":0,"max_hp_gain":0,"max_hp_loss":0,"event_name":"Duplicator","floor":28,"gold_loss":0,"cards_obtained":["Loop"]}],"is_beta":false,"boss_relics":[{"not_picked":["FrozenCore","Cursed Key"],"picked":"Pandora\u0027s Box"}],"items_purged_floors":[7],"is_endless":false,"potions_floor_spawned":[1,5,14,16,19,27,29],"killed_by":"Champ","ascension_level":6}