{"gold_per_floor":[113,131,306,9,9,40,40,40,87,87,103,178,214,249,249,372,372,395,310,32,65,65,65,65,78,78,78,109,121,121,21,21,126,126,142,142,142,142,196,196,96,130,155,155,214,214,247,257,257,257],"floor_reached":51,"playtime":2492,"items_purged":["Doubt","Normality"],"score":976,"play_id":"8b076c23-f22e-4d26-8393-dfb9f365c711","local_time":"20180924141249","is_ascension_mode":false,"campfire_choices":[{"data":"Bash","floor":8,"key":"SMITH"},{"data":"Corruption","floor":15,"key":"SMITH"},{"data":"Panache","floor":24,"key":"SMITH"},{"data":"Fiend Fire","floor":27,"key":"SMITH"},{"data":"Feel No Pain","floor":32,"key":"SMITH"},{"data":"Regret","floor":46,"key":"PURGE"},{"data":"Mind Blast","floor":49,"key":"SMITH"}],"neow_cost":"NONE","seed_source_timestamp":73028855599916,"circlet_count":0,"master_deck":["Strike_R","Strike_R","Strike_R","Strike_R","Defend_R","Defend_R","Defend_R","Defend_R","Bash+1","Shrug It Off","Corruption+1","Ghostly Armor","Fiend Fire+1","Disarm+1","Panache+1","Feel No Pain+1","Burning Pact+1","Disarm+1","Impervious","Dark Embrace","Feel No Pain+1","Enlightenment","Burning Pact+1","Mind Blast+1","Panacea","Purity","Shrug It Off","Feel No Pain+1","Shrug It Off"],"relics":["Burning Blood","NeowsBlessing","Dead Branch","Ancient Tea Set","Prayer Wheel","Juzu Bracelet","Bloody Idol","Odd Mushroom","Ornamental Fan","Cursed Key","Nunchaku","Red Mask","Enchiridion","Charon\u0027s Ashes","Potion Belt","Philosopher\u0027s Stone","Pocketwatch","Darkstone Periapt","Gambling Chip","Peace Pipe","Blood Vial","Tiny Chest","WingedGreaves"],"potions_floor_usage":[14,45,50,50,50,50,50],"damage_taken":[{"damage":0,"enemies":"Small Slimes","floor":1,"turns":1},{"damage":0,"enemies":"Jaw Worm","floor":2,"turns":1},{"damage":0,"enemies":"Gremlin Nob","floor":6,"turns":1},{"damage":7,"enemies":"2 Louse","floor":11,"turns":4},{"damage":12,"enemies":"The Mushroom Lair","floor":13,"turns":4},{"damage":3,"enemies":"Lagavulin","floor":14,"turns":4},{"damage":6,"enemies":"Hexaghost","floor":16,"turns":12},{"damage":6,"enemies":"3 Byrds","floor":18,"turns":3},{"damage":0,"enemies":"Masked Bandits","floor":21,"turns":3},{"damage":0,"enemies":"Chosen","floor":25,"turns":2},{"damage":0,"enemies":"Gremlin Leader","floor":28,"turns":2},{"damage":2,"enemies":"Shelled Parasite and Fungi","floor":29,"turns":2},{"damage":0,"enemies":"Champ","floor":33,"turns":4},{"damage":0,"enemies":"3 Shapes","floor":35,"turns":1},{"damage":3,"enemies":"Mind Bloom Boss Battle","floor":36,"turns":4},{"damage":0,"enemies":"Mysterious Sphere","floor":39,"turns":2},{"damage":7,"enemies":"Giant Head","floor":42,"turns":2},{"damage":0,"enemies":"2 Orb Walkers","floor":45,"turns":2},{"damage":0,"enemies":"Nemesis","floor":47,"turns":3},{"damage":0,"enemies":"3 Darklings","floor":48,"turns":4},{"damage":2,"enemies":"Awakened One","floor":50,"turns":4}],"seed_played":"6491025250180658567","potions_obtained":[{"floor":13,"key":"Strength Potion"},{"floor":14,"key":"Dexterity Potion"},{"floor":16,"key":"LiquidBronze"},{"floor":21,"key":"FearPotion"},{"floor":29,"key":"LiquidBronze"},{"floor":35,"key":"AttackPotion"},{"floor":42,"key":"PowerPotion"},{"floor":45,"key":"PowerPotion"}],"is_trial":false,"path_per_floor":["M","M","?","$","?","E","$","R","T","?","M","?","?","E","R","B",null,"M","?","$","?","?","?","R","M","T","R","E","M","?","$","R","B",null,"M","?","?","?","?","?","$","E","T","?","E","R","E","M","R","B"],"character_chosen":"IRONCLAD","items_purchased":["Dead Branch","Panache","Enlightenment"],"campfire_rested":0,"item_purchase_floors":[4,20,41],"current_hp_per_floor":[80,80,80,80,73,79,79,79,79,59,58,47,41,44,44,44,80,86,86,86,86,70,70,70,81,81,81,86,86,86,86,86,86,86,86,86,86,86,86,86,86,86,92,82,92,92,92,92,92,92],"gold":257,"neow_bonus":"THREE_ENEMY_KILL","is_prod":false,"is_daily":false,"chose_seed":false,"campfire_upgraded":6,"win_rate":0,"timestamp":1537823569,"path_taken":["M","M","?","$","?","E","$","R","T","?","M","?","?","E","R","BOSS","M","?","?","?","?","?","R","M","T","R","E","M","?","$","R","BOSS","M","?","?","?","?","?","$","E","T","?","E","R","E","M","R","BOSS"],"build_version":"2018-09-20","purchased_purges":2,"victory":true,"max_hp_per_floor":[80,80,80,80,80,80,80,80,80,80,80,80,80,80,80,80,80,86,86,86,86,86,86,86,86,86,86,86,86,86,86,86,86,86,86,86,86,86,86,86,86,86,92,92,92,92,92,92,92,92],"card_choices":[{"not_picked":["Armaments","Cleave","Seeing Red"],"picked":"SKIP","floor":1},{"not_picked":["Intimidate","Sword Boomerang"],"picked":"Shrug It Off","floor":2},{"not_picked":["Fire Breathing","Pommel Strike","Cleave"],"picked":"SKIP","floor":6},{"not_picked":["Clothesline","Clash"],"picked":"Corruption","floor":11},{"not_picked":["Limit Break","Hemokinesis","Armaments"],"picked":"SKIP","floor":11},{"not_picked":["Inflame","Infernal Blade"],"picked":"Ghostly Armor","floor":14},{"not_picked":["Berserk","Feed"],"picked":"Fiend Fire","floor":16},{"not_picked":["Combust","Clash"],"picked":"Disarm+1","floor":18},{"not_picked":["Iron Wave","Rupture+1","Second Wind+1"],"picked":"SKIP","floor":18},{"not_picked":["Sword Boomerang","Body Slam+1"],"picked":"Feel No Pain","floor":21},{"not_picked":["Perfected Strike","Intimidate"],"picked":"Burning Pact+1","floor":25},{"not_picked":["Headbutt","True Grit","Sword Boomerang"],"picked":"SKIP","floor":25},{"not_picked":["Fire Breathing+1","Evolve"],"picked":"Disarm+1","floor":28},{"not_picked":["Warcry","Shrug It Off"],"picked":"Impervious","floor":29},{"not_picked":["Feel No Pain","Flex","Clash+1"],"picked":"SKIP","floor":29},{"not_picked":["Reaper","Limit Break"],"picked":"Dark Embrace","floor":33},{"not_picked":["Bloodletting+1","Fire Breathing"],"picked":"Feel No Pain+1","floor":35},{"not_picked":["Second Wind+1","Wild Strike+1","Twin Strike"],"picked":"SKIP","floor":35},{"not_picked":["Wild Strike","Iron Wave+1"],"picked":"Burning Pact+1","floor":42},{"not_picked":["Secret Technique","Finesse"],"picked":"Mind Blast","floor":44},{"not_picked":["Deep Breath","Swift Strike"],"picked":"Panacea","floor":44},{"not_picked":["Deep Breath","Mind Blast"],"picked":"Purity","floor":44},{"not_picked":["Uppercut","Metallicize"],"picked":"Shrug It Off","floor":45},{"not_picked":["Warcry+1","Perfected Strike"],"picked":"Feel No Pain+1","floor":47},{"not_picked":["Anger+1","Searing Blow+1"],"picked":"Shrug It Off","floor":48},{"not_picked":["Headbutt","Sever Soul+1","Shrug It Off"],"picked":"SKIP","floor":48}],"player_experience":259083,"relics_obtained":[{"floor":6,"key":"Prayer Wheel"},{"floor":9,"key":"Juzu Bracelet"},{"floor":13,"key":"Odd Mushroom"},{"floor":14,"key":"Ornamental Fan"},{"floor":21,"key":"Red Mask"},{"floor":22,"key":"Enchiridion"},{"floor":26,"key":"Charon\u0027s Ashes"},{"floor":28,"key":"Potion Belt"},{"floor":36,"key":"Pocketwatch"},{"floor":39,"key":"Gambling Chip"},{"floor":42,"key":"Peace Pipe"},{"floor":43,"key":"Blood Vial"},{"floor":45,"key":"Tiny Chest"},{"floor":47,"key":"WingedGreaves"}],"event_choices":[{"event_name":"Liars Game","player_choice":"agreed","floor":3,"damage_taken":0},{"event_name":"Scrap Ooze","player_choice":"success","floor":5,"damage_taken":7},{"event_name":"Golden Idol","player_choice":"Take Damage","floor":10,"damage_taken":0},{"event_name":"World of Goop","player_choice":"Gather Gold","floor":12,"damage_taken":0},{"event_name":"Mushrooms","player_choice":"Fought Mushrooms","floor":13,"damage_taken":0},{"event_name":"Addict","player_choice":"Obtained Relic","floor":19,"damage_taken":0},{"event_name":"Masked Bandits","player_choice":"Fought Bandits","floor":21,"damage_taken":0},{"event_name":"Cursed Tome","player_choice":"Obtained Book","floor":22,"damage_taken":0},{"event_name":"Forgotten Altar","player_choice":"Gave Idol","floor":23,"damage_taken":0},{"event_name":"Ghosts","player_choice":"Ignored","floor":30,"damage_taken":0},{"event_name":"MindBloom","player_choice":"Fight","floor":36,"damage_taken":0},{"event_name":"WeMeetAgain","player_choice":"Potion","floor":37,"damage_taken":0},{"event_name":"Falling","player_choice":"Removed Attack","floor":38,"damage_taken":0},{"event_name":"Mysterious Sphere","player_choice":"Fight","floor":39,"damage_taken":0},{"event_name":"The Woman in Blue","player_choice":"Bought 0 Potions","floor":40,"damage_taken":0},{"event_name":"SensoryStone","player_choice":"Memory 3","floor":44,"damage_taken":0}],"is_beta":false,"boss_relics":[{"not_picked":["Velvet Choker","White Beast Statue"],"picked":"Cursed Key"},{"not_picked":["Snecko Eye","Black Star"],"picked":"Philosopher\u0027s Stone"}],"items_purged_floors":[20,31],"is_endless":false,"potions_floor_spawned":[13,14,16,21,29,35,42,45],"ascension_level":0}