{"gold_per_floor":[110,110,110,110,125,125,41,57,57,57,57,75,75,90,90,213,213,237,237,256,256,28,28,28,72,95,130,142,215,227,252,264,400,412,449,586,232,232,256,256,275,319,319,334,353,386,386,405,405,405],"floor_reached":51,"playtime":2425,"items_purged":["Strike_R+1"],"score":835,"play_id":"287fe447-c81d-4135-bafd-f010d6b491eb","local_time":"20181124134330","is_ascension_mode":false,"campfire_choices":[{"data":"True Grit","floor":6,"key":"SMITH"},{"data":"Panacea","floor":10,"key":"SMITH"},{"floor":13,"key":"REST"},{"data":"Flex","floor":15,"key":"SMITH"},{"data":"Flex","floor":23,"key":"SMITH"},{"floor":32,"key":"REST"},{"data":"RitualDagger","floor":40,"key":"SMITH"},{"data":"Shrug It Off","floor":47,"key":"SMITH"},{"data":"Reaper","floor":49,"key":"SMITH"}],"neow_cost":"NONE","seed_source_timestamp":175753391979697,"circlet_count":0,"master_deck":["Strike_R+1","Strike_R+1","Strike_R+1","Defend_R+1","Defend_R+1","Defend_R+1","Bash+1","True Grit+1","Panacea+1","Flex+1","Feel No Pain+1","Flex+1","RitualDagger+1","Reaper+1","Shrug It Off+1","Flex+1","Pommel Strike+1","Shockwave+1"],"relics":["Burning Blood","Golden Idol","Ornamental Fan","Singing Bowl","Runic Pyramid","CultistMask","TheAbacus","Du-Vu Doll","MawBank","Tiny Chest","Mark of Pain","Ice Cream","Paper Frog","Bottled Flame","Art of War","Gremlin Horn","Toxic Egg 2"],"potions_floor_usage":[12,14,25,33,33,42,46,48,50,50],"damage_taken":[{"damage":6,"enemies":"Cultist","floor":1,"turns":3},{"damage":3,"enemies":"Jaw Worm","floor":5,"turns":4},{"damage":0,"enemies":"2 Louse","floor":8,"turns":3},{"damage":22,"enemies":"Large Slime","floor":12,"turns":6},{"damage":6,"enemies":"Exordium Thugs","floor":14,"turns":5},{"damage":25,"enemies":"Hexaghost","floor":16,"turns":9},{"damage":33,"enemies":"2 Thieves","floor":18,"turns":5},{"damage":32,"enemies":"3 Byrds","floor":20,"turns":7},{"damage":17,"enemies":"Book of Stabbing","floor":25,"turns":7},{"damage":13,"enemies":"Shelled Parasite and Fungi","floor":27,"turns":7},{"damage":35,"enemies":"Gremlin Leader","floor":29,"turns":8},{"damage":1,"enemies":"Snecko","floor":31,"turns":5},{"damage":23,"enemies":"Automaton","floor":33,"turns":12},{"damage":2,"enemies":"Orb Walker","floor":35,"turns":3},{"damage":0,"enemies":"Mind Bloom Boss Battle","floor":36,"turns":8},{"damage":17,"enemies":"3 Darklings","floor":39,"turns":8},{"damage":22,"enemies":"Transient","floor":41,"turns":5},{"damage":53,"enemies":"Nemesis","floor":42,"turns":5},{"damage":8,"enemies":"Spire Growth","floor":44,"turns":3},{"damage":48,"enemies":"Writhing Mass","floor":45,"turns":5},{"damage":5,"enemies":"Giant Head","floor":46,"turns":5},{"damage":0,"enemies":"Jaw Worm Horde","floor":48,"turns":3},{"damage":11,"enemies":"Time Eater","floor":50,"turns":8}],"seed_played":"6306627469453243890","potions_obtained":[{"floor":1,"key":"Poison Potion"},{"floor":8,"key":"SteroidPotion"},{"floor":20,"key":"Weak Potion"},{"floor":27,"key":"Dexterity Potion"},{"floor":31,"key":"Fruit Juice"},{"floor":35,"key":"Ancient Potion"},{"floor":36,"key":"Regen Potion"},{"floor":41,"key":"PowerPotion"},{"floor":45,"key":"AttackPotion"},{"floor":46,"key":"EssenceOfSteel"}],"is_trial":false,"path_per_floor":["M","?","?","?","M","R","$","M","T","R","?","M","R","M","R","B",null,"M","?","M","?","$","R","?","E","T","M","$","E","?","M","R","B",null,"M","?","$","T","M","R","M","E","T","M","M","E","R","M","R","B",null],"character_chosen":"IRONCLAD","items_purchased":["Panacea","TheAbacus","Flex","Shrug It Off","Paper Frog"],"campfire_rested":2,"item_purchase_floors":[7,22,22,37,37],"current_hp_per_floor":[80,73,53,53,56,56,56,62,62,62,29,15,39,39,39,22,84,57,57,33,61,61,61,61,52,52,47,47,20,14,21,49,37,99,101,103,103,103,103,103,94,84,84,105,63,109,109,111,111,106],"gold":405,"neow_bonus":"UPGRADE_CARD","is_prod":false,"is_daily":false,"chose_seed":false,"campfire_upgraded":7,"win_rate":0,"timestamp":1543095810,"path_taken":["M","?","?","?","M","R","$","M","T","R","?","M","R","M","R","BOSS","M","?","?","?","$","R","?","E","T","M","$","E","?","?","R","BOSS","M","?","$","?","M","R","?","E","T","M","M","E","R","M","R","BOSS"],"build_version":"2018-11-15","purchased_purges":1,"victory":true,"max_hp_per_floor":[80,80,80,80,80,80,80,80,80,80,80,82,82,82,82,84,84,84,84,86,86,86,86,86,88,88,90,90,92,92,94,94,99,99,101,103,103,103,103,103,105,107,107,109,109,109,109,111,111,111],"card_choices":[{"not_picked":["Sever Soul","Perfected Strike","Havoc"],"picked":"SKIP","floor":1},{"not_picked":["Pommel Strike","Iron Wave"],"picked":"True Grit","floor":5},{"not_picked":["Blood for Blood","Clash","Evolve"],"picked":"SKIP","floor":8},{"not_picked":["Pommel Strike","Iron Wave","Disarm"],"picked":"Singing Bowl","floor":12},{"not_picked":["Dark Embrace","Second Wind"],"picked":"Flex","floor":14},{"not_picked":["Juggernaut","Impervious","Immolate"],"picked":"Singing Bowl","floor":16},{"not_picked":["Reckless Charge","Flex"],"picked":"Feel No Pain+1","floor":18},{"not_picked":["Rupture","True Grit","Blood for Blood"],"picked":"Singing Bowl","floor":20},{"not_picked":["Sword Boomerang","True Grit","Clothesline+1"],"picked":"Singing Bowl","floor":25},{"not_picked":["Double Tap","Infernal Blade","Havoc"],"picked":"Singing Bowl","floor":27},{"not_picked":["Hemokinesis","Wild Strike","Spot Weakness"],"picked":"Singing Bowl","floor":29},{"not_picked":["Twin Strike+1","Body Slam","Iron Wave"],"picked":"Singing Bowl","floor":31},{"not_picked":["Juggernaut","Immolate"],"picked":"Reaper","floor":33},{"not_picked":["Wild Strike","Body Slam","Twin Strike"],"picked":"Singing Bowl","floor":35},{"not_picked":["Power Through","Headbutt+1","Blood for Blood"],"picked":"Singing Bowl","floor":36},{"not_picked":["True Grit","Warcry+1"],"picked":"Flex+1","floor":39},{"not_picked":["Wild Strike+1","Rupture+1","Body Slam"],"picked":"Singing Bowl","floor":41},{"not_picked":["Warcry","Rampage","Heavy Blade+1"],"picked":"Singing Bowl","floor":42},{"not_picked":["Clothesline","Body Slam+1","Twin Strike"],"picked":"Singing Bowl","floor":44},{"not_picked":["Infernal Blade+1","Body Slam"],"picked":"Pommel Strike+1","floor":45},{"not_picked":["Thunderclap","Armaments+1"],"picked":"Shockwave","floor":46},{"not_picked":["Berserk","True Grit+1","Uppercut"],"picked":"Singing Bowl","floor":48}],"player_experience":340473,"relics_obtained":[{"floor":9,"key":"Ornamental Fan"},{"floor":25,"key":"Du-Vu Doll"},{"floor":26,"key":"MawBank"},{"floor":29,"key":"Tiny Chest"},{"floor":36,"key":"Ice Cream"},{"floor":38,"key":"Bottled Flame"},{"floor":42,"key":"Art of War"},{"floor":43,"key":"Gremlin Horn"},{"floor":46,"key":"Toxic Egg 2"}],"event_choices":[{"cards_removed":["Defend_R"],"damage_healed":0,"gold_gain":0,"player_choice":"Card Removal","damage_taken":7,"max_hp_gain":0,"max_hp_loss":0,"event_name":"Golden Wing","floor":2,"gold_loss":0},{"damage_healed":0,"gold_gain":0,"player_choice":"Take Damage","damage_taken":20,"relics_obtained":["Golden Idol"],"max_hp_gain":0,"max_hp_loss":0,"event_name":"Golden Idol","floor":3,"gold_loss":0},{"cards_removed":["Strike_R"],"damage_healed":0,"gold_gain":0,"player_choice":"Forget","damage_taken":0,"max_hp_gain":0,"max_hp_loss":0,"event_name":"Living Wall","floor":4,"gold_loss":0},{"damage_healed":0,"gold_gain":0,"player_choice":"Success","damage_taken":33,"relics_obtained":["Singing Bowl"],"max_hp_gain":0,"max_hp_loss":0,"event_name":"Scrap Ooze","floor":11,"gold_loss":0},{"damage_healed":0,"gold_gain":0,"player_choice":"Trade","damage_taken":0,"relics_obtained":["CultistMask"],"max_hp_gain":0,"max_hp_loss":0,"event_name":"FaceTrader","floor":19,"gold_loss":0},{"damage_healed":28,"gold_gain":0,"player_choice":"Heal","damage_taken":0,"max_hp_gain":0,"max_hp_loss":0,"event_name":"The Library","floor":21,"gold_loss":0},{"damage_healed":0,"gold_gain":0,"player_choice":"Simplicity","damage_taken":0,"max_hp_gain":0,"max_hp_loss":0,"event_name":"Back to Basics","floor":24,"gold_loss":0,"cards_upgraded":["Strike_R","Strike_R","Strike_R","Strike_R","Defend_R","Defend_R","Defend_R"]},{"damage_healed":0,"gold_gain":0,"player_choice":"Joined the Cult","damage_taken":6,"max_hp_gain":0,"max_hp_loss":0,"event_name":"Nest","floor":30,"gold_loss":0,"cards_obtained":["RitualDagger"]},{"damage_healed":0,"gold_gain":0,"player_choice":"Fight","damage_taken":0,"max_hp_gain":0,"max_hp_loss":0,"event_name":"MindBloom","floor":36,"gold_loss":0}],"is_beta":false,"boss_relics":[{"not_picked":["Philosopher\u0027s Stone","Coffee Dripper"],"picked":"Runic Pyramid"},{"not_picked":["Tiny House","Black Star"],"picked":"Mark of Pain"}],"items_purged_floors":[37],"is_endless":false,"potions_floor_spawned":[1,8,20,27,31,35,36,41,45,46],"ascension_level":0}