{"gold_per_floor":[109,124,49,68,80,80,80,90,90,102,113,113,113,138,138,262,262,282,407,432,10,33,33,132,152,152,152,167,183,233,271,271,394,394,410,435,485,485,506,547,565,404,431,508,508],"floor_reached":45,"playtime":1511,"items_purged":["Strike_R","Spot Weakness","Headbutt+1"],"score":486,"play_id":"46016842-c2c4-4c3b-b0c0-3f7414d66f2e","local_time":"20180906135001","is_ascension_mode":false,"campfire_choices":[{"data":"Clash","floor":6,"key":"SMITH"},{"data":"Bash","floor":13,"key":"SMITH"},{"floor":15,"key":"REST"},{"data":"Clash","floor":23,"key":"SMITH"},{"data":"Spot Weakness","floor":27,"key":"SMITH"},{"floor":32,"key":"REST"}],"neow_cost":"PERCENT_DAMAGE","seed_source_timestamp":320882116185467,"circlet_count":0,"master_deck":["Bash+1","Spot Weakness+1","Clash+1","Clash+1","Corruption","Sentinel","Shrug It Off","Dropkick"],"relics":["Black Blood","Pear","Golden Idol","Pandora\u0027s Box","Ginger","Kunai","TheAbacus","Tiny Chest","Darkstone Periapt","Blood Vial","Whetstone","Bottled Tornado","Boot","Letter Opener"],"potions_floor_usage":[4,16,19,31,33,39,40],"damage_taken":[{"damage":9,"enemies":"2 Louse","floor":1,"turns":3},{"damage":1,"enemies":"Cultist","floor":2,"turns":3},{"damage":7,"enemies":"Small Slimes","floor":4,"turns":4},{"damage":15,"enemies":"Gremlin Gang","floor":5,"turns":6},{"damage":12,"enemies":"Lots of Slimes","floor":8,"turns":5},{"damage":3,"enemies":"2 Fungi Beasts","floor":10,"turns":3},{"damage":4,"enemies":"Blue Slaver","floor":11,"turns":4},{"damage":0,"enemies":"Large Slime","floor":14,"turns":4},{"damage":57,"enemies":"The Guardian","floor":16,"turns":9},{"damage":5,"enemies":"Spheric Guardian","floor":18,"turns":3},{"damage":28,"enemies":"Colosseum Slavers","floor":19,"turns":4},{"damage":8,"enemies":"Colosseum Nobs","floor":19,"turns":3},{"damage":15,"enemies":"2 Thieves","floor":20,"turns":3},{"damage":6,"enemies":"3 Cultists","floor":22,"turns":4},{"damage":4,"enemies":"Snecko","floor":25,"turns":3},{"damage":5,"enemies":"Cultist and Chosen","floor":28,"turns":3},{"damage":10,"enemies":"Chosen and Byrds","floor":29,"turns":3},{"damage":17,"enemies":"Gremlin Leader","floor":31,"turns":3},{"damage":55,"enemies":"Automaton","floor":33,"turns":7},{"damage":7,"enemies":"3 Darklings","floor":35,"turns":4},{"damage":33,"enemies":"Orb Walker","floor":36,"turns":4},{"damage":24,"enemies":"Sphere and 2 Shapes","floor":39,"turns":4},{"damage":25,"enemies":"2 Orb Walkers","floor":40,"turns":3},{"damage":11,"enemies":"Spire Growth","floor":41,"turns":3},{"damage":58,"enemies":"Reptomancer","floor":45,"turns":2}],"seed_played":"6892359364501960469","potions_obtained":[{"floor":2,"key":"AttackPotion"},{"floor":5,"key":"Ancient Potion"},{"floor":11,"key":"AttackPotion"},{"floor":14,"key":"Swift Potion"},{"floor":16,"key":"Block Potion"},{"floor":19,"key":"SteroidPotion"},{"floor":31,"key":"EssenceOfSteel"},{"floor":33,"key":"EssenceOfSteel"},{"floor":36,"key":"Block Potion"},{"floor":41,"key":"Strength Potion"}],"is_trial":false,"path_per_floor":["M","M","$","M","M","R","?","M","T","M","M","?","R","M","R","B",null,"M","?","M","$","M","R","?","M","T","R","M","M","?","E","R","B",null,"M","M","T","?","M","E","M","$","T","T"],"character_chosen":"IRONCLAD","items_purchased":["TheAbacus","Tiny Chest","Dropkick"],"campfire_rested":2,"item_purchase_floors":[21,21,42],"current_hp_per_floor":[53,58,58,57,48,48,48,42,52,55,57,35,35,41,68,17,90,90,66,57,57,57,57,57,59,59,59,60,56,56,45,72,25,90,90,67,67,67,55,42,43,43,43,43,0],"gold":508,"neow_bonus":"REMOVE_TWO","is_prod":false,"is_daily":false,"chose_seed":false,"campfire_upgraded":4,"win_rate":0,"timestamp":1536267001,"path_taken":["M","M","$","M","M","R","?","M","T","M","M","?","R","?","R","BOSS","M","?","M","$","M","R","?","M","T","R","M","?","?","E","R","BOSS","M","?","?","?","M","E","M","$","T","?","M"],"build_version":"2018-08-30","purchased_purges":3,"victory":false,"max_hp_per_floor":[80,80,80,80,80,80,80,80,90,90,90,90,90,90,90,90,90,90,90,90,90,90,90,90,90,90,90,90,90,90,90,90,90,90,90,90,90,90,90,90,90,90,90,90,90],"card_choices":[{"not_picked":["Body Slam","Anger"],"picked":"Spot Weakness","floor":1},{"not_picked":["Shrug It Off","Iron Wave"],"picked":"Clash","floor":2},{"not_picked":["Cleave","Sword Boomerang","Carnage"],"picked":"SKIP","floor":4},{"not_picked":["Anger","Perfected Strike","Thunderclap"],"picked":"SKIP","floor":5},{"not_picked":["Clothesline","Wild Strike","True Grit"],"picked":"SKIP","floor":8},{"not_picked":["Anger","Clothesline","Impervious"],"picked":"SKIP","floor":10},{"not_picked":["Armaments","Flex","Wild Strike"],"picked":"SKIP","floor":11},{"not_picked":["Cleave","Flex","Thunderclap"],"picked":"SKIP","floor":14},{"not_picked":["Body Slam","Metallicize","Warcry"],"picked":"SKIP","floor":18},{"not_picked":["Metallicize","Body Slam","True Grit"],"picked":"SKIP","floor":20},{"not_picked":["Rupture","Perfected Strike","Body Slam"],"picked":"SKIP","floor":22},{"not_picked":["Havoc","Anger+1","Combust+1"],"picked":"SKIP","floor":25},{"not_picked":["Cleave+1","Infernal Blade","Berserk"],"picked":"SKIP","floor":28},{"not_picked":["Iron Wave","Pommel Strike","Perfected Strike"],"picked":"SKIP","floor":29},{"not_picked":["Seeing Red","Anger+1","Clothesline"],"picked":"SKIP","floor":31},{"not_picked":["Searing Blow+1","Sword Boomerang+1","Shockwave+1"],"picked":"SKIP","floor":35},{"not_picked":["Perfected Strike+1","Heavy Blade","Flex+1"],"picked":"SKIP","floor":36},{"not_picked":["Perfected Strike+1","Iron Wave","Wild Strike+1"],"picked":"SKIP","floor":39},{"not_picked":["Reaper","Armaments+1"],"picked":"Shrug It Off","floor":40},{"not_picked":["Combust","Rampage+1","Sentinel+1"],"picked":"SKIP","floor":41}],"player_experience":183048,"relics_obtained":[{"floor":9,"key":"Pear"},{"floor":19,"key":"Ginger"},{"floor":19,"key":"Kunai"},{"floor":26,"key":"Darkstone Periapt"},{"floor":31,"key":"Blood Vial"},{"floor":37,"key":"Whetstone"},{"floor":40,"key":"Bottled Tornado"},{"floor":43,"key":"Boot"},{"floor":44,"key":"Letter Opener"}],"event_choices":[{"event_name":"Bonfire Elementals","player_choice":"BASIC","floor":7,"damage_taken":0},{"event_name":"Golden Idol","player_choice":"Take Damage","floor":12,"damage_taken":0},{"event_name":"Colosseum","player_choice":"Fight","floor":19,"damage_taken":0},{"event_name":"Colosseum","player_choice":"Fought Nobs","floor":19,"damage_taken":0},{"event_name":"Nest","player_choice":"Stole From Cult","floor":24,"damage_taken":0},{"event_name":"The Joust","player_choice":"Bet on Murderer","floor":30,"damage_taken":0},{"event_name":"Tomb of Lord Red Mask","player_choice":"Ignored","floor":38,"damage_taken":0}],"is_beta":false,"boss_relics":[{"not_picked":["Runic Cube","White Beast Statue"],"picked":"Pandora\u0027s Box"},{"not_picked":["Tiny House","Busted Crown"],"picked":"Black Blood"}],"items_purged_floors":[3,21,42],"is_endless":false,"potions_floor_spawned":[2,5,11,14,16,18,19,31,33,36,41],"killed_by":"Reptomancer","ascension_level":0}