{"gold_per_floor":[111,186,244,259,7,41,41,60,87,97,112,140,160,177,177,177],"floor_reached":16,"playtime":522,"items_purged":[],"score":211,"play_id":"d7f7ae8e-9307-4585-a259-3f4f229dee1c","local_time":"20190429160946","is_ascension_mode":true,"campfire_choices":[{"data":"Immolate","floor":7,"key":"SMITH"},{"floor":15,"key":"REST"}],"neow_cost":"PERCENT_DAMAGE","seed_source_timestamp":146330224819217,"circlet_count":0,"master_deck":["AscendersBane","Strike_R","Strike_R","Strike_R","Strike_R","Strike_R","Defend_R","Defend_R","Defend_R","Defend_R","Bash","Immolate+1","Disarm","Second Wind","Spot Weakness","Disarm","True Grit","Feed","Havoc","Disarm"],"relics":["Burning Blood","Membership Card","Bag of Marbles","Pen Nib","Self Forming Clay"],"potions_floor_usage":[6,10,11,16],"damage_taken":[{"damage":0,"enemies":"2 Louse","floor":1,"turns":2},{"damage":0,"enemies":"Small Slimes","floor":4,"turns":2},{"damage":8,"enemies":"Gremlin Nob","floor":6,"turns":3},{"damage":10,"enemies":"Jaw Worm","floor":8,"turns":3},{"damage":11,"enemies":"Lots of Slimes","floor":10,"turns":2},{"damage":14,"enemies":"Exordium Thugs","floor":11,"turns":3},{"damage":25,"enemies":"Lagavulin","floor":12,"turns":7},{"damage":10,"enemies":"Gremlin Gang","floor":13,"turns":3},{"damage":0,"enemies":"2 Fungi Beasts","floor":14,"turns":1},{"damage":39,"enemies":"Hexaghost","floor":16,"turns":14}],"seed_played":"-3423519790646015601","potions_obtained":[{"floor":1,"key":"GamblersBrew"},{"floor":6,"key":"PowerPotion"},{"floor":13,"key":"Dexterity Potion"}],"is_trial":false,"path_per_floor":["M","?","?","M","$","E","R","M","T","M","M","E","M","M","R","B"],"character_chosen":"IRONCLAD","items_purchased":["Membership Card","Strength Potion"],"campfire_rested":1,"item_purchase_floors":[5,5],"current_hp_per_floor":[56,45,45,51,51,49,49,45,45,40,32,13,9,15,37,0],"gold":177,"neow_bonus":"THREE_RARE_CARDS","is_prod":false,"is_daily":false,"chose_seed":false,"campfire_upgraded":1,"win_rate":0,"timestamp":1556579386,"path_taken":["M","?","?","M","?","E","R","M","T","M","?","E","M","M","R","BOSS"],"build_version":"2019-01-23","purchased_purges":0,"victory":false,"max_hp_per_floor":[75,75,75,75,75,75,75,75,75,75,75,75,75,75,75,75],"card_choices":[{"not_picked":["Limit Break","Barricade"],"picked":"Immolate","floor":0},{"not_picked":["Pummel","Seeing Red"],"picked":"Disarm","floor":1},{"not_picked":["Havoc","Pummel"],"picked":"Second Wind","floor":4},{"not_picked":["Dual Wield","Clothesline"],"picked":"Spot Weakness","floor":6},{"not_picked":["Body Slam","Infernal Blade","Dropkick"],"picked":"SKIP","floor":8},{"not_picked":["Thunderclap","Shockwave"],"picked":"Disarm","floor":10},{"not_picked":["Warcry","Juggernaut"],"picked":"True Grit","floor":11},{"not_picked":["Pommel Strike","Cleave"],"picked":"Feed","floor":12},{"not_picked":["Clash","Sword Boomerang"],"picked":"Havoc","floor":13},{"not_picked":["Havoc","Carnage"],"picked":"Disarm","floor":14}],"player_experience":506939,"relics_obtained":[{"floor":6,"key":"Bag of Marbles"},{"floor":9,"key":"Pen Nib"},{"floor":12,"key":"Self Forming Clay"}],"event_choices":[{"damage_healed":0,"gold_gain":75,"player_choice":"Gather Gold","damage_taken":11,"max_hp_gain":0,"max_hp_loss":0,"event_name":"World of Goop","floor":2,"gold_loss":0},{"damage_healed":0,"gold_gain":58,"player_choice":"Gained Gold","damage_taken":0,"max_hp_gain":0,"max_hp_loss":0,"event_name":"Golden Wing","floor":3,"gold_loss":0}],"is_beta":false,"boss_relics":[],"items_purged_floors":[],"is_endless":false,"potions_floor_spawned":[1,6,8,13],"killed_by":"Hexaghost","ascension_level":17}