{"gold_per_floor":[112,37,50,68,83,83,93,120,145,160,160,160,172,189,189,189],"floor_reached":16,"playtime":515,"items_purged":[],"score":191,"play_id":"4765d98e-5d96-4dff-8a09-0195550620f0","local_time":"20190418170649","is_ascension_mode":true,"campfire_choices":[{"data":"Spot Weakness","floor":6,"key":"SMITH"},{"floor":11,"key":"REST"},{"data":"Shockwave","floor":15,"key":"SMITH"}],"neow_cost":"NONE","seed_source_timestamp":26764707279572,"circlet_count":0,"master_deck":["AscendersBane","Strike_R","Strike_R","Strike_R","Strike_R","Defend_R","Defend_R","Defend_R","Defend_R","Bash","Anger","Spot Weakness+1","Clothesline","Clothesline","Brutality","Cleave","Armaments","Shockwave+1","Infernal Blade"],"relics":["Burning Blood","Lantern","PreservedInsect"],"potions_floor_usage":[7,8,16],"damage_taken":[{"damage":6,"enemies":"Jaw Worm","floor":1,"turns":5},{"damage":8,"enemies":"2 Louse","floor":3,"turns":3},{"damage":10,"enemies":"Small Slimes","floor":4,"turns":4},{"damage":11,"enemies":"Blue Slaver","floor":5,"turns":5},{"damage":17,"enemies":"Lots of Slimes","floor":7,"turns":3},{"damage":28,"enemies":"Lagavulin","floor":8,"turns":5},{"damage":8,"enemies":"2 Fungi Beasts","floor":10,"turns":3},{"damage":6,"enemies":"Blue Slaver","floor":13,"turns":3},{"damage":12,"enemies":"Large Slime","floor":14,"turns":6},{"damage":47,"enemies":"Slime Boss","floor":16,"turns":9}],"seed_played":"-3026202192518131052","potions_obtained":[{"floor":4,"key":"Strength Potion"},{"floor":5,"key":"Explosive Potion"},{"floor":10,"key":"Dexterity Potion"},{"floor":13,"key":"SpeedPotion"}],"is_trial":false,"path_per_floor":["M","?","M","M","M","R","M","E","T","M","R","?","M","M","R","B"],"character_chosen":"IRONCLAD","items_purchased":[],"campfire_rested":1,"item_purchase_floors":[],"current_hp_per_floor":[75,75,73,69,64,64,53,31,31,29,53,53,53,47,47,0],"gold":189,"neow_bonus":"TEN_PERCENT_HP_BONUS","is_prod":false,"is_daily":false,"chose_seed":false,"campfire_upgraded":2,"win_rate":0,"timestamp":1555632409,"path_taken":["M","?","M","M","M","R","M","E","T","M","R","?","M","M","R","BOSS"],"build_version":"2019-01-23","purchased_purges":0,"victory":false,"max_hp_per_floor":[82,82,82,82,82,82,82,82,82,82,82,82,82,82,82,82],"card_choices":[{"not_picked":["True Grit","Dual Wield"],"picked":"Anger","floor":1},{"not_picked":["Shrug It Off","True Grit"],"picked":"Spot Weakness","floor":3},{"not_picked":["Heavy Blade","Infernal Blade"],"picked":"Clothesline","floor":4},{"not_picked":["Wild Strike","Body Slam"],"picked":"Clothesline","floor":5},{"not_picked":["Havoc","Entrench"],"picked":"Brutality","floor":7},{"not_picked":["Clothesline","Armaments"],"picked":"Cleave","floor":8},{"not_picked":["Sever Soul","Heavy Blade"],"picked":"Armaments","floor":10},{"not_picked":["Feel No Pain","Fire Breathing"],"picked":"Shockwave","floor":13},{"not_picked":["Warcry","Wild Strike"],"picked":"Infernal Blade","floor":14}],"player_experience":461982,"relics_obtained":[{"floor":8,"key":"Lantern"},{"floor":9,"key":"PreservedInsect"}],"event_choices":[{"cards_removed":["Strike_R"],"damage_healed":0,"gold_gain":0,"player_choice":"Card Removal","damage_taken":0,"max_hp_gain":0,"max_hp_loss":0,"event_name":"The Cleric","floor":2,"gold_loss":75},{"damage_healed":0,"gold_gain":0,"player_choice":"Ignored","damage_taken":0,"max_hp_gain":0,"max_hp_loss":0,"event_name":"Liars Game","floor":12,"gold_loss":0}],"is_beta":false,"boss_relics":[],"items_purged_floors":[],"is_endless":false,"potions_floor_spawned":[4,5,10,13],"killed_by":"Slime Boss","ascension_level":16}