{"gold_per_floor":[110,110,110,127,127,154,154,154,234,254,270,297,313,331,331,331],"floor_reached":16,"playtime":1118,"items_purged":[],"score":236,"play_id":"0cf80ca6-4981-4bce-a3af-29ab20886af2","local_time":"20190504142508","is_ascension_mode":true,"campfire_choices":[{"data":"Whirlwind","floor":7,"key":"SMITH"},{"floor":15,"key":"REST"}],"neow_cost":"NONE","seed_source_timestamp":397180909606900,"circlet_count":0,"master_deck":["AscendersBane","Strike_R","Strike_R","Strike_R+1","Strike_R","Strike_R","Defend_R","Defend_R","Defend_R+1","Defend_R","Bash","Carnage","Whirlwind+1","Immolate","Regret","Uppercut","Ghostly Armor","Flame Barrier"],"relics":["Burning Blood","NeowsBlessing","Orichalcum","Ice Cream","Bottled Flame","Odd Mushroom","Red Skull"],"potions_floor_usage":[16,16],"damage_taken":[{"damage":0,"enemies":"Small Slimes","floor":1,"turns":1},{"damage":0,"enemies":"2 Louse","floor":4,"turns":1},{"damage":0,"enemies":"Gremlin Nob","floor":6,"turns":1},{"damage":10,"enemies":"The Mushroom Lair","floor":10,"turns":2},{"damage":0,"enemies":"Cultist","floor":11,"turns":3},{"damage":36,"enemies":"Lagavulin","floor":12,"turns":6},{"damage":9,"enemies":"Exordium Thugs","floor":13,"turns":3},{"damage":5,"enemies":"Looter","floor":14,"turns":2},{"damage":59,"enemies":"Hexaghost","floor":16,"turns":11}],"seed_played":"-4039085326832281911","potions_obtained":[{"floor":1,"key":"EssenceOfSteel"},{"floor":11,"key":"Block Potion"}],"is_trial":false,"path_per_floor":["M","$","?","M","$","E","R","?","T","?","M","E","M","M","R","B"],"character_chosen":"IRONCLAD","items_purchased":[],"campfire_rested":1,"item_purchase_floors":[],"current_hp_per_floor":[74,74,51,57,57,63,63,63,63,59,65,35,32,33,55,0],"gold":331,"neow_bonus":"THREE_ENEMY_KILL","is_prod":false,"is_daily":false,"chose_seed":false,"campfire_upgraded":1,"win_rate":0,"timestamp":1556972708,"path_taken":["M","$","?","M","$","E","R","?","T","?","M","E","M","M","R","BOSS"],"build_version":"2019-01-23","purchased_purges":0,"victory":false,"max_hp_per_floor":[75,75,75,75,75,75,75,75,75,75,75,75,75,75,75,75],"card_choices":[{"not_picked":["Evolve","Searing Blow"],"picked":"Carnage","floor":1},{"not_picked":["Sword Boomerang","Dual Wield"],"picked":"Whirlwind","floor":4},{"not_picked":["Feel No Pain","Whirlwind"],"picked":"Immolate","floor":6},{"not_picked":["Fire Breathing","Cleave"],"picked":"Uppercut","floor":10},{"not_picked":["Body Slam","Iron Wave"],"picked":"Ghostly Armor","floor":11},{"not_picked":["Seeing Red","Warcry"],"picked":"Flame Barrier","floor":12},{"not_picked":["Uppercut","Bloodletting","Twin Strike"],"picked":"SKIP","floor":13},{"not_picked":["Flex","Anger","Hemokinesis"],"picked":"SKIP","floor":14}],"player_experience":1065430,"relics_obtained":[{"floor":6,"key":"Orichalcum"},{"floor":9,"key":"Bottled Flame"},{"floor":10,"key":"Odd Mushroom"},{"floor":12,"key":"Red Skull"}],"event_choices":[{"damage_healed":0,"gold_gain":0,"player_choice":"Entered Light","damage_taken":23,"max_hp_gain":0,"max_hp_loss":0,"event_name":"Shining Light","floor":3,"gold_loss":0,"cards_upgraded":["Strike_R","Defend_R"]},{"damage_healed":0,"gold_gain":0,"player_choice":"Box","damage_taken":0,"relics_obtained":["Ice Cream"],"max_hp_gain":0,"max_hp_loss":0,"event_name":"Big Fish","floor":8,"gold_loss":0,"cards_obtained":["Regret"]},{"damage_healed":0,"gold_gain":0,"player_choice":"Fought Mushrooms","damage_taken":0,"max_hp_gain":0,"max_hp_loss":0,"event_name":"Mushrooms","floor":10,"gold_loss":0}],"is_beta":false,"boss_relics":[],"items_purged_floors":[],"is_endless":false,"potions_floor_spawned":[1,11,12,14],"killed_by":"Hexaghost","ascension_level":15}