{"gold_per_floor":[12,23,39,58,58,58,84,100,123,151,151,169,169,184,184,307,307,320,320,23,23,42,42,42],"floor_reached":24,"playtime":1885,"items_purged":[],"score":291,"play_id":"fefa52ac-d82b-4924-a2ad-9ac06da6945c","local_time":"20190422214854","is_ascension_mode":true,"campfire_choices":[{"data":"Bouncing Flask","floor":6,"key":"SMITH"},{"floor":11,"key":"REST"},{"data":"Neutralize","floor":15,"key":"SMITH"},{"data":"Blur","floor":23,"key":"SMITH"}],"neow_cost":"NO_GOLD","seed_source_timestamp":362627234391200,"circlet_count":0,"master_deck":["Defend_G","Defend_G","Defend_G","Defend_G","Defend_G","Strike_G","Strike_G","Strike_G","Survivor","Neutralize+1","Bouncing Flask+1","A Thousand Cuts","Backflip","Acrobatics","Flying Knee","Cloak And Dagger","Quick Slash","Catalyst","Dagger Throw","Blur+1","PiercingWail","Injury","Bullet Time","Venomology","Leg Sweep","Deadly Poison","Deadly Poison","Dagger Spray","Bouncing Flask","Cloak And Dagger","Dodge and Roll"],"relics":["Ring of the Snake","Letter Opener","Juzu Bracelet","Bag of Preparation","Dream Catcher","Golden Idol","Orrery","Bronze Scales","Ancient Tea Set"],"potions_floor_usage":[7,8,24,24,24],"damage_taken":[{"damage":1,"enemies":"Cultist","floor":1,"turns":4},{"damage":0,"enemies":"Small Slimes","floor":2,"turns":4},{"damage":0,"enemies":"2 Louse","floor":3,"turns":6},{"damage":3,"enemies":"Looter","floor":4,"turns":3},{"damage":23,"enemies":"Gremlin Nob","floor":7,"turns":4},{"damage":13,"enemies":"Lots of Slimes","floor":8,"turns":2},{"damage":9,"enemies":"Lagavulin","floor":10,"turns":5},{"damage":0,"enemies":"Exordium Thugs","floor":12,"turns":5},{"damage":5,"enemies":"Red Slaver","floor":14,"turns":4},{"damage":3,"enemies":"Hexaghost","floor":16,"turns":8},{"damage":6,"enemies":"Spheric Guardian","floor":18,"turns":4},{"damage":7,"enemies":"Chosen","floor":22,"turns":3},{"damage":49,"enemies":"Gremlin Leader","floor":24,"turns":7}],"seed_played":"-8137842265017307164","potions_obtained":[{"floor":3,"key":"LiquidBronze"},{"floor":4,"key":"Regen Potion"},{"floor":14,"key":"SkillPotion"},{"floor":16,"key":"FearPotion"}],"is_trial":false,"path_per_floor":["M","?","?","?","$"],"character_chosen":"THE_SILENT","items_purchased":["Bronze Scales","Ancient Tea Set"],"campfire_rested":1,"item_purchase_floors":[20,20],"current_hp_per_floor":[62,62,62,59,47,47,38,25,25,16,37,37,37,32,32,29,60,54,54,54,54,47,47,0],"gold":42,"neow_bonus":"TRANSFORM_TWO_CARDS","is_prod":false,"is_daily":false,"chose_seed":false,"campfire_upgraded":3,"win_rate":0,"timestamp":1555991334,"path_taken":["M","?","M","M","?","R","E","M","T","E","R","M","?","M","R","BOSS","M","?","?","$","M","R","E"],"build_version":"2019-01-23","purchased_purges":0,"victory":false,"max_hp_per_floor":[70,70,70,70,70,70,70,70,70,70,70,70,70,70,70,70,70,70,70,70,70,70,70,70],"card_choices":[{"not_picked":["Acrobatics","All Out Attack"],"picked":"Backflip","floor":1},{"not_picked":["Infinite Blades","Flechettes"],"picked":"Acrobatics","floor":2},{"not_picked":["Quick Slash","Acrobatics"],"picked":"Flying Knee","floor":3},{"not_picked":["Predator","Underhanded Strike"],"picked":"Cloak And Dagger","floor":4},{"not_picked":["Escape Plan","Sucker Punch"],"picked":"Quick Slash","floor":7},{"not_picked":["Flying Knee","All Out Attack"],"picked":"Catalyst","floor":8},{"not_picked":["Bane","Quick Slash"],"picked":"Dagger Throw","floor":10},{"not_picked":["Underhanded Strike","Deflect"],"picked":"Blur","floor":11},{"not_picked":["Dagger Throw","Backflip"],"picked":"PiercingWail","floor":12},{"not_picked":["Setup","Blur"],"picked":"Bullet Time","floor":14},{"not_picked":["Storm of Steel","Doppelganger"],"picked":"Venomology","floor":16},{"not_picked":["Sucker Punch","Deflect"],"picked":"Leg Sweep","floor":17},{"not_picked":["Poisoned Stab","Underhanded Strike"],"picked":"Deadly Poison","floor":17},{"not_picked":["Cloak And Dagger","Dagger Throw"],"picked":"Deadly Poison","floor":17},{"not_picked":["Bane","Poisoned Stab"],"picked":"Dagger Spray","floor":17},{"not_picked":["Prepared","Predator"],"picked":"Bouncing Flask","floor":17},{"not_picked":["Riddle With Holes","Dagger Throw+1"],"picked":"Cloak And Dagger","floor":18},{"not_picked":["Acrobatics","Flechettes"],"picked":"Dodge and Roll","floor":22}],"player_experience":594975,"relics_obtained":[{"floor":7,"key":"Juzu Bracelet"},{"floor":9,"key":"Bag of Preparation"},{"floor":10,"key":"Dream Catcher"}],"event_choices":[{"damage_healed":0,"gold_gain":0,"player_choice":"Success","damage_taken":12,"relics_obtained":["Letter Opener"],"max_hp_gain":0,"max_hp_loss":0,"event_name":"Scrap Ooze","floor":5,"gold_loss":0},{"damage_healed":0,"gold_gain":0,"player_choice":"Take Wound","damage_taken":0,"relics_obtained":["Golden Idol"],"max_hp_gain":0,"max_hp_loss":0,"event_name":"Golden Idol","floor":13,"gold_loss":0,"cards_obtained":["Injury"]},{"damage_healed":0,"gold_gain":0,"player_choice":"Ignored","damage_taken":0,"max_hp_gain":0,"max_hp_loss":0,"event_name":"N\u0027loth","floor":19,"gold_loss":0}],"is_beta":false,"boss_relics":[{"not_picked":["Calling Bell","WristBlade"],"picked":"Orrery"}],"items_purged_floors":[],"is_endless":false,"potions_floor_spawned":[3,4,14,16],"killed_by":"Gremlin Leader","ascension_level":8}