{"gold_per_floor":[113,163,163,182,182,182,202,0,48,48,323,356,356,370,370,470,470,445,445,464,41,56,56,72,72,99,117,117,149,149,174,174,274,274,285,304,27,27,41,73,85,129,141,165,195,226,249,3,3,3],"floor_reached":51,"playtime":5004,"items_purged":["Defend_G","Bite"],"score":930,"play_id":"fdc45b58-ada7-4ee8-88ad-858d55dacf98","local_time":"20190402024920","is_ascension_mode":true,"campfire_choices":[{"data":"Neutralize","floor":6,"key":"SMITH"},{"data":"Dagger Spray","floor":10,"key":"SMITH"},{"data":"Cloak And Dagger","floor":13,"key":"SMITH"},{"data":"Survivor","floor":15,"key":"SMITH"},{"data":"Dodge and Roll","floor":23,"key":"SMITH"},{"data":"Dash","floor":25,"key":"SMITH"},{"data":"A Thousand Cuts","floor":28,"key":"SMITH"},{"floor":32,"key":"REST"},{"floor":41,"key":"REST"},{"floor":49,"key":"REST"}],"neow_cost":"CURSE","seed_source_timestamp":61104103809557,"circlet_count":0,"master_deck":["Defend_G","Defend_G+1","Defend_G+1","Defend_G","Survivor+1","Neutralize+1","Dagger Spray+1","Backflip","Cloak And Dagger+1","PiercingWail","Corpse Explosion","Quick Slash+1","Bite","Bite","Bite","Bite","Sucker Punch+1","Dash+1","Dodge and Roll+1","Backflip+1","A Thousand Cuts+1","PiercingWail","Deadly Poison","Storm of Steel","Dagger Throw+1","Crippling Poison+1","A Thousand Cuts+1","Cloak And Dagger","Dash+1","Bane+1","Acrobatics+1","Apotheosis"],"relics":["Ring of the Snake","War Paint","FaceOfCleric","Oddly Smooth Stone","Omamori","Paper Crane","Black Star","Membership Card","Ancient Tea Set","Pen Nib","Smiling Mask","Mercury Hourglass","Dream Catcher","Bag of Preparation","Fusion Hammer","Bag of Marbles","Happy Flower","DollysMirror","MawBank","Centennial Puzzle","Anchor","Juzu Bracelet","Dodecahedron","Potion Belt"],"potions_floor_usage":[16,40,40,50,50,50,50],"damage_taken":[{"damage":8,"enemies":"Cultist","floor":1,"turns":5},{"damage":10,"enemies":"Jaw Worm","floor":4,"turns":3},{"damage":0,"enemies":"2 Louse","floor":7,"turns":2},{"damage":15,"enemies":"3 Sentries","floor":12,"turns":6},{"damage":0,"enemies":"Red Slaver","floor":14,"turns":5},{"damage":14,"enemies":"The Guardian","floor":16,"turns":17},{"damage":25,"enemies":"2 Thieves","floor":18,"turns":5},{"damage":28,"enemies":"Shell Parasite","floor":20,"turns":6},{"damage":6,"enemies":"3 Cultists","floor":22,"turns":3},{"damage":2,"enemies":"Snecko","floor":24,"turns":7},{"damage":0,"enemies":"Snake Plant","floor":27,"turns":4},{"damage":27,"enemies":"Slavers","floor":29,"turns":4},{"damage":73,"enemies":"Collector","floor":33,"turns":10},{"damage":2,"enemies":"3 Shapes","floor":35,"turns":5},{"damage":21,"enemies":"3 Darklings","floor":36,"turns":4},{"damage":0,"enemies":"Maw","floor":39,"turns":7},{"damage":19,"enemies":"Giant Head","floor":40,"turns":9},{"damage":25,"enemies":"Reptomancer","floor":42,"turns":5},{"damage":4,"enemies":"Transient","floor":44,"turns":5},{"damage":8,"enemies":"Jaw Worm Horde","floor":45,"turns":2},{"damage":9,"enemies":"3 Darklings","floor":46,"turns":3},{"damage":14,"enemies":"Sphere and 2 Shapes","floor":47,"turns":7},{"damage":38,"enemies":"Time Eater","floor":50,"turns":14}],"seed_played":"8187520367849053332","potions_obtained":[{"floor":1,"key":"SteroidPotion"},{"floor":12,"key":"Swift Potion"},{"floor":18,"key":"Fire Potion"},{"floor":27,"key":"AttackPotion"},{"floor":35,"key":"PowerPotion"},{"floor":40,"key":"SteroidPotion"},{"floor":42,"key":"SkillPotion"},{"floor":45,"key":"Strength Potion"}],"is_trial":false,"path_per_floor":["T","?","M","?","?","?","?","T","?","M"],"character_chosen":"THE_SILENT","items_purchased":["Oddly Smooth Stone","Cloak And Dagger","Membership Card","Ancient Tea Set","Pen Nib","Dash","Bag of Marbles","Happy Flower","DollysMirror","Cloak And Dagger","Potion Belt","Apotheosis","Block Potion","Weak Potion"],"campfire_rested":3,"item_purchase_floors":[8,8,21,21,21,21,37,37,37,37,48,48,48,48],"current_hp_per_floor":[69,69,69,60,53,53,54,54,54,54,54,40,40,41,41,28,74,50,50,41,41,44,44,55,55,55,66,66,47,47,47,67,4,53,54,38,38,38,55,41,62,46,46,47,42,40,37,37,60,45],"gold":3,"neow_bonus":"TWENTY_PERCENT_HP_BONUS","is_prod":false,"is_daily":false,"chose_seed":false,"campfire_upgraded":7,"win_rate":0,"timestamp":1554194960,"path_taken":["M","?","?","?","?","R","M","$","T","R","?","E","R","M","R","BOSS","M","?","M","$","M","R","M","R","T","M","R","E","?","?","R","BOSS","M","M","$","?","?","E","R","E","T","M","M","M","M","$","R","BOSS"],"build_version":"2019-01-23","purchased_purges":2,"victory":true,"max_hp_per_floor":[84,84,84,85,85,85,86,86,86,86,86,87,87,88,88,89,89,90,63,64,64,65,65,66,66,66,67,67,68,68,68,68,69,69,70,71,71,71,72,73,73,74,74,75,76,77,78,78,78,79],"card_choices":[{"not_picked":["Bane","Sucker Punch"],"picked":"Dagger Spray","floor":1},{"not_picked":["Predator","Dagger Throw"],"picked":"Backflip","floor":4},{"not_picked":["Underhanded Strike","Masterful Stab","Poisoned Stab"],"picked":"SKIP","floor":7},{"not_picked":["Quick Slash","Wraith Form v2","Dagger Throw"],"picked":"SKIP","floor":12},{"not_picked":["Distraction","Dash"],"picked":"PiercingWail","floor":14},{"not_picked":["After Image","Doppelganger"],"picked":"Corpse Explosion","floor":16},{"not_picked":["Underhanded Strike","Terror"],"picked":"Quick Slash+1","floor":18},{"not_picked":["Cloak And Dagger+1","Reflex"],"picked":"Sucker Punch+1","floor":20},{"not_picked":["Bane+1","Accuracy+1"],"picked":"Dodge and Roll","floor":22},{"not_picked":["Dagger Spray","Bane"],"picked":"Backflip+1","floor":24},{"not_picked":["PiercingWail","Acrobatics"],"picked":"A Thousand Cuts","floor":27},{"not_picked":["Backflip","Dagger Throw"],"picked":"PiercingWail","floor":29},{"not_picked":["Prepared","Terror"],"picked":"Deadly Poison","floor":32},{"not_picked":["Corpse Explosion","A Thousand Cuts"],"picked":"Storm of Steel","floor":33},{"not_picked":["Backflip+1","Underhanded Strike"],"picked":"Dagger Throw+1","floor":35},{"not_picked":["Underhanded Strike","Blade Dance"],"picked":"Crippling Poison+1","floor":36},{"not_picked":["Dagger Spray+1","Setup","Tactician"],"picked":"SKIP","floor":39},{"not_picked":["Dodge and Roll","Sucker Punch+1"],"picked":"Bane+1","floor":40},{"not_picked":["Infinite Blades","Venomology","Bane+1"],"picked":"SKIP","floor":42},{"not_picked":["Infinite Blades+1","Deflect+1","Sucker Punch+1"],"picked":"SKIP","floor":44},{"not_picked":["Reflex+1","Distraction+1","Deflect"],"picked":"SKIP","floor":45},{"not_picked":["Eviscerate+1","Poisoned Stab+1","A Thousand Cuts"],"picked":"SKIP","floor":46},{"not_picked":["Masterful Stab","Prepared"],"picked":"Acrobatics+1","floor":47}],"player_experience":425170,"relics_obtained":[{"floor":2,"key":"War Paint"},{"floor":9,"key":"Omamori"},{"floor":12,"key":"Paper Crane"},{"floor":26,"key":"Smiling Mask"},{"floor":29,"key":"Mercury Hourglass"},{"floor":29,"key":"Dream Catcher"},{"floor":31,"key":"Bag of Preparation"},{"floor":40,"key":"MawBank"},{"floor":40,"key":"Centennial Puzzle"},{"floor":42,"key":"Anchor"},{"floor":42,"key":"Juzu Bracelet"},{"floor":43,"key":"Dodecahedron"}],"event_choices":[{"damage_healed":0,"gold_gain":0,"player_choice":"Trade","damage_taken":0,"relics_obtained":["FaceOfCleric"],"max_hp_gain":0,"max_hp_loss":0,"event_name":"FaceTrader","floor":3,"gold_loss":0},{"cards_removed":["Pain"],"damage_healed":0,"gold_gain":0,"player_choice":"Card Removal","damage_taken":7,"max_hp_gain":0,"max_hp_loss":0,"event_name":"Golden Wing","floor":5,"gold_loss":0},{"damage_healed":0,"gold_gain":275,"player_choice":"Desecrate","damage_taken":0,"max_hp_gain":0,"max_hp_loss":0,"event_name":"Golden Shrine","floor":11,"gold_loss":0,"cards_obtained":["Regret"]},{"damage_healed":0,"gold_gain":0,"player_choice":"Became a vampire","damage_taken":0,"max_hp_gain":0,"max_hp_loss":27,"event_name":"Vampires","floor":19,"gold_loss":0,"cards_obtained":["Bite","Bite","Bite","Bite","Bite"]},{"damage_healed":0,"gold_gain":0,"player_choice":"Ignored","damage_taken":0,"max_hp_gain":0,"max_hp_loss":0,"event_name":"Ghosts","floor":30,"gold_loss":0},{"damage_healed":0,"gold_gain":0,"player_choice":"Copied","damage_taken":0,"max_hp_gain":0,"max_hp_loss":0,"event_name":"Duplicator","floor":38,"gold_loss":0,"cards_obtained":["Dash"]}],"is_beta":false,"boss_relics":[{"not_picked":["Pandora\u0027s Box","Tiny House"],"picked":"Black Star"},{"not_picked":["Eternal Feather","Velvet Choker"],"picked":"Fusion Hammer"}],"items_purged_floors":[21,48],"is_endless":false,"potions_floor_spawned":[1,12,18,27,33,35,40,42,44,45],"ascension_level":6}