{"gold_per_floor":[114,289,11,11,11,11,34,54,54,67,67,91,129,112,112,238,238,259,259,274,48,71,71,71,71,97,115,131,131,165,189,189,189],"floor_reached":33,"playtime":2245,"items_purged":["Doubt","Injury"],"score":299,"play_id":"a4c03f82-e3ed-4dc2-be8a-ee75d4d82617","local_time":"20190324085118","is_ascension_mode":true,"campfire_choices":[{"data":"Armaments","floor":6,"key":"SMITH"},{"floor":11,"key":"REST"},{"floor":15,"key":"REST"},{"data":"Double Tap","floor":23,"key":"SMITH"},{"data":"1","floor":25,"key":"LIFT"},{"data":"Uppercut","floor":29,"key":"SMITH"},{"data":"2","floor":32,"key":"LIFT"}],"neow_cost":"TEN_PERCENT_HP_LOSS","seed_source_timestamp":821155387481309,"circlet_count":0,"master_deck":["Strike_R","Strike_R","Strike_R","Strike_R+1","Strike_R","Defend_R","Defend_R","Defend_R","Defend_R","Bash+1","Sword Boomerang","Armaments+1","Violence","Headbutt","Rampage","Power Through","Offering","Flex","Double Tap+1","Iron Wave","RitualDagger","Rage+1","Shrug It Off","Perfected Strike","Uppercut+1","Thunderclap","Flex+1","Carnage+1"],"relics":["Burning Blood","Thread and Needle","Golden Idol","Girya","Champion Belt","Lizard Tail","Strawberry","Red Mask"],"potions_floor_usage":[16,18,22,22,30,31,33,33],"damage_taken":[{"damage":8,"enemies":"Small Slimes","floor":1,"turns":4},{"damage":0,"enemies":"Jaw Worm","floor":7,"turns":3},{"damage":0,"enemies":"2 Louse","floor":8,"turns":3},{"damage":49,"enemies":"Gremlin Gang","floor":10,"turns":5},{"damage":5,"enemies":"Looter","floor":12,"turns":3},{"damage":25,"enemies":"Gremlin Nob","floor":13,"turns":4},{"damage":17,"enemies":"Exordium Thugs","floor":14,"turns":4},{"damage":32,"enemies":"Hexaghost","floor":16,"turns":10},{"damage":22,"enemies":"Shell Parasite","floor":18,"turns":5},{"damage":7,"enemies":"3 Byrds","floor":20,"turns":6},{"damage":21,"enemies":"Centurion and Healer","floor":22,"turns":6},{"damage":12,"enemies":"Shelled Parasite and Fungi","floor":27,"turns":4},{"damage":9,"enemies":"Snake Plant","floor":28,"turns":4},{"damage":24,"enemies":"Masked Bandits","floor":30,"turns":5},{"damage":0,"enemies":"Snecko","floor":31,"turns":4},{"damage":90,"enemies":"Collector","floor":33,"turns":16}],"seed_played":"-1962360436084933645","potions_obtained":[{"floor":10,"key":"SpeedPotion"},{"floor":14,"key":"Explosive Potion"},{"floor":16,"key":"SteroidPotion"},{"floor":27,"key":"Ancient Potion"},{"floor":28,"key":"Regen Potion"},{"floor":30,"key":"SpeedPotion"},{"floor":31,"key":"Weak Potion"}],"is_trial":false,"path_per_floor":["M","?","$","?","?","R","M","M","T","M","R","M","E","M","R","B",null,"M","?","M","$","M","R","$","R","T","M","M","R","?","M","R","B"],"character_chosen":"IRONCLAD","items_purchased":["Armaments","Violence","Shrug It Off","Regen Potion"],"campfire_rested":2,"item_purchase_floors":[3,3,21,21],"current_hp_per_floor":[70,70,70,56,56,56,62,68,68,25,46,47,28,17,38,12,72,56,50,49,49,49,49,49,49,56,50,47,47,43,49,49,0],"gold":189,"neow_bonus":"ONE_RARE_RELIC","is_prod":false,"is_daily":false,"chose_seed":false,"campfire_upgraded":3,"win_rate":0,"timestamp":1553385078,"path_taken":["M","?","$","?","?","R","M","M","T","M","R","?","E","M","R","BOSS","M","?","M","$","M","R","$","R","T","M","M","R","?","M","R","BOSS"],"build_version":"2019-01-23","purchased_purges":2,"victory":false,"max_hp_per_floor":[72,72,72,72,72,72,72,72,72,72,72,72,72,72,72,72,72,72,72,72,72,72,72,72,72,79,79,79,79,79,79,79,79],"card_choices":[{"not_picked":["Twin Strike","True Grit"],"picked":"Sword Boomerang","floor":1},{"not_picked":["Searing Blow","True Grit"],"picked":"Headbutt","floor":7},{"not_picked":["Armaments","Anger","Sword Boomerang"],"picked":"SKIP","floor":8},{"not_picked":["Heavy Blade","Reckless Charge"],"picked":"Rampage","floor":10},{"not_picked":["Body Slam","Pommel Strike"],"picked":"Power Through","floor":12},{"not_picked":["Hemokinesis","Havoc"],"picked":"Offering","floor":13},{"not_picked":["Sever Soul","Headbutt"],"picked":"Flex","floor":14},{"not_picked":["Barricade","Bludgeon"],"picked":"Double Tap","floor":16},{"not_picked":["Havoc","Wild Strike"],"picked":"Iron Wave","floor":18},{"not_picked":["Evolve","Headbutt+1"],"picked":"Rage+1","floor":20},{"not_picked":["Havoc","Searing Blow"],"picked":"Perfected Strike","floor":22},{"not_picked":["Burning Pact","Anger"],"picked":"Uppercut","floor":27},{"not_picked":["Blood for Blood","Body Slam"],"picked":"Thunderclap","floor":28},{"not_picked":["Headbutt","Clash"],"picked":"Flex+1","floor":30},{"not_picked":["Shockwave","Hemokinesis"],"picked":"Carnage+1","floor":31}],"player_experience":148903,"relics_obtained":[{"floor":9,"key":"Girya"},{"floor":13,"key":"Champion Belt"},{"floor":26,"key":"Strawberry"},{"floor":30,"key":"Red Mask"}],"event_choices":[{"damage_healed":0,"gold_gain":175,"player_choice":"AGREE","damage_taken":0,"max_hp_gain":0,"max_hp_loss":0,"event_name":"Liars Game","floor":2,"gold_loss":0,"cards_obtained":["Doubt"]},{"damage_healed":0,"gold_gain":0,"player_choice":"Entered Light","damage_taken":14,"max_hp_gain":0,"max_hp_loss":0,"event_name":"Shining Light","floor":4,"gold_loss":0,"cards_upgraded":["Bash","Strike_R"]},{"damage_healed":0,"gold_gain":0,"player_choice":"Take Wound","damage_taken":0,"relics_obtained":["Golden Idol"],"max_hp_gain":0,"max_hp_loss":0,"event_name":"Golden Idol","floor":5,"gold_loss":0,"cards_obtained":["Injury"]},{"damage_healed":0,"gold_gain":0,"player_choice":"Joined the Cult","damage_taken":6,"max_hp_gain":0,"max_hp_loss":0,"event_name":"Nest","floor":19,"gold_loss":0,"cards_obtained":["RitualDagger"]},{"damage_healed":0,"gold_gain":0,"player_choice":"Fought Bandits","damage_taken":0,"max_hp_gain":0,"max_hp_loss":0,"event_name":"Masked Bandits","floor":30,"gold_loss":0}],"is_beta":false,"boss_relics":[{"not_picked":["Empty Cage","Fusion Hammer"],"picked":"Lizard Tail"}],"items_purged_floors":[3,21],"is_endless":false,"potions_floor_spawned":[10,14,16,27,28,30,31],"killed_by":"Collector","ascension_level":4}