{"gold_per_floor":[118,118,44,44,44,82,98,98,98,21,21,35,75,75,75,206,206,222,241,241,262,362,362],"floor_reached":23,"playtime":1372,"items_purged":[],"score":355,"play_id":"42d42bd8-b6fc-4869-8390-e66d84046bef","local_time":"20190502144154","is_ascension_mode":true,"campfire_choices":[{"data":"Uppercut","floor":8,"key":"SMITH"},{"data":"Spot Weakness","floor":11,"key":"SMITH"},{"data":"Metallicize","floor":15,"key":"SMITH"}],"neow_cost":"NONE","seed_source_timestamp":225131979058900,"circlet_count":0,"master_deck":["AscendersBane","Strike_R","Strike_R","Strike_R","Strike_R","Strike_R","Defend_R","Defend_R","Defend_R","Defend_R","Bash","Burning Pact","Uppercut+1","Spot Weakness+1","Flame Barrier","Metallicize+1","Fiend Fire","Fiend Fire","True Grit","Shrug It Off"],"relics":["Burning Blood","NeowsBlessing","Golden Idol","Omamori","Vajra","Sundial","Meat on the Bone","Black Star"],"potions_floor_usage":[16,16,23,23],"damage_taken":[{"damage":0,"enemies":"Small Slimes","floor":1,"turns":1},{"damage":0,"enemies":"Gremlin Nob","floor":6,"turns":1},{"damage":0,"enemies":"Jaw Worm","floor":7,"turns":1},{"damage":0,"enemies":"Cultist","floor":12,"turns":4},{"damage":23,"enemies":"3 Sentries","floor":13,"turns":10},{"damage":65,"enemies":"Slime Boss","floor":16,"turns":15},{"damage":15,"enemies":"Chosen","floor":18,"turns":5},{"damage":20,"enemies":"Shell Parasite","floor":19,"turns":5},{"damage":16,"enemies":"Cultist and Chosen","floor":21,"turns":5},{"damage":56,"enemies":"Gremlin Leader","floor":23,"turns":5}],"seed_played":"-2021218446618438064","potions_obtained":[{"floor":1,"key":"Regen Potion"},{"floor":13,"key":"Weak Potion"},{"floor":16,"key":"Explosive Potion"},{"floor":18,"key":"Energy Potion"}],"is_trial":false,"path_per_floor":["M","?","$","?","$","E","M","R","T","$","R","M","E","$","R","B",null,"M","M","?","M","?","E"],"character_chosen":"IRONCLAD","items_purchased":["Uppercut","Flame Barrier"],"campfire_rested":0,"item_purchase_floors":[3,10],"current_hp_per_floor":[78,74,74,71,71,74,74,74,74,74,74,74,57,57,57,25,62,53,51,51,53,53,0],"gold":362,"neow_bonus":"THREE_ENEMY_KILL","is_prod":false,"is_daily":false,"chose_seed":false,"campfire_upgraded":3,"win_rate":0,"timestamp":1556800914,"path_taken":["M","?","$","?","?","E","M","R","T","?","R","M","E","$","R","BOSS","M","?","?","M","?","E"],"build_version":"2019-01-23","purchased_purges":0,"victory":false,"max_hp_per_floor":[80,74,74,74,74,74,74,74,74,74,74,74,74,74,74,74,74,74,74,74,74,74,74],"card_choices":[{"not_picked":["Perfected Strike","Sword Boomerang"],"picked":"Burning Pact","floor":1},{"not_picked":["Iron Wave","Perfected Strike"],"picked":"Spot Weakness","floor":6},{"not_picked":["Infernal Blade","Perfected Strike","Twin Strike"],"picked":"SKIP","floor":7},{"not_picked":["Whirlwind","Iron Wave"],"picked":"Metallicize","floor":12},{"not_picked":["Twin Strike","Evolve"],"picked":"Fiend Fire","floor":13},{"not_picked":["Immolate","Brutality"],"picked":"Fiend Fire","floor":16},{"not_picked":["Heavy Blade","Sentinel"],"picked":"True Grit","floor":18},{"not_picked":["Iron Wave","Heavy Blade"],"picked":"Shrug It Off","floor":19},{"not_picked":["Havoc","Anger","Corruption"],"picked":"SKIP","floor":21}],"player_experience":998325,"relics_obtained":[{"floor":6,"key":"Vajra"},{"floor":9,"key":"Sundial"},{"floor":13,"key":"Meat on the Bone"}],"event_choices":[{"damage_healed":0,"gold_gain":0,"player_choice":"Lose Max HP","damage_taken":0,"relics_obtained":["Golden Idol"],"max_hp_gain":0,"max_hp_loss":6,"event_name":"Golden Idol","floor":2,"gold_loss":0},{"damage_healed":0,"gold_gain":0,"player_choice":"Success","damage_taken":3,"relics_obtained":["Omamori"],"max_hp_gain":0,"max_hp_loss":0,"event_name":"Scrap Ooze","floor":4,"gold_loss":0},{"damage_healed":0,"gold_gain":0,"player_choice":"Ignored","damage_taken":0,"max_hp_gain":0,"max_hp_loss":0,"event_name":"Ghosts","floor":20,"gold_loss":0},{"damage_healed":0,"gold_gain":100,"player_choice":"Pray","damage_taken":0,"max_hp_gain":0,"max_hp_loss":0,"event_name":"Golden Shrine","floor":22,"gold_loss":0}],"is_beta":false,"boss_relics":[{"not_picked":["Philosopher\u0027s Stone","Eternal Feather"],"picked":"Black Star"}],"items_purged_floors":[],"is_endless":false,"potions_floor_spawned":[1,13,16,18,19],"killed_by":"Gremlin Leader","ascension_level":12}