{"gold_per_floor":[111,111,130,150,169,202,202,236,236,255,265,65,88,38,38,142,192,206,206,226,141,158,158,8,8,35,51,51,62,62,89,89,186,186,204,221,235,235],"floor_reached":38,"playtime":1852,"items_purged":["Strike_R"],"score":433,"play_id":"72372d05-0bdd-4df6-8a70-de93a0ae6296","local_time":"20181208230953","is_ascension_mode":false,"campfire_choices":[{"data":"Dual Wield","floor":7,"key":"SMITH"},{"data":"Clash","floor":15,"key":"SMITH"},{"data":"Bash","floor":23,"key":"SMITH"},{"data":"Clash","floor":25,"key":"SMITH"},{"floor":32,"key":"REST"}],"neow_cost":"NONE","seed_source_timestamp":0,"circlet_count":0,"master_deck":["Strike_R+1","Strike_R+1","Strike_R+1","Strike_R+1","Defend_R+1","Defend_R+1","Defend_R+1","Bash+1","Dual Wield+1","Clash+1","Clash+1","Disarm","Feed","Backstab","Gash+1","Necronomicurse","Inflame","Double Energy+1","Machine Learning","Acrobatics+1","Hologram+1"],"special_seed":0,"relics":["Burning Blood","Pen Nib","Orichalcum","Nunchaku","Meat on the Bone","PrismaticShard","Odd Mushroom","Tiny House","Necronomicon","Bird Faced Urn","Ancient Tea Set","Toxic Egg 2","Sozu"],"potions_floor_usage":[16,16,18,31,31,33,38],"damage_taken":[{"damage":5.0,"enemies":"Small Slimes","floor":1.0,"turns":4.0},{"damage":4.0,"enemies":"Cultist","floor":3.0,"turns":4.0},{"damage":7,"enemies":"2 Louse","floor":4,"turns":4},{"damage":5,"enemies":"Looter","floor":5,"turns":2},{"damage":13,"enemies":"Lagavulin","floor":6,"turns":5},{"damage":28,"enemies":"3 Sentries","floor":8,"turns":9},{"damage":6,"enemies":"Large Slime","floor":10,"turns":4},{"damage":5,"enemies":"Exordium Wildlife","floor":11,"turns":2},{"damage":4,"enemies":"The Mushroom Lair","floor":13,"turns":3},{"damage":22,"enemies":"The Guardian","floor":16,"turns":8},{"damage":5,"enemies":"Shell Parasite","floor":18,"turns":3},{"damage":2,"enemies":"Chosen","floor":20,"turns":4},{"damage":3,"enemies":"Centurion and Healer","floor":22,"turns":4},{"damage":17,"enemies":"Sentry and Sphere","floor":27,"turns":5},{"damage":25,"enemies":"Chosen and Byrds","floor":29,"turns":6},{"damage":33,"enemies":"Slavers","floor":31,"turns":6},{"damage":63,"enemies":"Automaton","floor":33,"turns":8},{"damage":6,"enemies":"3 Shapes","floor":35,"turns":5},{"damage":19,"enemies":"3 Darklings","floor":36,"turns":4},{"damage":24,"enemies":"Sphere and 2 Shapes","floor":37,"turns":4},{"damage":94,"enemies":"2 Orb Walkers","floor":38,"turns":4}],"seed_played":"-4084007545647181880","potions_obtained":[{"floor":4,"key":"SteroidPotion"},{"floor":8,"key":"Poison Potion"},{"floor":10,"key":"Poison Potion"},{"floor":16,"key":"Weak Potion"},{"floor":17,"key":"Energy Potion"},{"floor":31,"key":"SkillPotion"},{"floor":33,"key":"EssenceOfSteel"}],"is_trial":false,"path_per_floor":["M","?","M","M","M","M","E","R","E","T","M","M","$","?","?","R","B",null,"M","?","M","?","M","R","$","R","T","M","?","M","$","E","R","B",null,"M","M","M","?"],"character_chosen":"IRONCLAD","items_purchased":["PrismaticShard","Inflame"],"campfire_rested":1,"item_purchase_floors":[12,24],"current_hp_per_floor":[80,80,80,79,80,73,73,51,51,51,52,52,54,54,54,50,85,88,72,76,76,79,79,79,79,79,70,70,53,53,40,66,28,91,94,84,71,0],"gold":235,"neow_bonus":"ONE_RANDOM_RARE_CARD","is_prod":false,"is_daily":false,"chose_seed":false,"campfire_upgraded":4,"win_rate":0,"timestamp":1544328593,"path_taken":["M","?","M","?","M","E","R","E","T","M","M","$","?","?","R","BOSS","M","?","M","?","M","R","?","R","T","M","?","M","$","E","R","BOSS","M","M","M","?"],"build_version":"2018-12-06","purchased_purges":1,"victory":false,"max_hp_per_floor":[80,80,80,80,80,80,80,80,80,80,80,80,80,80,80,80,85,88,88,88,88,88,88,88,88,88,88,88,88,88,88,88,91,91,94,97,100,100],"card_choices":[{"not_picked":["Havoc","Twin Strike"],"picked":"Dual Wield","floor":1.0},{"not_picked":["Warcry","Hemokinesis","Infernal Blade"],"picked":"SKIP","floor":3},{"not_picked":["Headbutt","Warcry"],"picked":"Clash","floor":4},{"not_picked":["Evolve","Fire Breathing"],"picked":"Clash","floor":5},{"not_picked":["True Grit","Iron Wave","Clash"],"picked":"SKIP","floor":6},{"not_picked":["Sword Boomerang","Body Slam","Wild Strike"],"picked":"SKIP","floor":8},{"not_picked":["Fiend Fire","Sword Boomerang"],"picked":"Disarm","floor":10},{"not_picked":["Thunderclap","Havoc","Sever Soul"],"picked":"SKIP","floor":11},{"not_picked":["Limit Break","Magnetism"],"picked":"Feed","floor":16},{"not_picked":["Blood for Blood","Twin Strike"],"picked":"Backstab","floor":17},{"not_picked":["Consume+1","Gash"],"picked":"Gash+1","floor":18},{"not_picked":["Sever Soul+1","Infernal Blade+1","Cloak And Dagger"],"picked":"SKIP","floor":20},{"not_picked":["Body Slam+1","Havoc","Enlightenment+1"],"picked":"SKIP","floor":22},{"not_picked":["Havoc","Sever Soul","Ball Lightning+1"],"picked":"SKIP","floor":27},{"not_picked":["Redo","Acrobatics"],"picked":"Double Energy+1","floor":29},{"not_picked":["Coolheaded","Cloak And Dagger","Outmaneuver"],"picked":"SKIP","floor":31},{"not_picked":["Fission+1","Secret Technique+1"],"picked":"Machine Learning","floor":33},{"not_picked":["Thunderclap","Tactician+1"],"picked":"Acrobatics+1","floor":35},{"not_picked":["Good Instincts+1","Rebound+1","Hello World+1"],"picked":"SKIP","floor":36},{"not_picked":["Deadly Poison+1","Sweeping Beam+1"],"picked":"Hologram+1","floor":37}],"player_experience":348149,"relics_obtained":[{"floor":6,"key":"Orichalcum"},{"floor":8,"key":"Nunchaku"},{"floor":9,"key":"Meat on the Bone"},{"floor":13,"key":"Odd Mushroom"},{"floor":19,"key":"Necronomicon"},{"floor":26,"key":"Ancient Tea Set"},{"floor":31,"key":"Toxic Egg 2"}],"event_choices":[{"cards_removed":["Double Tap"],"damage_healed":0.0,"max_hp_gain":0.0,"max_hp_loss":0.0,"gold_gain":0.0,"event_name":"WeMeetAgain","player_choice":"Gave Card","floor":2.0,"gold_loss":0.0,"damage_taken":0.0,"relics_obtained":["Pen Nib"]},{"damage_healed":0,"gold_gain":0,"player_choice":"Fought Mushrooms","damage_taken":0,"max_hp_gain":0,"max_hp_loss":0,"event_name":"Mushrooms","floor":13,"gold_loss":0},{"cards_removed":["Defend_R"],"damage_healed":0,"gold_gain":0,"player_choice":"Card Removal","damage_taken":0,"max_hp_gain":0,"max_hp_loss":0,"event_name":"The Cleric","floor":14,"gold_loss":50},{"damage_healed":0,"gold_gain":0,"player_choice":"Obtained Book","damage_taken":16,"max_hp_gain":0,"max_hp_loss":0,"event_name":"Cursed Tome","floor":19,"gold_loss":0},{"damage_healed":0,"gold_gain":0,"player_choice":"Obtained Relic","damage_taken":0,"relics_obtained":["Bird Faced Urn"],"max_hp_gain":0,"max_hp_loss":0,"event_name":"Addict","floor":21,"gold_loss":85},{"damage_healed":0,"gold_gain":0,"player_choice":"Simplicity","damage_taken":0,"max_hp_gain":0,"max_hp_loss":0,"event_name":"Back to Basics","floor":28,"gold_loss":0,"cards_upgraded":["Strike_R","Strike_R","Strike_R","Defend_R","Defend_R","Defend_R"]},{"damage_healed":0,"gold_gain":0,"player_choice":"Fight","damage_taken":0,"max_hp_gain":0,"max_hp_loss":0,"event_name":"Mysterious Sphere","floor":38,"gold_loss":0}],"is_beta":false,"boss_relics":[{"not_picked":["Lizard Tail","Velvet Choker"],"picked":"Tiny House"},{"not_picked":["Snecko Eye","Runic Cube"],"picked":"Sozu"}],"items_purged_floors":[24],"is_endless":false,"potions_floor_spawned":[4,8,10,11,16,31,33,37],"killed_by":"2 Orb Walkers","ascension_level":0}