{"gold_per_floor":[110,123,123,134,153,178,198,212,212,162,197,197,122,139,139,236,236,255,272,286,306,306],"floor_reached":22,"playtime":933,"items_purged":["Defend_R"],"score":222,"play_id":"b4080395-98ec-448f-9baa-d0621e0d9dba","local_time":"20190409121127","is_ascension_mode":true,"campfire_choices":[{"data":"Pommel Strike","floor":12,"key":"SMITH"},{"data":"Pommel Strike","floor":15,"key":"SMITH"}],"neow_cost":"NONE","seed_source_timestamp":1564403225480100,"circlet_count":0,"master_deck":["Strike_R","Strike_R","Strike_R","Strike_R","Strike_R","Defend_R+1","Defend_R+1","Bash","Anger","Pommel Strike+1","Regret","Thunderclap","Dual Wield","Headbutt","Clash","Rampage","Fiend Fire","Pommel Strike+1","Limit Break","Armaments+1","Perfected Strike","Pummel"],"relics":["Burning Blood","Red Skull","Lantern","War Paint","Centennial Puzzle","Black Star"],"potions_floor_usage":[16,16,16,22,22],"damage_taken":[{"damage":7,"enemies":"Jaw Worm","floor":1,"turns":3},{"damage":4,"enemies":"Small Slimes","floor":2,"turns":3},{"damage":3,"enemies":"Cultist","floor":4,"turns":3},{"damage":1,"enemies":"2 Fungi Beasts","floor":5,"turns":2},{"damage":33,"enemies":"Lagavulin","floor":6,"turns":5},{"damage":13,"enemies":"Exordium Thugs","floor":7,"turns":3},{"damage":0,"enemies":"Looter","floor":8,"turns":1},{"damage":14,"enemies":"3 Sentries","floor":11,"turns":5},{"damage":0,"enemies":"3 Louse","floor":14,"turns":2},{"damage":52,"enemies":"The Guardian","floor":16,"turns":5},{"damage":14,"enemies":"Shell Parasite","floor":18,"turns":2},{"damage":45,"enemies":"2 Thieves","floor":19,"turns":4},{"damage":27,"enemies":"Snake Plant","floor":20,"turns":3},{"damage":10,"enemies":"Snecko","floor":21,"turns":3},{"damage":0,"enemies":"Centurion and Healer","floor":22,"turns":3}],"seed_played":"-3738132767306889628","potions_obtained":[{"floor":1,"key":"Energy Potion"},{"floor":2,"key":"Fire Potion"},{"floor":5,"key":"Regen Potion"},{"floor":16,"key":"Swift Potion"},{"floor":18,"key":"Poison Potion"},{"floor":20,"key":"SkillPotion"}],"is_trial":false,"path_per_floor":["M","M","?","M","M","E","M","M","T","?","E","R","$","M","R","B",null,"M","M","M","M","M"],"character_chosen":"IRONCLAD","items_purchased":[],"campfire_rested":0,"item_purchase_floors":[],"current_hp_per_floor":[79,80,80,80,80,53,46,52,52,52,44,44,44,50,50,9,80,72,33,12,8,8],"gold":306,"neow_bonus":"RANDOM_COMMON_RELIC","is_prod":false,"is_daily":false,"chose_seed":false,"campfire_upgraded":2,"win_rate":0,"timestamp":1554804687,"path_taken":["M","M","?","M","M","E","M","M","T","?","E","R","?","M","R","BOSS","M","M","M","M","M"],"build_version":"2019-01-23","purchased_purges":1,"victory":false,"max_hp_per_floor":[80,80,80,80,80,80,80,80,80,80,80,80,80,80,80,80,80,80,80,80,80,80],"card_choices":[{"not_picked":["Burning Pact","Flex"],"picked":"Anger","floor":1},{"not_picked":["Flex","Combust"],"picked":"Pommel Strike","floor":2},{"not_picked":["Body Slam","Entrench"],"picked":"Thunderclap","floor":4},{"not_picked":["Bludgeon","Body Slam"],"picked":"Dual Wield","floor":5},{"not_picked":["Double Tap","Cleave"],"picked":"Headbutt","floor":6},{"not_picked":["Warcry","Perfected Strike"],"picked":"Clash","floor":7},{"not_picked":["Sever Soul","Perfected Strike"],"picked":"Rampage","floor":8},{"not_picked":["Seeing Red","Anger"],"picked":"Fiend Fire","floor":11},{"not_picked":["Havoc","Heavy Blade"],"picked":"Pommel Strike","floor":14},{"not_picked":["Exhume","Fiend Fire"],"picked":"Limit Break","floor":16},{"not_picked":["Power Through","Fire Breathing","True Grit+1"],"picked":"SKIP","floor":18},{"not_picked":["Shockwave","Sentinel"],"picked":"Armaments+1","floor":19},{"not_picked":["True Grit","Thunderclap"],"picked":"Perfected Strike","floor":20},{"not_picked":["Fire Breathing+1","Rampage"],"picked":"Pummel","floor":21}],"player_experience":298561,"relics_obtained":[{"floor":6,"key":"War Paint"},{"floor":11,"key":"Centennial Puzzle"}],"event_choices":[{"damage_healed":0,"gold_gain":0,"player_choice":"Box","damage_taken":0,"relics_obtained":["Lantern"],"max_hp_gain":0,"max_hp_loss":0,"event_name":"Big Fish","floor":3,"gold_loss":0,"cards_obtained":["Regret"]},{"cards_removed":["Defend_R"],"damage_healed":0,"gold_gain":0,"player_choice":"Card Removal","damage_taken":0,"max_hp_gain":0,"max_hp_loss":0,"event_name":"The Cleric","floor":10,"gold_loss":50}],"is_beta":false,"boss_relics":[{"not_picked":["Black Blood","Ectoplasm"],"picked":"Black Star"}],"items_purged_floors":[13],"is_endless":false,"potions_floor_spawned":[1,2,5,16,18,20],"killed_by":"Centurion and Healer","ascension_level":2}