{"gold_per_floor":[118,118,138,138,157,187,201,201,201,13,13,13,26,42,42,144,144,157,168,93,112,122,122],"floor_reached":23,"playtime":1334,"items_purged":["Strike_G"],"score":224,"play_id":"e5c64b77-b990-4a5e-9935-bb1777c9138e","local_time":"20190416104126","is_ascension_mode":true,"campfire_choices":[{"data":"Backflip","floor":11,"key":"SMITH"},{"data":"Crippling Poison","floor":12,"key":"SMITH"},{"floor":15,"key":"REST"}],"neow_cost":"NONE","seed_source_timestamp":561830227122599,"circlet_count":0,"master_deck":["Defend_G","Defend_G","Defend_G","Defend_G","Defend_G","Survivor","Neutralize","Backflip+1","Crippling Poison+1","Poisoned Stab","Escape Plan","Footwork+1","Distraction","Noxious Fumes+1","Wraith Form v2+1","Corpse Explosion","Dodge and Roll","Crippling Poison+1","Calculated Gamble"],"relics":["Ring of the Snake","NeowsBlessing","Frozen Egg 2","WingedGreaves","Unceasing Top","Empty Cage"],"potions_floor_usage":[6,18,23,23],"damage_taken":[{"damage":0,"enemies":"Small Slimes","floor":1,"turns":1},{"damage":0,"enemies":"Cultist","floor":3,"turns":1},{"damage":0,"enemies":"Jaw Worm","floor":5,"turns":1},{"damage":28,"enemies":"3 Sentries","floor":6,"turns":13},{"damage":15,"enemies":"Exordium Thugs","floor":7,"turns":5},{"damage":11,"enemies":"Lots of Slimes","floor":13,"turns":3},{"damage":12,"enemies":"Large Slime","floor":14,"turns":7},{"damage":12,"enemies":"Hexaghost","floor":16,"turns":8},{"damage":16,"enemies":"2 Thieves","floor":18,"turns":3},{"damage":2,"enemies":"Spheric Guardian","floor":19,"turns":6},{"damage":7,"enemies":"Chosen and Byrds","floor":21,"turns":6},{"damage":10,"enemies":"Snake Plant","floor":22,"turns":6},{"damage":35,"enemies":"Gremlin Leader","floor":23,"turns":7}],"seed_played":"5565523916010154753","potions_obtained":[{"floor":5,"key":"AttackPotion"},{"floor":6,"key":"EssenceOfSteel"},{"floor":16,"key":"AttackPotion"},{"floor":21,"key":"Swift Potion"},{"floor":22,"key":"GamblersBrew"}],"is_trial":false,"path_per_floor":["M","?","M","$","M","E","M","?","T","$","R","R","M","M","R","B",null,"M","M","?","M","M","E"],"character_chosen":"THE_SILENT","items_purchased":["Footwork+1","Distraction"],"campfire_rested":1,"item_purchase_floors":[10,10],"current_hp_per_floor":[70,70,70,70,70,42,27,27,27,27,27,27,16,4,25,13,70,54,52,52,45,35,0],"gold":122,"neow_bonus":"THREE_ENEMY_KILL","is_prod":false,"is_daily":false,"chose_seed":false,"campfire_upgraded":2,"win_rate":0,"timestamp":1555404086,"path_taken":["M","?","?","$","M","E","?","?","T","?","R","R","M","?","R","BOSS","M","M","?","M","M","E"],"build_version":"2019-01-23","purchased_purges":1,"victory":false,"max_hp_per_floor":[70,70,70,70,70,70,70,70,70,70,70,70,70,70,70,70,70,70,70,70,70,70,70],"card_choices":[{"not_picked":["Terror","Endless Agony"],"picked":"Backflip","floor":1},{"not_picked":["Backstab","Riddle With Holes"],"picked":"Crippling Poison","floor":3},{"not_picked":["Distraction","Bane"],"picked":"Poisoned Stab","floor":5},{"not_picked":["Blade Dance","Slice"],"picked":"Escape Plan","floor":6},{"not_picked":["Expertise","PiercingWail"],"picked":"Dagger Throw","floor":7},{"not_picked":["PiercingWail","Poisoned Stab"],"picked":"Noxious Fumes+1","floor":13},{"not_picked":["Poisoned Stab","Accuracy+1"],"picked":"Wraith Form v2+1","floor":14},{"not_picked":["Tools of the Trade+1","A Thousand Cuts+1"],"picked":"Corpse Explosion","floor":16},{"not_picked":["Flying Knee","Crippling Poison"],"picked":"Dodge and Roll","floor":18},{"not_picked":["Outmaneuver","Expertise","Eviscerate"],"picked":"SKIP","floor":19},{"not_picked":["PiercingWail","Calculated Gamble+1"],"picked":"Crippling Poison+1","floor":21},{"not_picked":["Prepared+1","All Out Attack"],"picked":"Calculated Gamble","floor":22}],"player_experience":489743,"relics_obtained":[{"floor":6,"key":"Frozen Egg 2"},{"floor":9,"key":"Unceasing Top"}],"event_choices":[{"cards_removed":["Strike_G"],"damage_healed":0,"gold_gain":0,"player_choice":"Offered Basic","damage_taken":0,"max_hp_gain":0,"max_hp_loss":0,"event_name":"Bonfire Elementals","floor":2,"gold_loss":0},{"cards_removed":["Dagger Throw"],"damage_healed":0,"gold_gain":0,"player_choice":"Gave Card","damage_taken":0,"relics_obtained":["WingedGreaves"],"max_hp_gain":0,"max_hp_loss":0,"event_name":"WeMeetAgain","floor":8,"gold_loss":0},{"cards_removed":["Strike_G"],"damage_healed":0,"gold_gain":0,"player_choice":"Gave Gold","damage_taken":0,"max_hp_gain":0,"max_hp_loss":0,"event_name":"Beggar","floor":20,"gold_loss":75}],"is_beta":false,"boss_relics":[{"not_picked":["Fusion Hammer","Lizard Tail"],"picked":"Empty Cage"}],"items_purged_floors":[10],"is_endless":false,"potions_floor_spawned":[5,6,16,21,22],"killed_by":"Gremlin Leader","ascension_level":3}