{"gold_per_floor":[114,124,140,23,0,26,26,26,49,49,65,100,168,218,218,318,318,336,296,363,129,144,144,194,194,194,256,256,270,91,104,104,203,203,220,230,70,120,131,131],"floor_reached":40,"playtime":3991,"items_purged":["Defend_G","Strike_G","Strike_G"],"score":517,"play_id":"c2a41871-4209-4017-a31d-f19c709c9b74","local_time":"20190430133801","is_ascension_mode":true,"campfire_choices":[{"data":"Dagger Spray","floor":7.0,"key":"SMITH"},{"data":"Neutralize","floor":10.0,"key":"SMITH"},{"data":"Dagger Spray","floor":15.0,"key":"SMITH"},{"floor":23,"key":"REST"},{"floor":25,"key":"REST"},{"floor":28,"key":"REST"},{"data":"Footwork","floor":32,"key":"SMITH"}],"neow_cost":"NONE","seed_source_timestamp":0,"circlet_count":0,"master_deck":["Defend_G","Defend_G","Defend_G+1","Defend_G","Strike_G","Survivor","Neutralize+1","Caltrops","Deadly Poison","Dodge and Roll","Well Laid Plans","Dagger Spray+1","Leg Sweep","Backflip","Dagger Spray+1","Corpse Explosion","Deadly Poison","Poisoned Stab","Backflip","Poisoned Stab","Footwork+1","Bullet Time","Sucker Punch+1","PiercingWail+1","Infinite Blades+1","Backstab+1","Caltrops","Mayhem"],"special_seed":0,"relics":["Ring of the Snake","NeowsBlessing","Lantern","SsserpentHead","Snake Skull","Letter Opener","Lizard Tail","Medical Kit","Ice Cream","Dead Branch","Astrolabe"],"potions_floor_usage":[27,31,33,36,39,39],"damage_taken":[{"damage":0.0,"enemies":"Cultist","floor":1.0,"turns":1.0},{"damage":0.0,"enemies":"Jaw Worm","floor":2.0,"turns":1.0},{"damage":0.0,"enemies":"2 Louse","floor":3.0,"turns":1.0},{"damage":6.0,"enemies":"3 Sentries","floor":6.0,"turns":10.0},{"damage":0.0,"enemies":"Red Slaver","floor":11.0,"turns":4.0},{"damage":4.0,"enemies":"Lagavulin","floor":12.0,"turns":7.0},{"damage":1.0,"enemies":"Exordium Wildlife","floor":13.0,"turns":5.0},{"damage":63.0,"enemies":"Slime Boss","floor":16.0,"turns":12.0},{"damage":3.0,"enemies":"3 Byrds","floor":18.0,"turns":3.0},{"damage":25.0,"enemies":"2 Thieves","floor":20.0,"turns":4.0},{"damage":14,"enemies":"Snecko","floor":22,"turns":5},{"damage":14,"enemies":"Snake Plant","floor":27,"turns":5},{"damage":13,"enemies":"Centurion and Healer","floor":29,"turns":5},{"damage":9,"enemies":"Chosen and Byrds","floor":31,"turns":8},{"damage":51,"enemies":"Champ","floor":33,"turns":16},{"damage":14,"enemies":"3 Shapes","floor":35,"turns":5},{"damage":0,"enemies":"Orb Walker","floor":36,"turns":3},{"damage":18,"enemies":"Spire Growth","floor":39,"turns":7},{"damage":39,"enemies":"Nemesis","floor":40,"turns":4}],"seed_played":"42061352123555545","potions_obtained":[{"floor":1.0,"key":"Dexterity Potion"},{"floor":3.0,"key":"Poison Potion"},{"floor":11.0,"key":"Poison Potion"},{"floor":16.0,"key":"EssenceOfSteel"},{"floor":18.0,"key":"FairyPotion"},{"floor":20.0,"key":"Swift Potion"},{"floor":29,"key":"Strength Potion"},{"floor":31,"key":"Dexterity Potion"},{"floor":33,"key":"FearPotion"},{"floor":35,"key":"PowerPotion"}],"is_trial":false,"path_per_floor":["M","M","M","$","?","E","R","?","T","R","M","E","M","?","R","B",null,"M","?","M","$","M","R","?","R","T","M","R","M","$","M","R","B",null,"M","M","$","?","M","E"],"character_chosen":"THE_SILENT","items_purchased":["Well Laid Plans","Dagger Spray","Medical Kit","Footwork","Caltrops"],"campfire_rested":3,"item_purchase_floors":[4,4,21,30,37],"current_hp_per_floor":[63,63,63,63,63,57,57,57,57,57,57,53,52,69,69,6,54,51,51,26,26,12,32,32,52,52,38,58,45,45,36,36,33,59,45,45,45,45,27,0],"gold":131,"neow_bonus":"THREE_ENEMY_KILL","is_prod":false,"is_daily":false,"chose_seed":false,"campfire_upgraded":4,"win_rate":0,"timestamp":1556624281,"path_taken":["M","?","M","$","?","E","R","?","T","R","M","E","?","?","R","BOSS","M","?","?","?","M","R","?","R","T","?","R","M","$","M","R","BOSS","M","M","$","?","M","E"],"build_version":"2019-01-23","purchased_purges":3,"victory":false,"max_hp_per_floor":[70,70,70,70,70,70,70,70,70,70,70,70,70,70,70,70,70,70,67,67,67,67,67,67,67,67,67,67,67,67,67,67,67,67,67,67,67,67,67,67],"card_choices":[{"not_picked":["Dash","Slice"],"picked":"Caltrops","floor":1.0},{"not_picked":["Prepared","Blade Dance"],"picked":"Deadly Poison","floor":2.0},{"not_picked":["Calculated Gamble","Sucker Punch"],"picked":"Dodge and Roll","floor":3.0},{"not_picked":["Eviscerate","Outmaneuver","Dodge and Roll"],"picked":"SKIP","floor":6.0},{"not_picked":["Blur","Prepared"],"picked":"Leg Sweep","floor":11.0},{"not_picked":["Blur","Glass Knife"],"picked":"Backflip","floor":12.0},{"not_picked":["Slice","Underhanded Strike"],"picked":"Dagger Spray","floor":13.0},{"not_picked":["Phantasmal Killer","Grand Finale"],"picked":"Corpse Explosion","floor":16.0},{"not_picked":["PiercingWail","Deflect+1"],"picked":"Deadly Poison","floor":18.0},{"not_picked":["Bane","Reflex"],"picked":"Poisoned Stab","floor":20.0},{"not_picked":["Flechettes+1","Dagger Spray"],"picked":"Backflip","floor":22},{"not_picked":["Deadly Poison","Choke","Blade Dance+1"],"picked":"SKIP","floor":27},{"not_picked":["Sucker Punch","Tactician"],"picked":"Poisoned Stab","floor":29},{"not_picked":["Deflect","Quick Slash"],"picked":"Bullet Time","floor":31},{"not_picked":["Corpse Explosion","Wraith Form v2"],"picked":"Glass Knife","floor":33},{"not_picked":["Deadly Poison+1","PiercingWail"],"picked":"Backstab+1","floor":35},{"not_picked":["Quick Slash+1","Dagger Throw","Bane+1"],"picked":"SKIP","floor":36},{"not_picked":["Impatience","Jack Of All Trades"],"picked":"Mayhem","floor":38},{"not_picked":["Tactician","Outmaneuver+1","Distraction"],"picked":"SKIP","floor":39}],"player_experience":368880,"relics_obtained":[{"floor":6.0,"key":"Lantern"},{"floor":9.0,"key":"Snake Skull"},{"floor":12.0,"key":"Letter Opener"},{"floor":26,"key":"Dead Branch"}],"event_choices":[{"damage_healed":0.0,"max_hp_gain":0.0,"max_hp_loss":0.0,"gold_gain":0.0,"event_name":"World of Goop","player_choice":"Left Gold","floor":5.0,"gold_loss":23.0,"damage_taken":0.0},{"damage_healed":0.0,"max_hp_gain":0.0,"max_hp_loss":0.0,"gold_gain":0.0,"event_name":"FaceTrader","player_choice":"Trade","floor":8.0,"gold_loss":0.0,"damage_taken":0.0,"relics_obtained":["SsserpentHead"]},{"damage_healed":17.0,"max_hp_gain":0.0,"max_hp_loss":0.0,"gold_gain":0.0,"event_name":"Mushrooms","player_choice":"Healed and dodged fight","floor":14.0,"gold_loss":0.0,"damage_taken":0.0,"cards_obtained":["Parasite"]},{"cards_removed":["Parasite"],"damage_healed":0.0,"max_hp_gain":0.0,"max_hp_loss":0.0,"gold_gain":0.0,"event_name":"Designer","player_choice":"Upgrade and Remove","floor":19.0,"gold_loss":90.0,"damage_taken":0.0,"cards_upgraded":["Defend_G"]},{"damage_healed":0,"gold_gain":0,"player_choice":"Gave Potion","damage_taken":0,"relics_obtained":["Ice Cream"],"max_hp_gain":0,"max_hp_loss":0,"event_name":"WeMeetAgain","floor":24,"gold_loss":0},{"damage_healed":0,"gold_gain":0,"player_choice":"Memory 1","damage_taken":0,"max_hp_gain":0,"max_hp_loss":0,"event_name":"SensoryStone","floor":38,"gold_loss":0}],"is_beta":false,"boss_relics":[{"not_picked":["Busted Crown","HoveringKite"],"picked":"Lizard Tail"},{"not_picked":["Coffee Dripper","Cursed Key"],"picked":"Astrolabe"}],"items_purged_floors":[21,30,37],"is_endless":false,"potions_floor_spawned":[1,3,11,16,18,20,29,31,33,35],"killed_by":"Nemesis","ascension_level":6}