{"gold_per_floor":[116,130,130,130,142,167,167,186,186,196,221,146,166,195,195,298,298,310,310,310,225,225,253,265,291,291,291,291,94,158,172,172,276,276,293,293,114,131,149,176,176,195,195,223,223,250,45,63,63,63],"floor_reached":50,"playtime":3782,"items_purged":["Strike_R","Strike_R","Strike_R"],"score":688,"play_id":"62e056ad-ff71-4707-a6e4-df3c663969b4","local_time":"20190402201643","is_ascension_mode":true,"campfire_choices":[{"data":"Shockwave","floor":7.0,"key":"SMITH"},{"data":"Disarm","floor":15.0,"key":"SMITH"},{"data":"Fiend Fire","floor":32.0,"key":"SMITH"},{"floor":45,"key":"REST"},{"data":"Demon Form","floor":49,"key":"SMITH"}],"neow_cost":"CURSE","seed_source_timestamp":0,"circlet_count":0,"master_deck":["Strike_R","Defend_R+1","Defend_R+1","Defend_R","Defend_R+1","Bash","Uppercut","Shockwave+1","Cleave","Thunderclap","Shrug It Off","Disarm+1","Inflame","Fiend Fire+1","Reaper","Disarm+1","Spot Weakness+1","Intimidate+1","Pommel Strike+1","Flame Barrier+1","Armaments+1","Sword Boomerang","Twin Strike+1","Disarm+1","Battle Trance","Disarm+1","Demon Form+1","Whirlwind+1","Pummel","Double Tap","Pummel"],"special_seed":0,"relics":["Burning Blood","Meat on the Bone","Turnip","Prayer Wheel","Boot","Velvet Choker","Bronze Scales","Enchiridion","Gremlin Horn","Lantern","Champion Belt","Medical Kit","Tiny Chest","Eternal Feather","Bottled Flame","Mercury Hourglass","War Paint","Gambling Chip","Potion Belt"],"potions_floor_usage":[39,50],"damage_taken":[{"damage":9.0,"enemies":"2 Louse","floor":1.0,"turns":3.0},{"damage":0.0,"enemies":"Small Slimes","floor":2.0,"turns":3.0},{"damage":0.0,"enemies":"Jaw Worm","floor":5.0,"turns":4.0},{"damage":14.0,"enemies":"3 Sentries","floor":6.0,"turns":10.0},{"damage":5.0,"enemies":"Exordium Thugs","floor":8.0,"turns":5.0},{"damage":4.0,"enemies":"Large Slime","floor":10.0,"turns":4.0},{"damage":10.0,"enemies":"Lagavulin","floor":11.0,"turns":5.0},{"damage":10.0,"enemies":"2 Fungi Beasts","floor":13.0,"turns":3.0},{"damage":13.0,"enemies":"3 Sentries","floor":14.0,"turns":5.0},{"damage":31.0,"enemies":"Hexaghost","floor":16.0,"turns":13.0},{"damage":14.0,"enemies":"Spheric Guardian","floor":18.0,"turns":5.0},{"damage":24.0,"enemies":"Gremlin Leader","floor":23.0,"turns":6.0},{"damage":9.0,"enemies":"Shell Parasite","floor":24.0,"turns":7.0},{"damage":4.0,"enemies":"Book of Stabbing","floor":25.0,"turns":5.0},{"damage":6.0,"enemies":"Gremlin Leader","floor":30.0,"turns":5.0},{"damage":0.0,"enemies":"Cultist and Chosen","floor":31.0,"turns":5.0},{"damage":29,"enemies":"Automaton","floor":33,"turns":8},{"damage":14,"enemies":"3 Darklings","floor":35,"turns":5},{"damage":9,"enemies":"3 Shapes","floor":38,"turns":3},{"damage":37,"enemies":"Transient","floor":39,"turns":5},{"damage":8,"enemies":"Reptomancer","floor":40,"turns":6},{"damage":15,"enemies":"3 Darklings","floor":42,"turns":5},{"damage":70,"enemies":"Giant Head","floor":44,"turns":10},{"damage":18,"enemies":"Reptomancer","floor":46,"turns":6},{"damage":11,"enemies":"4 Shapes","floor":48,"turns":1},{"damage":108,"enemies":"Donu and Deca","floor":50,"turns":6}],"seed_played":"-4038466659421324732","potions_obtained":[{"floor":1.0,"key":"Fire Potion"},{"floor":8.0,"key":"AttackPotion"},{"floor":10.0,"key":"Poison Potion"},{"floor":11.0,"key":"FairyPotion"},{"floor":16.0,"key":"SpeedPotion"},{"floor":25.0,"key":"Dexterity Potion"},{"floor":30.0,"key":"Fire Potion"},{"floor":35,"key":"Ancient Potion"},{"floor":40,"key":"SpeedPotion"},{"floor":46,"key":"FearPotion"}],"is_trial":false,"path_per_floor":["M","M","?","?","M","E","R","M","T","M","E","$","M","E","R","B",null,"M","?","?","?","?","E","M","E","T","$","?","$","E","M","R","B",null,"M","?","$","M","M","E","T","M","T","E","R","E","$","M","R","B"],"character_chosen":"IRONCLAD","items_purchased":["Medical Kit","Battle Trance","Pummel"],"campfire_rested":1,"item_purchase_floors":[29,37,47],"current_hp_per_floor":[93,96,96,77,83,75,75,76,76,78,74,74,70,63,63,50,96,89,89,89,89,73,73,76,91,91,91,91,91,96,96,96,73,96,88,88,88,85,60,58,58,61,61,27,73,61,61,56,74,0],"gold":63,"neow_bonus":"TWENTY_PERCENT_HP_BONUS","is_prod":false,"is_daily":false,"chose_seed":false,"campfire_upgraded":4,"win_rate":0,"timestamp":1554232603,"path_taken":["M","M","?","?","?","E","R","M","T","M","E","$","M","E","R","BOSS","M","?","?","?","?","E","?","E","T","$","?","$","E","M","R","BOSS","M","?","$","M","M","E","?","M","T","E","R","E","$","M","R","BOSS"],"build_version":"2019-01-23","purchased_purges":3,"victory":false,"max_hp_per_floor":[96,96,96,96,96,96,96,96,96,96,96,96,96,96,96,96,96,96,96,96,96,96,96,96,96,96,96,96,96,96,96,96,96,96,96,96,96,96,96,96,96,96,96,96,96,96,96,96,96,96],"card_choices":[{"not_picked":["Perfected Strike","Dual Wield","Body Slam"],"picked":"SKIP","floor":1.0},{"not_picked":["Perfected Strike","Wild Strike"],"picked":"Uppercut","floor":2.0},{"not_picked":["Perfected Strike","Heavy Blade","Flex"],"picked":"SKIP","floor":5.0},{"not_picked":["Perfected Strike","Body Slam"],"picked":"Shockwave","floor":6.0},{"not_picked":["Havoc","Limit Break"],"picked":"Cleave","floor":8.0},{"not_picked":["Twin Strike","Power Through"],"picked":"Thunderclap","floor":10.0},{"not_picked":["Rage","Pommel Strike"],"picked":"Shrug It Off","floor":11.0},{"not_picked":["Pommel Strike","Clash"],"picked":"Disarm","floor":13.0},{"not_picked":["Rupture","Twin Strike"],"picked":"Inflame","floor":13.0},{"not_picked":["Twin Strike","Clash"],"picked":"Fiend Fire","floor":14.0},{"not_picked":["Bludgeon","Dark Embrace"],"picked":"Reaper","floor":16.0},{"not_picked":["Body Slam","Perfected Strike+1"],"picked":"Disarm+1","floor":18.0},{"not_picked":["Body Slam+1","Headbutt","Warcry"],"picked":"SKIP","floor":18.0},{"not_picked":["Heavy Blade","Rupture"],"picked":"Intimidate+1","floor":23.0},{"not_picked":["Heavy Blade","Body Slam"],"picked":"Pommel Strike+1","floor":24.0},{"not_picked":["Shockwave","Flex","Berserk"],"picked":"SKIP","floor":24.0},{"not_picked":["Anger","Clash"],"picked":"Flame Barrier+1","floor":25.0},{"not_picked":["Wild Strike","Infernal Blade"],"picked":"Armaments+1","floor":30.0},{"not_picked":["Shockwave","Perfected Strike+1","Hemokinesis"],"picked":"SKIP","floor":31.0},{"not_picked":["Sword Boomerang","Thunderclap+1","Dark Embrace"],"picked":"SKIP","floor":31.0},{"not_picked":["Thunderclap+1","Dark Embrace"],"picked":"Sword Boomerang","floor":31.0},{"not_picked":["Shockwave","Perfected Strike+1","Hemokinesis"],"picked":"SKIP","floor":31.0},{"not_picked":["Clash","Warcry+1"],"picked":"Twin Strike+1","floor":35},{"not_picked":["Perfected Strike","Sword Boomerang+1"],"picked":"Disarm+1","floor":35},{"not_picked":["Anger+1","Body Slam"],"picked":"Disarm+1","floor":38},{"not_picked":["Sword Boomerang","Perfected Strike+1"],"picked":"Demon Form","floor":38},{"not_picked":["Body Slam","Iron Wave"],"picked":"Whirlwind+1","floor":39},{"not_picked":["Cleave+1","Warcry+1","Hemokinesis+1"],"picked":"SKIP","floor":39},{"not_picked":["Heavy Blade+1","Flex","Warcry"],"picked":"SKIP","floor":40},{"not_picked":["Uppercut","Havoc"],"picked":"Pummel","floor":42},{"not_picked":["Cleave+1","Rampage","Second Wind"],"picked":"SKIP","floor":42},{"not_picked":["Perfected Strike","Offering","Flex"],"picked":"SKIP","floor":44},{"not_picked":["Battle Trance","Immolate"],"picked":"Double Tap","floor":46},{"not_picked":["Fire Breathing","Ghostly Armor","Armaments+1"],"picked":"SKIP","floor":48},{"not_picked":["Havoc+1","Whirlwind","Clash+1"],"picked":"SKIP","floor":48}],"player_experience":1691639,"relics_obtained":[{"floor":6.0,"key":"Meat on the Bone"},{"floor":9.0,"key":"Turnip"},{"floor":11.0,"key":"Prayer Wheel"},{"floor":14.0,"key":"Boot"},{"floor":22.0,"key":"Enchiridion"},{"floor":23.0,"key":"Gremlin Horn"},{"floor":25.0,"key":"Lantern"},{"floor":26.0,"key":"Champion Belt"},{"floor":30.0,"key":"Tiny Chest"},{"floor":40,"key":"Bottled Flame"},{"floor":41,"key":"Mercury Hourglass"},{"floor":43,"key":"War Paint"},{"floor":44,"key":"Gambling Chip"},{"floor":46,"key":"Potion Belt"}],"event_choices":[{"cards_removed":["Normality"],"damage_healed":0.0,"max_hp_gain":0.0,"max_hp_loss":0.0,"gold_gain":0.0,"event_name":"Living Wall","player_choice":"Forget","floor":3.0,"gold_loss":0.0,"damage_taken":0.0},{"damage_healed":0.0,"max_hp_gain":0.0,"max_hp_loss":0.0,"gold_gain":0.0,"event_name":"Shining Light","player_choice":"Entered Light","floor":4.0,"gold_loss":0.0,"damage_taken":19.0,"cards_upgraded":["Defend_R","Defend_R"]},{"cards_removed":["Strike_R"],"damage_healed":0.0,"max_hp_gain":0.0,"max_hp_loss":0.0,"gold_gain":0.0,"event_name":"Back to Basics","player_choice":"Elegance","floor":19.0,"gold_loss":0.0,"damage_taken":0.0},{"damage_healed":0.0,"max_hp_gain":0.0,"max_hp_loss":0.0,"gold_gain":0.0,"event_name":"The Library","player_choice":"Read","floor":20.0,"gold_loss":0.0,"damage_taken":0.0,"cards_obtained":["Spot Weakness"]},{"damage_healed":0.0,"max_hp_gain":0.0,"max_hp_loss":0.0,"gold_gain":0.0,"event_name":"Addict","player_choice":"Obtained Relic","floor":21.0,"gold_loss":85.0,"damage_taken":0.0,"relics_obtained":["Bronze Scales"]},{"damage_healed":0.0,"max_hp_gain":0.0,"max_hp_loss":0.0,"gold_gain":0.0,"event_name":"Cursed Tome","player_choice":"Obtained Book","floor":22.0,"gold_loss":0.0,"damage_taken":16.0},{"damage_healed":0.0,"max_hp_gain":0.0,"max_hp_loss":0.0,"gold_gain":0.0,"event_name":"Ghosts","player_choice":"Ignored","floor":28.0,"gold_loss":0.0,"damage_taken":0.0},{"damage_healed":0,"gold_gain":0,"player_choice":"Ignored","damage_taken":0,"max_hp_gain":0,"max_hp_loss":0,"event_name":"Tomb of Lord Red Mask","floor":36,"gold_loss":0}],"is_beta":false,"boss_relics":[{"not_picked":["Black Blood","Orrery"],"picked":"Velvet Choker"},{"not_picked":["Coffee Dripper","Runic Dome"],"picked":"Eternal Feather"}],"items_purged_floors":[12,37,47],"is_endless":false,"potions_floor_spawned":[1,8,10,11,16,25,30,31,33,35,40,46],"killed_by":"Donu and Deca","ascension_level":1}