{"gold_per_floor":[119,294,294,313,323,323,353,353,353,364,364,392,402,138,138,240,240,254,254,234,245,155,155,168,168,244,105,105,120,137,156,156,254,254,265,282,293,310,310,310,326,1,1,1,25,25,51,64,64,64],"floor_reached":50,"playtime":5631,"items_purged":["Doubt","Normality","Strike_G"],"score":608,"play_id":"945da003-7502-40d9-964d-8775b9557c25","local_time":"20190318143722","is_ascension_mode":true,"campfire_choices":[{"data":"Noxious Fumes","floor":6,"key":"SMITH"},{"data":"Dodge and Roll","floor":8,"key":"SMITH"},{"data":"Well Laid Plans","floor":15,"key":"SMITH"},{"data":"Deflect","floor":23,"key":"SMITH"},{"floor":25,"key":"REST"},{"floor":28,"key":"REST"},{"data":"Night Terror","floor":32,"key":"SMITH"},{"floor":40,"key":"REST"},{"floor":49,"key":"REST"}],"neow_cost":"NONE","seed_source_timestamp":417632008314977,"circlet_count":0,"master_deck":["Defend_G","Defend_G","Defend_G","Defend_G","Defend_G","Strike_G","Strike_G+1","Strike_G+1","Survivor+1","Neutralize+1","Deflect+1","Dodge and Roll+1","Noxious Fumes+1","PiercingWail","Well Laid Plans+1","Dodge and Roll","Backflip","Night Terror+1","Dagger Spray+1","Bane+1","Tactician","PiercingWail+1","Bullet Time","Riddle With Holes","Bane","Leg Sweep","Dodge and Roll","Deflect+1","Noxious Fumes+1","Clumsy","Doubt","Clumsy","Backflip","Skewer"],"relics":["Ring of the Snake","Blue Candle","Bottled Flame","Snake Skull","Pen Nib","Cursed Key","Shuriken","Busted Crown","The Courier","DollysMirror","Pear","Centennial Puzzle","Bag of Preparation"],"potions_floor_usage":[7,12,12,20,33,37,38,48,48,48,48,50],"damage_taken":[{"damage":0,"enemies":"Cultist","floor":1,"turns":4},{"damage":0,"enemies":"Jaw Worm","floor":4,"turns":5},{"damage":0,"enemies":"2 Louse","floor":5,"turns":3},{"damage":11,"enemies":"Lagavulin","floor":7,"turns":8},{"damage":12,"enemies":"Gremlin Gang","floor":10,"turns":7},{"damage":15,"enemies":"3 Sentries","floor":12,"turns":7},{"damage":1,"enemies":"Large Slime","floor":13,"turns":6},{"damage":7,"enemies":"Hexaghost","floor":16,"turns":11},{"damage":0,"enemies":"Chosen","floor":18,"turns":6},{"damage":7,"enemies":"2 Thieves","floor":20,"turns":4},{"damage":1,"enemies":"Snake Plant","floor":21,"turns":8},{"damage":24,"enemies":"Shelled Parasite and Fungi","floor":24,"turns":7},{"damage":1,"enemies":"Snecko","floor":29,"turns":4},{"damage":0,"enemies":"Chosen and Byrds","floor":30,"turns":7},{"damage":2,"enemies":"Snake Plant","floor":31,"turns":5},{"damage":29,"enemies":"Champ","floor":33,"turns":11},{"damage":12,"enemies":"3 Darklings","floor":35,"turns":6},{"damage":10,"enemies":"Orb Walker","floor":36,"turns":3},{"damage":45,"enemies":"Transient","floor":37,"turns":5},{"damage":0,"enemies":"Maw","floor":38,"turns":8},{"damage":20,"enemies":"Jaw Worm Horde","floor":41,"turns":4},{"damage":95,"enemies":"Giant Head","floor":47,"turns":8},{"damage":17,"enemies":"4 Shapes","floor":48,"turns":4},{"damage":54,"enemies":"Time Eater","floor":50,"turns":6}],"seed_played":"2093567282800565081","potions_obtained":[{"floor":1,"key":"LiquidBronze"},{"floor":7,"key":"Regen Potion"},{"floor":10,"key":"SteroidPotion"},{"floor":11,"key":"AttackPotion"},{"floor":11,"key":"FairyPotion"},{"floor":12,"key":"FearPotion"},{"floor":16,"key":"FairyPotion"},{"floor":18,"key":"Poison Potion"},{"floor":21,"key":"EntropicBrew"},{"floor":30,"key":"PowerPotion"},{"floor":35,"key":"Regen Potion"},{"floor":37,"key":"Block Potion"}],"is_trial":false,"path_per_floor":["?","?","?","M","?","?","M","?","M","?","T","M"],"character_chosen":"THE_SILENT","items_purchased":["Pen Nib","Backflip","Tactician","Regen Potion","DollysMirror"],"campfire_rested":4,"item_purchase_floors":[14,14,27,42,42],"current_hp_per_floor":[70,70,56,56,56,56,45,45,45,33,33,33,32,32,32,25,59,59,59,52,51,51,51,27,48,48,48,69,68,68,66,66,37,62,50,40,10,10,10,31,11,11,21,80,80,80,8,5,29,0],"gold":64,"neow_bonus":"UPGRADE_CARD","is_prod":false,"is_daily":false,"chose_seed":false,"campfire_upgraded":5,"win_rate":0,"timestamp":1552941442,"path_taken":["M","?","?","M","M","R","E","R","T","M","?","E","?","$","R","BOSS","M","?","M","M","?","R","M","R","T","$","R","M","M","?","R","BOSS","M","M","M","M","?","R","?","$","T","?","?","$","E","?","R","BOSS"],"build_version":"2019-01-23","purchased_purges":3,"victory":false,"max_hp_per_floor":[70,70,70,70,70,70,70,70,70,70,70,70,70,70,70,70,70,70,70,70,70,70,70,70,70,70,70,70,70,70,70,70,70,70,70,70,70,70,70,70,70,70,80,80,80,80,80,80,80,80],"card_choices":[{"not_picked":["Endless Agony","Terror"],"picked":"Deflect","floor":1},{"not_picked":["Concentrate","Bane"],"picked":"Dodge and Roll","floor":4},{"not_picked":["Dagger Throw","Terror"],"picked":"Noxious Fumes","floor":5},{"not_picked":["Blade Dance","Cloak And Dagger"],"picked":"PiercingWail","floor":7},{"not_picked":["Outmaneuver","Underhanded Strike"],"picked":"Well Laid Plans","floor":10},{"not_picked":["Sucker Punch","Masterful Stab","Glass Knife"],"picked":"SKIP","floor":12},{"not_picked":["Deflect","Dagger Throw"],"picked":"Dodge and Roll","floor":13},{"not_picked":["Unload","Adrenaline"],"picked":"Night Terror","floor":16},{"not_picked":["Cloak And Dagger","Slice","Blade Dance"],"picked":"SKIP","floor":18},{"not_picked":["Terror+1","Setup"],"picked":"Dagger Spray+1","floor":20},{"not_picked":["Sucker Punch","Dagger Spray","Eviscerate"],"picked":"SKIP","floor":21},{"not_picked":["Heel Hook","Masterful Stab+1"],"picked":"Bane+1","floor":24},{"not_picked":["Choke+1","Finisher"],"picked":"PiercingWail+1","floor":29},{"not_picked":["Deflect","Distraction"],"picked":"Backstab","floor":30},{"not_picked":["Reflex","Finisher","Distraction"],"picked":"SKIP","floor":31},{"not_picked":["Phantasmal Killer","Venomology"],"picked":"Bullet Time","floor":33},{"not_picked":[],"picked":"Riddle With Holes","floor":35},{"not_picked":[],"picked":"Bane","floor":36},{"not_picked":[],"picked":"Leg Sweep","floor":37},{"not_picked":[],"picked":"Dodge and Roll","floor":38},{"not_picked":[],"picked":"Deflect+1","floor":41},{"not_picked":[],"picked":"Backflip","floor":47},{"not_picked":[],"picked":"Skewer","floor":48}],"player_experience":309526,"relics_obtained":[{"floor":7,"key":"Blue Candle"},{"floor":9,"key":"Bottled Flame"},{"floor":12,"key":"Snake Skull"},{"floor":26,"key":"Shuriken"},{"floor":43,"key":"Pear"},{"floor":45,"key":"Centennial Puzzle"},{"floor":47,"key":"Bag of Preparation"}],"event_choices":[{"damage_healed":0,"gold_gain":175,"player_choice":"AGREE","damage_taken":0,"max_hp_gain":0,"max_hp_loss":0,"event_name":"Liars Game","floor":2,"gold_loss":0,"cards_obtained":["Doubt"]},{"damage_healed":0,"gold_gain":0,"player_choice":"Entered Light","damage_taken":14,"max_hp_gain":0,"max_hp_loss":0,"event_name":"Shining Light","floor":3,"gold_loss":0,"cards_upgraded":["Strike_G","Survivor"]},{"damage_healed":0,"gold_gain":0,"player_choice":"Got Potions","damage_taken":0,"max_hp_gain":0,"max_hp_loss":0,"event_name":"Lab","floor":11,"gold_loss":0},{"damage_healed":0,"gold_gain":0,"player_choice":"Ignored","damage_taken":0,"max_hp_gain":0,"max_hp_loss":0,"event_name":"Ghosts","floor":19,"gold_loss":0},{"cards_removed":["Strike_G"],"damage_healed":0,"gold_gain":0,"player_choice":"Upgrade and Remove","damage_taken":0,"max_hp_gain":0,"max_hp_loss":0,"event_name":"Designer","floor":22,"gold_loss":90,"cards_upgraded":["Strike_G"]},{"cards_removed":["Backstab"],"damage_healed":0,"gold_gain":0,"player_choice":"Gave Card","damage_taken":0,"relics_obtained":["The Courier"],"max_hp_gain":0,"max_hp_loss":0,"event_name":"WeMeetAgain","floor":39,"gold_loss":0},{"damage_healed":59,"gold_gain":0,"player_choice":"Heal","damage_taken":0,"max_hp_gain":0,"max_hp_loss":0,"event_name":"MindBloom","floor":44,"gold_loss":0,"cards_obtained":["Doubt"]}],"is_beta":false,"boss_relics":[{"not_picked":["Runic Dome","Eternal Feather"],"picked":"Cursed Key"},{"not_picked":["Black Star","Snecko Eye"],"picked":"Busted Crown"}],"items_purged_floors":[14,27,42],"is_endless":false,"potions_floor_spawned":[1,7,10,12,16,18,21,30,31,35,37],"killed_by":"Time Eater","ascension_level":5}