{"gold_per_floor":[114,132,147,167,186,221,221,251,251,269,303,318,331,349,349,451,451,461,478,140,154,167,178,190,215,268,268,283,283,299,333,333,436,436,447,467,467,467,144,154,154,172,196,196,210,238,31,31,31,31],"floor_reached":51,"playtime":2565,"items_purged":["Strike_R","Strike_R","Strike_R"],"score":801,"play_id":"8068484f-e70d-48d3-9318-bb5267b317b9","local_time":"20180822205154","is_ascension_mode":false,"campfire_choices":[{"data":"Spot Weakness","floor":7,"key":"SMITH"},{"data":"Bludgeon","floor":15,"key":"SMITH"},{"floor":27,"key":"REST"},{"data":"True Grit","floor":29,"key":"SMITH"},{"floor":32,"key":"REST"},{"data":"Apotheosis","floor":41,"key":"SMITH"},{"floor":49,"key":"REST"}],"neow_cost":"NONE","seed_source_timestamp":372601790596262,"circlet_count":0,"master_deck":["Strike_R","Strike_R","Defend_R","Defend_R","Defend_R","Bash+1","Spot Weakness+1","Headbutt","Twin Strike","Pommel Strike","Anger","Demon Form","Headbutt","Offering","Whirlwind","Clothesline","Iron Wave","Shrug It Off","Bludgeon+1","Juggernaut","Iron Wave+1","Flame Barrier","Body Slam+1","Shrug It Off","Sword Boomerang+1","True Grit+1","True Grit+1","Feel No Pain","Pommel Strike+1","Shrug It Off","Sentinel+1","Armaments","Corruption","Fire Breathing+1","Feed","Metallicize+1","Intimidate+1","Body Slam+1","Apotheosis+1","Evolve","Feel No Pain","Battle Trance+1","Clash+1","True Grit+1","Evolve+1","Battle Trance"],"relics":["Burning Blood","Lantern","Prayer Wheel","Self Forming Clay","Centennial Puzzle","Black Star","Sling","Turnip","Charon\u0027s Ashes","Vajra","Kunai","Ornamental Fan","Mark of Pain","Bag of Preparation","Thread and Needle","Potion Belt","Red Skull"],"potions_floor_usage":[13,23,25,25,25,25,25,33,33,44,46,48],"damage_taken":[{"damage":6,"enemies":"Jaw Worm","floor":1,"turns":3},{"damage":3,"enemies":"Small Slimes","floor":2,"turns":4},{"damage":5,"enemies":"2 Louse","floor":3,"turns":3},{"damage":10,"enemies":"Looter","floor":4,"turns":3},{"damage":5,"enemies":"Exordium Wildlife","floor":5,"turns":4},{"damage":27,"enemies":"Gremlin Nob","floor":6,"turns":4},{"damage":13,"enemies":"3 Sentries","floor":8,"turns":4},{"damage":8,"enemies":"Red Slaver","floor":10,"turns":2},{"damage":14,"enemies":"Gremlin Nob","floor":11,"turns":3},{"damage":1,"enemies":"3 Louse","floor":12,"turns":2},{"damage":6,"enemies":"Lots of Slimes","floor":13,"turns":2},{"damage":0,"enemies":"2 Fungi Beasts","floor":14,"turns":3},{"damage":29,"enemies":"Hexaghost","floor":16,"turns":6},{"damage":21,"enemies":"2 Thieves","floor":18,"turns":3},{"damage":11,"enemies":"Shell Parasite","floor":19,"turns":4},{"damage":15,"enemies":"Centurion and Healer","floor":21,"turns":6},{"damage":8,"enemies":"Sentry and Sphere","floor":22,"turns":4},{"damage":21,"enemies":"Snake Plant","floor":23,"turns":5},{"damage":20,"enemies":"Cultist and Chosen","floor":24,"turns":4},{"damage":12,"enemies":"Slavers","floor":25,"turns":4},{"damage":12,"enemies":"Shelled Parasite and Fungi","floor":28,"turns":4},{"damage":34,"enemies":"Snake Plant","floor":30,"turns":4},{"damage":6,"enemies":"Book of Stabbing","floor":31,"turns":3},{"damage":33,"enemies":"Champ","floor":33,"turns":11},{"damage":28,"enemies":"3 Darklings","floor":35,"turns":6},{"damage":7,"enemies":"3 Shapes","floor":36,"turns":5},{"damage":25,"enemies":"Transient","floor":40,"turns":5},{"damage":16,"enemies":"Sphere and 2 Shapes","floor":42,"turns":8},{"damage":0,"floor":44,"turns":4},{"damage":9,"enemies":"Maw","floor":45,"turns":6},{"damage":2,"enemies":"Nemesis","floor":46,"turns":5},{"damage":0,"enemies":"Flame Bruiser 2 Orb","floor":48,"turns":1},{"damage":31,"enemies":"Donu and Deca","floor":50,"turns":8}],"seed_played":"6132349359291116985","potions_obtained":[{"floor":2,"key":"Swift Potion"},{"floor":5,"key":"SneckoOil"},{"floor":6,"key":"SteroidPotion"},{"floor":8,"key":"Poison Potion"},{"floor":10,"key":"Ancient Potion"},{"floor":21,"key":"Strength Potion"},{"floor":24,"key":"EntropicBrew"},{"floor":25,"key":"Strength Potion"},{"floor":30,"key":"Dexterity Potion"},{"floor":36,"key":"Strength Potion"},{"floor":40,"key":"Swift Potion"},{"floor":42,"key":"Fire Potion"},{"floor":45,"key":"SmokeBomb"}],"is_trial":false,"path_per_floor":["M","M","M","M","M","E","R","E","T","M","E","M","M","M","R","B",null,"M","M","$","M","M","M","M","E","T","R","M","R","M","E","R","B",null,"M","M","?","?","$","M","R","M","T","?","M","E","$","M","R","B"],"character_chosen":"IRONCLAD","items_purchased":["Shrug It Off","Sling","Apotheosis","Evolve","Battle Trance"],"campfire_rested":3,"item_purchase_floors":[20,20,39,39,47],"current_hp_per_floor":[80,80,80,76,77,56,56,49,49,47,39,44,44,50,50,27,80,65,60,60,51,49,34,20,26,26,50,44,44,16,16,40,13,80,58,60,60,60,60,41,41,35,35,45,42,46,46,52,79,54],"gold":31,"neow_bonus":"UPGRADE_CARD","is_prod":false,"is_daily":false,"chose_seed":false,"campfire_upgraded":4,"win_rate":0,"timestamp":1534996314,"path_taken":["M","M","M","M","M","E","R","E","T","M","E","M","M","M","R","BOSS","M","M","$","M","M","M","M","E","T","R","M","R","M","E","R","BOSS","M","M","?","?","$","M","R","M","T","?","M","E","$","M","R","BOSS"],"build_version":"2018-08-16","purchased_purges":3,"victory":true,"max_hp_per_floor":[80,80,80,80,80,80,80,80,80,80,80,80,80,80,80,80,80,80,80,80,80,80,80,80,80,80,80,80,80,80,80,80,80,80,80,83,83,83,83,83,83,87,87,91,91,91,91,91,91,91],"card_choices":[{"not_picked":["Headbutt","Intimidate"],"picked":"Spot Weakness","floor":1},{"not_picked":["Power Through","Perfected Strike","True Grit"],"picked":"SKIP","floor":2},{"not_picked":["Flex","True Grit"],"picked":"Headbutt","floor":3},{"not_picked":["Warcry","Evolve"],"picked":"Twin Strike","floor":4},{"not_picked":["Power Through","Thunderclap"],"picked":"Pommel Strike","floor":5},{"not_picked":["Flex","Perfected Strike"],"picked":"Anger","floor":6},{"not_picked":["Pummel","Sword Boomerang"],"picked":"Demon Form","floor":8},{"not_picked":["Sword Boomerang","Havoc"],"picked":"Headbutt","floor":10},{"not_picked":["Second Wind","Twin Strike","Combust"],"picked":"SKIP","floor":10},{"not_picked":["Seeing Red","Rupture"],"picked":"Offering","floor":11},{"not_picked":["Anger","Cleave"],"picked":"Whirlwind","floor":12},{"not_picked":["Twin Strike","Pommel Strike"],"picked":"Clothesline","floor":12},{"not_picked":["Ghostly Armor","Rampage"],"picked":"Iron Wave","floor":13},{"not_picked":["Dual Wield","Pommel Strike","Warcry"],"picked":"SKIP","floor":13},{"not_picked":["Twin Strike","Clothesline"],"picked":"Shrug It Off","floor":14},{"not_picked":["Seeing Red","Intimidate"],"picked":"Bludgeon","floor":14},{"not_picked":["Double Tap","Exhume"],"picked":"Juggernaut","floor":16},{"not_picked":["Clash","Pommel Strike"],"picked":"Iron Wave+1","floor":18},{"not_picked":["Intimidate","Cleave"],"picked":"Flame Barrier","floor":18},{"not_picked":["Corruption","Rupture"],"picked":"Body Slam+1","floor":19},{"not_picked":["Sword Boomerang","Warcry","Clothesline"],"picked":"SKIP","floor":19},{"not_picked":["Twin Strike","Perfected Strike"],"picked":"Sword Boomerang+1","floor":21},{"not_picked":["Rampage","Fiend Fire"],"picked":"True Grit","floor":21},{"not_picked":["Clothesline","Clash+1"],"picked":"True Grit+1","floor":22},{"not_picked":["Corruption","Heavy Blade","Cleave"],"picked":"SKIP","floor":22},{"not_picked":["Twin Strike","Heavy Blade"],"picked":"Feel No Pain","floor":23},{"not_picked":["Thunderclap","Iron Wave"],"picked":"Pommel Strike+1","floor":23},{"not_picked":["Havoc","Pommel Strike+1","Anger"],"picked":"SKIP","floor":24},{"not_picked":["Warcry","Wild Strike","Headbutt+1"],"picked":"SKIP","floor":24},{"not_picked":["Carnage","Inflame"],"picked":"Shrug It Off","floor":25},{"not_picked":["Flex","Headbutt"],"picked":"Sentinel+1","floor":28},{"not_picked":["Demon Form","Pommel Strike","Carnage+1"],"picked":"SKIP","floor":28},{"not_picked":["Clash+1","Infernal Blade"],"picked":"Armaments","floor":30},{"not_picked":["Perfected Strike","Heavy Blade"],"picked":"Corruption","floor":30},{"not_picked":["Feel No Pain","Perfected Strike+1"],"picked":"Fire Breathing+1","floor":31},{"not_picked":["Bludgeon","Brutality"],"picked":"Feed","floor":33},{"not_picked":["Evolve","Rampage"],"picked":"Metallicize+1","floor":35},{"not_picked":["Havoc+1","Clash+1"],"picked":"Intimidate+1","floor":35},{"not_picked":["Cleave","Perfected Strike+1"],"picked":"Body Slam+1","floor":36},{"not_picked":["Combust","Sword Boomerang","Blood for Blood+1"],"picked":"SKIP","floor":36},{"not_picked":["Havoc","Spot Weakness"],"picked":"Feel No Pain","floor":40},{"not_picked":["Havoc","Sever Soul","Spot Weakness"],"picked":"SKIP","floor":40},{"not_picked":["Blood for Blood+1","Juggernaut"],"picked":"Battle Trance+1","floor":42},{"not_picked":["Flex+1","Heavy Blade","Clash+1"],"picked":"SKIP","floor":42},{"not_picked":["Reckless Charge","Headbutt"],"picked":"Clash+1","floor":44},{"not_picked":["Twin Strike","Spot Weakness+1"],"picked":"True Grit+1","floor":45},{"not_picked":["Perfected Strike","Anger","Warcry"],"picked":"SKIP","floor":45},{"not_picked":["Sword Boomerang","Thunderclap"],"picked":"Evolve+1","floor":46}],"player_experience":130483,"relics_obtained":[{"floor":6,"key":"Lantern"},{"floor":8,"key":"Prayer Wheel"},{"floor":9,"key":"Self Forming Clay"},{"floor":11,"key":"Centennial Puzzle"},{"floor":25,"key":"Turnip"},{"floor":25,"key":"Charon\u0027s Ashes"},{"floor":26,"key":"Vajra"},{"floor":31,"key":"Kunai"},{"floor":31,"key":"Ornamental Fan"},{"floor":43,"key":"Bag of Preparation"},{"floor":44,"key":"Thread and Needle"},{"floor":46,"key":"Potion Belt"},{"floor":46,"key":"Red Skull"}],"event_choices":[{"event_name":"Tomb of Lord Red Mask","player_choice":"Ignored","floor":37,"damage_taken":0},{"event_name":"Falling","player_choice":"Removed Skill","floor":38,"damage_taken":0},{"event_name":"MindBloom","player_choice":"Fight","floor":44,"damage_taken":0}],"is_beta":false,"boss_relics":[{"not_picked":["Philosopher\u0027s Stone","Runic Cube"],"picked":"Black Star"},{"not_picked":["Velvet Choker","Runic Pyramid"],"picked":"Mark of Pain"}],"items_purged_floors":[20,39,47],"is_endless":false,"potions_floor_spawned":[2,5,6,8,10,11,21,22,24,25,30,36,40,42,45,48],"ascension_level":0}