{"gold_per_floor":[118,132,149,160,173,201,201,201,201,201,201,201,151,151,151,151],"floor_reached":16,"playtime":822,"items_purged":[],"score":115,"play_id":"cd8be462-7b74-40a2-aa25-6cc2e5eb811d","local_time":"20190416090640","is_ascension_mode":true,"campfire_choices":[{"floor":7,"key":"REST"},{"floor":10,"key":"REST"},{"floor":12,"key":"REST"},{"floor":15,"key":"REST"}],"neow_cost":"NONE","seed_source_timestamp":556659103831400,"circlet_count":0,"master_deck":["Defend_G","Defend_G","Defend_G+1","Defend_G","Defend_G","Strike_G","Strike_G","Strike_G","Strike_G","Survivor","Neutralize","Leg Sweep","Backflip+1","Poisoned Stab+1","Prepared"],"relics":["Fusion Hammer","War Paint","Juzu Bracelet"],"potions_floor_usage":[5,16],"damage_taken":[{"damage":2,"enemies":"Jaw Worm","floor":1,"turns":4},{"damage":3,"enemies":"2 Louse","floor":2,"turns":3},{"damage":5,"enemies":"Cultist","floor":3,"turns":5},{"damage":8,"enemies":"Lots of Slimes","floor":4,"turns":6},{"damage":9,"enemies":"Exordium Thugs","floor":5,"turns":5},{"damage":37,"enemies":"Gremlin Nob","floor":6,"turns":6},{"damage":75,"enemies":"Slime Boss","floor":16,"turns":14}],"seed_played":"-5454941400526910283","potions_obtained":[{"floor":3,"key":"LiquidBronze"},{"floor":5,"key":"Ancient Potion"},{"floor":6,"key":"LiquidBronze"}],"is_trial":false,"path_per_floor":["M","M","M","M","M","E","R","?","T","R","$","R","?","$","R","B"],"character_chosen":"THE_SILENT","items_purchased":[],"campfire_rested":4,"item_purchase_floors":[],"current_hp_per_floor":[68,65,60,52,43,6,27,27,27,48,48,69,69,69,70,0],"gold":151,"neow_bonus":"BOSS_RELIC","is_prod":false,"is_daily":false,"chose_seed":false,"campfire_upgraded":0,"win_rate":0,"timestamp":1555398400,"path_taken":["M","M","M","M","M","E","R","?","T","R","$","R","?","?","R","BOSS"],"build_version":"2019-01-23","purchased_purges":0,"victory":false,"max_hp_per_floor":[70,70,70,70,70,70,70,70,70,70,70,70,70,70,70,70],"card_choices":[{"not_picked":["Bane","Slice"],"picked":"Leg Sweep","floor":1},{"not_picked":["Finisher","Underhanded Strike"],"picked":"Backflip","floor":2},{"not_picked":["Tactician","Caltrops"],"picked":"Poisoned Stab","floor":3},{"not_picked":["Acrobatics","Poisoned Stab","Flying Knee"],"picked":"SKIP","floor":4},{"not_picked":["PiercingWail","Expertise"],"picked":"Prepared","floor":5},{"not_picked":["Tactician","Masterful Stab","Concentrate"],"picked":"SKIP","floor":6}],"player_experience":484635,"relics_obtained":[{"floor":6,"key":"War Paint"},{"floor":9,"key":"Juzu Bracelet"}],"event_choices":[{"damage_healed":0,"gold_gain":0,"player_choice":"Grow","damage_taken":0,"max_hp_gain":0,"max_hp_loss":0,"event_name":"Living Wall","floor":8,"gold_loss":0,"cards_upgraded":["Poisoned Stab"]},{"cards_removed":["Strike_G"],"damage_healed":0,"gold_gain":0,"player_choice":"Card Removal","damage_taken":0,"max_hp_gain":0,"max_hp_loss":0,"event_name":"The Cleric","floor":13,"gold_loss":50}],"is_beta":false,"boss_relics":[],"items_purged_floors":[],"is_endless":false,"potions_floor_spawned":[3,5,6],"killed_by":"Slime Boss","ascension_level":3}