{"gold_per_floor":[118,134,149,19,19,19,74,74,100,100],"floor_reached":10,"playtime":417,"items_purged":[],"score":101,"play_id":"a5992e3f-d4d9-4ccc-9a8a-b1ea5834327f","local_time":"20190201192201","is_ascension_mode":true,"campfire_choices":[{"data":"Neutralize","floor":6,"key":"SMITH"},{"data":"Endless Agony","floor":8,"key":"SMITH"}],"neow_cost":"NONE","seed_source_timestamp":537152945623414,"circlet_count":0,"master_deck":["AscendersBane","Defend_G","Defend_G","Defend_G+1","Defend_G","Defend_G+1","Strike_G","Strike_G","Strike_G","Strike_G","Strike_G","Survivor","Neutralize+1","Deflect","Deflect","Endless Agony+1","Backflip"],"relics":["Ring of the Snake","Regal Pillow","War Paint","Gremlin Horn","Anchor"],"potions_floor_usage":[7,10,10],"damage_taken":[{"damage":0,"enemies":"Small Slimes","floor":1,"turns":4},{"damage":0,"enemies":"2 Louse","floor":2,"turns":3},{"damage":0,"enemies":"Jaw Worm","floor":3,"turns":7},{"damage":25,"enemies":"3 Sentries","floor":7,"turns":14},{"damage":43,"enemies":"Gremlin Nob","floor":10,"turns":6}],"seed_played":"7995727555689260788","potions_obtained":[{"floor":3,"key":"Poison Potion"},{"floor":7,"key":"Dexterity Potion"}],"is_trial":false,"path_per_floor":["M","M","M","$","?","R","?","R","T","E"],"character_chosen":"THE_SILENT","items_purchased":["GhostInAJar","Endless Agony"],"campfire_rested":0,"item_purchase_floors":[4,4],"current_hp_per_floor":[59,59,59,59,48,48,23,23,23,0],"gold":100,"neow_bonus":"RANDOM_COMMON_RELIC","is_prod":false,"is_daily":false,"chose_seed":false,"campfire_upgraded":2,"win_rate":0,"timestamp":1549048921,"path_taken":["M","M","M","$","?","R","?","R","T","E"],"build_version":"2019-01-23","purchased_purges":0,"victory":false,"max_hp_per_floor":[66,66,66,66,66,66,66,66,66,66],"card_choices":[{"not_picked":["Cloak And Dagger","Distraction"],"picked":"Deflect","floor":1},{"not_picked":["Tactician","Outmaneuver"],"picked":"Deflect","floor":2},{"not_picked":["Caltrops","Dodge and Roll","Cloak And Dagger"],"picked":"SKIP","floor":3},{"not_picked":["Deadly Poison","Slice"],"picked":"Backflip","floor":7}],"player_experience":177660,"relics_obtained":[{"floor":7,"key":"Gremlin Horn"},{"floor":9,"key":"Anchor"}],"event_choices":[{"damage_healed":0,"gold_gain":0,"player_choice":"Success","damage_taken":11,"relics_obtained":["War Paint"],"max_hp_gain":0,"max_hp_loss":0,"event_name":"Scrap Ooze","floor":5,"gold_loss":0},{"damage_healed":0,"gold_gain":0,"player_choice":"Searched \u00271\u0027 times","damage_taken":0,"max_hp_gain":0,"max_hp_loss":0,"event_name":"Dead Adventurer","floor":7,"gold_loss":0}],"is_beta":false,"boss_relics":[],"items_purged_floors":[],"is_endless":false,"potions_floor_spawned":[3,7],"killed_by":"Gremlin Nob","ascension_level":16}