{"gold_per_floor":[111,111,124,124,135,168,168,188,188,213,213,173,185,198,198,271,271,290,301,301,301,315,315,315],"floor_reached":24,"playtime":978,"items_purged":[],"score":357,"play_id":"fbccbde3-ed5c-4987-9b71-0c4cb7a4b757","local_time":"20190409114020","is_ascension_mode":true,"campfire_choices":[{"floor":7,"key":"REST"},{"data":"Immolate","floor":11,"key":"SMITH"},{"data":"Bash","floor":15,"key":"SMITH"},{"floor":23,"key":"REST"}],"neow_cost":"NONE","seed_source_timestamp":226992569864849,"circlet_count":0,"master_deck":["AscendersBane","Strike_R","Strike_R","Strike_R","Strike_R","Strike_R","Defend_R","Defend_R","Defend_R","Defend_R","Bash+1","Dramatic Entrance","Headbutt","Shrug It Off","Iron Wave","Immolate+1","Armaments","Disarm","Combust","Battle Trance","Fiend Fire","Headbutt","Shrug It Off","Thunderclap"],"relics":["Burning Blood","Champion Belt","Oddly Smooth Stone","Blue Candle","Ornamental Fan","Black Star","Nloth\u0027s Gift"],"potions_floor_usage":[10,21,22,24],"damage_taken":[{"damage":9,"enemies":"Jaw Worm","floor":1,"turns":3},{"damage":5,"enemies":"2 Louse","floor":3,"turns":2},{"damage":0,"enemies":"Cultist","floor":5,"turns":2},{"damage":38,"enemies":"Lagavulin","floor":6,"turns":6},{"damage":12,"enemies":"Exordium Wildlife","floor":8,"turns":2},{"damage":13,"enemies":"Gremlin Nob","floor":10,"turns":4},{"damage":8,"enemies":"Lots of Slimes","floor":13,"turns":4},{"damage":4,"enemies":"Gremlin Gang","floor":14,"turns":4},{"damage":28,"enemies":"The Guardian","floor":16,"turns":10},{"damage":41,"enemies":"Shell Parasite","floor":18,"turns":9},{"damage":2,"enemies":"Chosen","floor":19,"turns":3},{"damage":23,"enemies":"Centurion and Healer","floor":21,"turns":4},{"damage":0,"enemies":"Cultist and Chosen","floor":22,"turns":3},{"damage":45,"enemies":"Book of Stabbing","floor":24,"turns":4}],"seed_played":"8178115341163066950","potions_obtained":[{"floor":1,"key":"Swift Potion"},{"floor":6,"key":"AttackPotion"},{"floor":12,"key":"SmokeBomb"},{"floor":14,"key":"SteroidPotion"},{"floor":22,"key":"Fire Potion"}],"is_trial":false,"path_per_floor":["M","?","M","T","M","E","R","M","T","E","R","?","M","M","R","B",null,"M","M","?","M","M","R","E"],"character_chosen":"IRONCLAD","items_purchased":[],"campfire_rested":2,"item_purchase_floors":[],"current_hp_per_floor":[65,62,63,63,69,37,59,53,53,46,46,46,44,46,46,24,62,27,31,31,14,20,42,0],"gold":315,"neow_bonus":"RANDOM_COLORLESS","is_prod":false,"is_daily":false,"chose_seed":false,"campfire_upgraded":2,"win_rate":0,"timestamp":1554835220,"path_taken":["M","?","M","?","M","E","R","M","T","E","R","?","M","M","R","BOSS","M","?","?","M","?","R","E"],"build_version":"2019-01-23","purchased_purges":0,"victory":false,"max_hp_per_floor":[75,75,75,75,75,75,75,75,75,75,75,75,75,75,75,75,75,75,75,75,75,75,75,75],"card_choices":[{"not_picked":["Body Slam","Carnage"],"picked":"Headbutt","floor":1},{"not_picked":["Havoc","Anger"],"picked":"Shrug It Off","floor":3},{"not_picked":["Havoc","Flex"],"picked":"Iron Wave","floor":5},{"not_picked":["Havoc","Bloodletting"],"picked":"Immolate","floor":6},{"not_picked":["Perfected Strike","Clothesline"],"picked":"Armaments","floor":8},{"not_picked":["Perfected Strike","Havoc"],"picked":"Disarm","floor":10},{"not_picked":["Seeing Red","Burning Pact"],"picked":"Combust","floor":13},{"not_picked":["Combust","Havoc"],"picked":"Battle Trance","floor":14},{"not_picked":["Juggernaut","Berserk"],"picked":"Fiend Fire","floor":16},{"not_picked":["Anger","Wild Strike"],"picked":"Headbutt","floor":18},{"not_picked":["Whirlwind","Wild Strike"],"picked":"Shrug It Off","floor":19},{"not_picked":["Anger","Twin Strike"],"picked":"Thunderclap","floor":22}],"player_experience":402246,"relics_obtained":[{"floor":4,"key":"Champion Belt"},{"floor":6,"key":"Oddly Smooth Stone"},{"floor":9,"key":"Blue Candle"},{"floor":10,"key":"Ornamental Fan"}],"event_choices":[{"damage_healed":0,"gold_gain":0,"player_choice":"Success","damage_taken":3,"relics_obtained":["Smiling Mask"],"max_hp_gain":0,"max_hp_loss":0,"event_name":"Scrap Ooze","floor":2,"gold_loss":0},{"damage_healed":0,"gold_gain":0,"player_choice":"Bought 3 Potions","damage_taken":0,"max_hp_gain":0,"max_hp_loss":0,"event_name":"The Woman in Blue","floor":12,"gold_loss":0},{"damage_healed":0,"gold_gain":0,"player_choice":"Traded Relic","damage_taken":0,"relics_obtained":["Nloth\u0027s Gift"],"max_hp_gain":0,"max_hp_loss":0,"event_name":"N\u0027loth","floor":20,"relics_lost":["Smiling Mask"],"gold_loss":0}],"is_beta":false,"boss_relics":[{"not_picked":["Black Blood","White Beast Statue"],"picked":"Black Star"}],"items_purged_floors":[],"is_endless":false,"potions_floor_spawned":[1,6,8,14,22],"killed_by":"Book of Stabbing","ascension_level":14}