{"gold_per_floor":[117,77,91,91,107,135,60,5,5,5,37,51,82,102,102,102],"floor_reached":16,"playtime":806,"items_purged":[],"score":222,"play_id":"db82ab7a-4810-4651-a769-8bbac18b215e","local_time":"20190424215301","is_ascension_mode":true,"campfire_choices":[{"data":"Hemokinesis","floor":15,"key":"SMITH"}],"neow_cost":"NONE","seed_source_timestamp":2725350190692,"circlet_count":0,"master_deck":["AscendersBane","Strike_R","Strike_R+1","Strike_R","Strike_R","Defend_R","Defend_R","Defend_R","Defend_R","Bash","Cleave","Pommel Strike+1","Power Through","Flame Barrier","Shockwave","Hemokinesis+1"],"relics":["Burning Blood","Ornamental Fan","Pear","Bag of Marbles","The Courier"],"potions_floor_usage":[6,6,12,13,13,16],"damage_taken":[{"damage":5,"enemies":"Small Slimes","floor":1,"turns":5},{"damage":8,"enemies":"Cultist","floor":3,"turns":5},{"damage":0,"enemies":"2 Louse","floor":5,"turns":2},{"damage":20,"enemies":"Lagavulin","floor":6,"turns":6},{"damage":17,"enemies":"Gremlin Nob","floor":11,"turns":5},{"damage":0,"enemies":"Blue Slaver","floor":12,"turns":2},{"damage":27,"enemies":"Lagavulin","floor":13,"turns":7},{"damage":3,"enemies":"3 Louse","floor":14,"turns":3},{"damage":31,"enemies":"The Guardian","floor":16,"turns":9}],"seed_played":"3270701358679091561","potions_obtained":[{"floor":2,"key":"Strength Potion"},{"floor":2,"key":"FearPotion"},{"floor":6,"key":"Fire Potion"},{"floor":12,"key":"Dexterity Potion"},{"floor":14,"key":"Explosive Potion"}],"is_trial":false,"path_per_floor":["M","?","M","?","M","E","?","$","T","$","E","M","E","M","R","B"],"character_chosen":"IRONCLAD","items_purchased":["Fire Potion"],"campfire_rested":0,"item_purchase_floors":[8],"current_hp_per_floor":[76,76,74,49,55,41,41,41,51,51,40,46,25,28,28,0],"gold":102,"neow_bonus":"TEN_PERCENT_HP_BONUS","is_prod":false,"is_daily":false,"chose_seed":false,"campfire_upgraded":1,"win_rate":0,"timestamp":1556167981,"path_taken":["M","?","?","?","M","E","?","?","T","?","E","M","E","M","R","BOSS"],"build_version":"2019-01-23","purchased_purges":0,"victory":false,"max_hp_per_floor":[82,82,82,82,82,82,82,82,92,92,92,92,92,92,92,92],"card_choices":[{"not_picked":["Clash","Warcry"],"picked":"Cleave","floor":1},{"not_picked":["True Grit","Ghostly Armor"],"picked":"Pommel Strike","floor":3},{"not_picked":["Burning Pact","Clash"],"picked":"Power Through","floor":5},{"not_picked":["Body Slam","Fire Breathing","Clash"],"picked":"SKIP","floor":6},{"not_picked":["Wild Strike","Warcry"],"picked":"Flame Barrier","floor":11},{"not_picked":["Thunderclap","Flex"],"picked":"Shockwave","floor":12},{"not_picked":["Ghostly Armor","Dropkick"],"picked":"Hemokinesis","floor":13},{"not_picked":["Evolve","Clash","Body Slam"],"picked":"SKIP","floor":14}],"player_experience":474259,"relics_obtained":[{"floor":6,"key":"Ornamental Fan"},{"floor":9,"key":"Pear"},{"floor":11,"key":"Bag of Marbles"},{"floor":13,"key":"The Courier"}],"event_choices":[{"damage_healed":0,"gold_gain":0,"player_choice":"Bought 3 Potions","damage_taken":0,"max_hp_gain":0,"max_hp_loss":0,"event_name":"The Woman in Blue","floor":2,"gold_loss":0},{"damage_healed":0,"gold_gain":0,"player_choice":"Entered Light","damage_taken":25,"max_hp_gain":0,"max_hp_loss":0,"event_name":"Shining Light","floor":4,"gold_loss":0,"cards_upgraded":["Pommel Strike","Strike_R"]},{"cards_removed":["Strike_R"],"damage_healed":0,"gold_gain":0,"player_choice":"Card Removal","damage_taken":0,"max_hp_gain":0,"max_hp_loss":0,"event_name":"The Cleric","floor":7,"gold_loss":75}],"is_beta":false,"boss_relics":[],"items_purged_floors":[],"is_endless":false,"potions_floor_spawned":[6,11,12,14],"killed_by":"The Guardian","ascension_level":17}