{"gold_per_floor":[119,132,132,132,149,176,190,218,218,218,218,22,37,54,54,153,153,170,170,187,187,96,96],"floor_reached":23,"playtime":1164,"items_purged":[],"score":211,"play_id":"04f498e6-a5fb-4f81-b0c8-362fd0c76b71","local_time":"20190501192817","is_ascension_mode":true,"campfire_choices":[{"data":"Dualcast","floor":10,"key":"SMITH"},{"floor":15,"key":"REST"}],"neow_cost":"PERCENT_DAMAGE","seed_source_timestamp":1455001129368399,"circlet_count":0,"master_deck":["Strike_B","Strike_B","Strike_B","Strike_B","Defend_B","Defend_B","Defend_B","Defend_B","Zap+1","Dualcast+1","Electrodynamics","Go for the Eyes","Cold Snap","Ball Lightning","Hologram","Leap","Magnetism","Streamline","Chaos","Echo Form","Madness"],"relics":["Cracked Core","Letter Opener","Unceasing Top","Pantograph","GremlinMask","Busted Crown"],"potions_floor_usage":[6,16,16,23],"damage_taken":[{"damage":1,"enemies":"Cultist","floor":1,"turns":4},{"damage":6,"enemies":"Jaw Worm","floor":2,"turns":3},{"damage":0,"enemies":"2 Louse","floor":5,"turns":2},{"damage":2,"enemies":"3 Sentries","floor":6,"turns":3},{"damage":3,"enemies":"Looter","floor":7,"turns":3},{"damage":17,"enemies":"Lagavulin","floor":8,"turns":5},{"damage":2,"enemies":"Red Slaver","floor":13,"turns":3},{"damage":4,"enemies":"2 Fungi Beasts","floor":14,"turns":3},{"damage":52,"enemies":"Hexaghost","floor":16,"turns":8},{"damage":20,"enemies":"Spheric Guardian","floor":18,"turns":4},{"damage":20,"enemies":"Colosseum Slavers","floor":19,"turns":3},{"damage":17,"enemies":"2 Thieves","floor":20,"turns":4},{"damage":28,"enemies":"Gremlin Leader","floor":23,"turns":3}],"seed_played":"-4803885247873736511","potions_obtained":[{"floor":5,"key":"Explosive Potion"},{"floor":13,"key":"Poison Potion"},{"floor":14,"key":"Poison Potion"},{"floor":20,"key":"LiquidBronze"}],"is_trial":false,"path_per_floor":["M","M","?","?","M","E","M","E","T","R","?","$","M","M","R","B",null,"M","?","M","?","$","E"],"character_chosen":"DEFECT","items_purchased":["Magnetism","Madness"],"campfire_rested":1,"item_purchase_floors":[12,22],"current_hp_per_floor":[53,47,47,52,52,50,47,30,30,30,30,30,28,24,48,21,80,60,40,23,23,23,0],"gold":96,"neow_bonus":"THREE_RARE_CARDS","is_prod":false,"is_daily":false,"chose_seed":false,"campfire_upgraded":1,"win_rate":0,"timestamp":1556735297,"path_taken":["M","?","?","?","M","E","M","E","T","R","?","$","?","M","R","BOSS","M","?","M","?","$","E"],"build_version":"2019-01-23","purchased_purges":0,"victory":false,"max_hp_per_floor":[75,75,75,80,80,80,80,80,80,80,80,80,80,80,80,80,80,80,80,80,80,80,80],"card_choices":[{"not_picked":["Rainbow","Meteor Strike"],"picked":"Electrodynamics","floor":0},{"not_picked":["BootSequence","Heatsinks"],"picked":"Go for the Eyes","floor":1},{"not_picked":["Skim","White Noise"],"picked":"Cold Snap","floor":2},{"not_picked":["Double Energy","Cold Snap"],"picked":"Ball Lightning","floor":5},{"not_picked":["Rebound","Static Discharge"],"picked":"Hologram","floor":6},{"not_picked":["Hologram","Static Discharge","Redo"],"picked":"SKIP","floor":7},{"not_picked":["Go for the Eyes","Reboot"],"picked":"Leap","floor":8},{"not_picked":["Rebound","Reinforced Body"],"picked":"Streamline","floor":13},{"not_picked":["Skim","Redo"],"picked":"Chaos","floor":14},{"not_picked":["All For One","Creative AI"],"picked":"Echo Form","floor":16},{"not_picked":["Cold Snap"],"picked":"SKIP","floor":18},{"not_picked":["Reinforced Body"],"picked":"SKIP","floor":20}],"player_experience":1886681,"relics_obtained":[{"floor":6,"key":"Letter Opener"},{"floor":8,"key":"Unceasing Top"},{"floor":9,"key":"Pantograph"}],"event_choices":[{"damage_healed":0,"gold_gain":0,"player_choice":"Grow","damage_taken":0,"max_hp_gain":0,"max_hp_loss":0,"event_name":"Living Wall","floor":3,"gold_loss":0,"cards_upgraded":["Zap"]},{"damage_healed":0,"gold_gain":0,"player_choice":"Donut","damage_taken":0,"max_hp_gain":5,"max_hp_loss":0,"event_name":"Big Fish","floor":4,"gold_loss":0},{"damage_healed":0,"gold_gain":0,"player_choice":"Trade","damage_taken":0,"relics_obtained":["GremlinMask"],"max_hp_gain":0,"max_hp_loss":0,"event_name":"FaceTrader","floor":11,"gold_loss":0},{"damage_healed":0,"gold_gain":0,"player_choice":"Fight","damage_taken":0,"max_hp_gain":0,"max_hp_loss":0,"event_name":"Colosseum","floor":19,"gold_loss":0},{"damage_healed":0,"gold_gain":0,"player_choice":"Fled From Nobs","damage_taken":0,"max_hp_gain":0,"max_hp_loss":0,"event_name":"Colosseum","floor":19,"gold_loss":0},{"damage_healed":0,"gold_gain":0,"player_choice":"Ignored","damage_taken":0,"max_hp_gain":0,"max_hp_loss":0,"event_name":"Vampires","floor":21,"gold_loss":0}],"is_beta":false,"boss_relics":[{"not_picked":["Snecko Eye","Black Star"],"picked":"Busted Crown"}],"items_purged_floors":[],"is_endless":false,"potions_floor_spawned":[5,13,14,20],"killed_by":"Gremlin Leader","ascension_level":1}