{"gold_per_floor":[111,22,42,42,55,82,82,92,115,131,162,179,179,254,254,328,328,340,315,334,354,354,354,382,382,382,399,410,422,422,422],"floor_reached":31,"playtime":1592,"items_purged":[],"score":488,"play_id":"f61d95cf-98aa-4e74-8614-cf7082102824","local_time":"20190418165206","is_ascension_mode":true,"campfire_choices":[{"data":"Carnage","floor":7.0,"key":"SMITH"},{"floor":13.0,"key":"REST"},{"data":"Shockwave","floor":15.0,"key":"SMITH"},{"data":"Barricade","floor":23,"key":"SMITH"},{"floor":25,"key":"REST"}],"neow_cost":"CURSE","seed_source_timestamp":0,"circlet_count":0,"master_deck":["AscendersBane","Bash","Writhe","Perfected Strike","Disarm+1","Havoc","True Grit","Carnage+1","Feel No Pain","Havoc","Shockwave+1","Armaments","Fiend Fire","Warcry","Evolve","Ghostly Armor","Whirlwind","Warcry","Inflame","Double Tap","Disarm","Feel No Pain","Metallicize","Barricade+1","Body Slam","Battle Trance+1","Entrench"],"special_seed":0,"relics":["Burning Blood","Gambling Chip","Omamori","PreservedInsect","Pen Nib","Pandora\u0027s Box","Smiling Mask","Letter Opener","Matryoshka","MutagenicStrength"],"potions_floor_usage":[24,24,28,31],"damage_taken":[{"damage":6.0,"enemies":"Cultist","floor":1.0,"turns":4.0},{"damage":3.0,"enemies":"2 Louse","floor":3.0,"turns":4.0},{"damage":4.0,"enemies":"Small Slimes","floor":5.0,"turns":4.0},{"damage":22.0,"enemies":"Lagavulin","floor":6.0,"turns":7.0},{"damage":8.0,"enemies":"Looter","floor":8.0,"turns":2.0},{"damage":18.0,"enemies":"Lots of Slimes","floor":10.0,"turns":7.0},{"damage":12.0,"enemies":"Gremlin Nob","floor":11.0,"turns":3.0},{"damage":7.0,"enemies":"Large Slime","floor":12.0,"turns":6.0},{"damage":4.0,"enemies":"Hexaghost","floor":16.0,"turns":11.0},{"damage":0.0,"enemies":"Chosen","floor":18.0,"turns":7.0},{"damage":33.0,"enemies":"2 Thieves","floor":19.0,"turns":5.0},{"damage":0.0,"enemies":"Snake Plant","floor":20.0,"turns":5.0},{"damage":20,"enemies":"Centurion and Healer","floor":21,"turns":6},{"damage":26,"enemies":"Gremlin Leader","floor":24,"turns":8},{"damage":20,"enemies":"Snecko","floor":27,"turns":6},{"damage":16,"enemies":"Shelled Parasite and Fungi","floor":28,"turns":6},{"damage":12,"enemies":"Snake Plant","floor":29,"turns":5},{"damage":15,"enemies":"Sentry and Sphere","floor":31,"turns":2}],"seed_played":"1198877289233752630","potions_obtained":[{"floor":5.0,"key":"Strength Potion"},{"floor":8.0,"key":"SteroidPotion"},{"floor":10.0,"key":"Fire Potion"},{"floor":12.0,"key":"Block Potion"},{"floor":16.0,"key":"SkillPotion"},{"floor":19.0,"key":"LiquidBronze"},{"floor":24,"key":"SkillPotion"},{"floor":27,"key":"Explosive Potion"}],"is_trial":false,"path_per_floor":["M","$","M","?","M","E","R","M","T","M","E","M","R","?","R","B",null,"M","M","M","M","?","R","E","R","T","M","M","M","?","M"],"character_chosen":"IRONCLAD","items_purchased":["Disarm"],"campfire_rested":2,"item_purchase_floors":[2],"current_hp_per_floor":[68,68,71,71,73,57,57,55,55,43,37,36,58,47,47,49,69,75,48,54,40,40,40,20,42,42,28,18,12,12,0],"gold":422,"neow_bonus":"ONE_RARE_RELIC","is_prod":false,"is_daily":false,"chose_seed":false,"campfire_upgraded":3,"win_rate":0,"timestamp":1555631526,"path_taken":["M","?","M","?","M","E","R","M","T","M","E","M","R","?","R","BOSS","M","M","M","M","?","R","E","R","T","M","M","?","?","M"],"build_version":"2019-01-23","purchased_purges":0,"victory":false,"max_hp_per_floor":[75,75,75,75,75,75,75,75,75,75,75,75,75,75,75,75,75,75,75,75,75,75,75,75,75,75,75,75,75,75,75],"card_choices":[{"not_picked":["Intimidate","Entrench"],"picked":"Perfected Strike","floor":1.0},{"not_picked":["Intimidate","Warcry"],"picked":"Havoc","floor":3.0},{"not_picked":["Thunderclap","Anger"],"picked":"True Grit","floor":5.0},{"not_picked":["Flex","Exhume"],"picked":"Carnage","floor":6.0},{"not_picked":["Flex","Warcry"],"picked":"Feel No Pain","floor":8.0},{"not_picked":["Uppercut","Twin Strike"],"picked":"Havoc","floor":10.0},{"not_picked":["Thunderclap","Anger"],"picked":"Shockwave","floor":11.0},{"not_picked":["Shockwave","Uppercut"],"picked":"Armaments","floor":12.0},{"not_picked":["Brutality","Double Tap"],"picked":"Fiend Fire","floor":16.0},{"not_picked":["Headbutt","Body Slam"],"picked":"Warcry","floor":18.0},{"not_picked":["Intimidate","True Grit"],"picked":"Metallicize","floor":19.0},{"not_picked":["Body Slam","Reckless Charge","Thunderclap"],"picked":"SKIP","floor":20.0},{"not_picked":["Whirlwind+1","Blood for Blood"],"picked":"Barricade","floor":21},{"not_picked":["Rage","Ghostly Armor"],"picked":"Body Slam","floor":24},{"not_picked":["Warcry","Perfected Strike+1"],"picked":"Battle Trance+1","floor":27},{"not_picked":["Uppercut+1","Shrug It Off+1"],"picked":"Entrench","floor":28},{"not_picked":["Armaments","Flex","Dual Wield"],"picked":"SKIP","floor":29}],"player_experience":460049,"relics_obtained":[{"floor":6.0,"key":"Omamori"},{"floor":9.0,"key":"PreservedInsect"},{"floor":11.0,"key":"Pen Nib"},{"floor":24,"key":"Letter Opener"},{"floor":26,"key":"Matryoshka"}],"event_choices":[{"damage_healed":0.0,"max_hp_gain":0.0,"max_hp_loss":0.0,"gold_gain":0.0,"event_name":"Living Wall","player_choice":"Grow","floor":4.0,"gold_loss":0.0,"damage_taken":0.0,"cards_upgraded":["Disarm"]},{"damage_healed":0.0,"max_hp_gain":0.0,"max_hp_loss":0.0,"gold_gain":75.0,"event_name":"World of Goop","player_choice":"Gather Gold","floor":14.0,"gold_loss":0.0,"damage_taken":11.0},{"cards_removed":["Warcry"],"damage_healed":0,"gold_gain":0,"player_choice":"Gave Card","damage_taken":0,"relics_obtained":["Smiling Mask"],"max_hp_gain":0,"max_hp_loss":0,"event_name":"WeMeetAgain","floor":22,"gold_loss":0},{"damage_healed":0,"gold_gain":0,"player_choice":"Inject Mutagens","damage_taken":0,"relics_obtained":["MutagenicStrength"],"max_hp_gain":0,"max_hp_loss":0,"event_name":"Drug Dealer","floor":30,"gold_loss":0}],"is_beta":false,"boss_relics":[{"not_picked":["Mark of Pain","Black Star"],"picked":"Pandora\u0027s Box"}],"items_purged_floors":[],"is_endless":false,"potions_floor_spawned":[5,8,10,12,16,19,21,24,27],"killed_by":"Sentry and Sphere","ascension_level":16}