{"gold_per_floor":[115,133,149,62,62,62,95,170,170,170,170,181,181,212,212,288,288,208,208,36,36,36],"floor_reached":22,"playtime":665,"items_purged":[],"score":355,"play_id":"3e9543d4-9820-48d5-a64e-2f0c72dd93a5","local_time":"20190202165104","is_ascension_mode":true,"campfire_choices":[{"data":"Electrodynamics","floor":6,"key":"SMITH"},{"data":"Lockon","floor":10,"key":"SMITH"},{"data":"Dualcast","floor":13,"key":"SMITH"},{"data":"Go for the Eyes","floor":15,"key":"SMITH"}],"neow_cost":"NONE","seed_source_timestamp":614253514713145,"circlet_count":0,"master_deck":["AscendersBane","Strike_B","Strike_B","Strike_B","Strike_B","Defend_B","Defend_B","Defend_B","Defend_B","Zap+1","Dualcast+1","Electrodynamics+1","Sweeping Beam","Lockon+1","Doom and Gloom","Steam","Lockon","Go for the Eyes+1","All For One","Coolheaded","Defragment","Biased Cognition"],"relics":["Cracked Core","Thread and Needle","Letter Opener","Question Card","Ectoplasm","Enchiridion"],"potions_floor_usage":[16],"damage_taken":[{"damage":14,"enemies":"Small Slimes","floor":1,"turns":4},{"damage":5,"enemies":"2 Louse","floor":2,"turns":2},{"damage":9,"enemies":"Jaw Worm","floor":3,"turns":3},{"damage":10,"enemies":"3 Sentries","floor":7,"turns":3},{"damage":0,"enemies":"3 Louse","floor":12,"turns":3},{"damage":6,"enemies":"Lagavulin","floor":14,"turns":4},{"damage":30,"enemies":"Hexaghost","floor":16,"turns":8},{"damage":21,"enemies":"2 Thieves","floor":18,"turns":3},{"damage":0,"enemies":"Spheric Guardian","floor":19,"turns":3},{"damage":15,"enemies":"Snake Plant","floor":22,"turns":1}],"seed_played":"917143274525802533","potions_obtained":[{"floor":2,"key":"AttackPotion"},{"floor":12,"key":"Energy Potion"},{"floor":16,"key":"Strength Potion"}],"is_trial":false,"path_per_floor":["M","M","M","$","?","R","E","?","T","R","?","M","R","E","R","B",null,"M","M","$","?","M"],"character_chosen":"DEFECT","items_purchased":["Doom and Gloom","Biased Cognition"],"campfire_rested":0,"item_purchase_floors":[4,20],"current_hp_per_floor":[50,45,36,36,59,59,49,38,38,38,38,38,38,32,32,2,54,33,33,33,12,0],"gold":36,"neow_bonus":"ONE_RANDOM_RARE_CARD","is_prod":false,"is_daily":false,"chose_seed":false,"campfire_upgraded":4,"win_rate":0,"timestamp":1549126264,"path_taken":["M","M","M","$","?","R","E","?","T","R","?","M","R","E","R","BOSS","M","M","$","?","M"],"build_version":"2019-01-23","purchased_purges":0,"victory":false,"max_hp_per_floor":[71,71,71,71,71,71,71,71,71,71,71,71,71,71,71,71,71,71,71,71,71,71],"card_choices":[{"not_picked":["Chill","Hologram"],"picked":"Sweeping Beam","floor":1},{"not_picked":["Consume","Rebound"],"picked":"Lockon","floor":2},{"not_picked":["Hologram","Beam Cell","Redo"],"picked":"SKIP","floor":3},{"not_picked":["Coolheaded","Fusion"],"picked":"Steam","floor":7},{"not_picked":["Force Field","Rip and Tear"],"picked":"Lockon","floor":12},{"not_picked":["Self Repair","Redo"],"picked":"Go for the Eyes","floor":14},{"not_picked":["Machine Learning","Hyperbeam","Amplify"],"picked":"All For One","floor":16},{"not_picked":["Stack","Compile Driver","Leap"],"picked":"Coolheaded","floor":18},{"not_picked":["Turbo","Leap","Blizzard"],"picked":"Defragment","floor":19}],"player_experience":191032,"relics_obtained":[{"floor":7,"key":"Thread and Needle"},{"floor":9,"key":"Letter Opener"},{"floor":14,"key":"Question Card"},{"floor":21,"key":"Enchiridion"}],"event_choices":[{"damage_healed":23,"gold_gain":0,"player_choice":"Banana","damage_taken":0,"max_hp_gain":0,"max_hp_loss":0,"event_name":"Big Fish","floor":5,"gold_loss":0},{"damage_healed":0,"gold_gain":75,"player_choice":"Gather Gold","damage_taken":11,"max_hp_gain":0,"max_hp_loss":0,"event_name":"World of Goop","floor":8,"gold_loss":0},{"damage_healed":0,"gold_gain":0,"player_choice":"Grow","damage_taken":0,"max_hp_gain":0,"max_hp_loss":0,"event_name":"Living Wall","floor":11,"gold_loss":0,"cards_upgraded":["Zap"]},{"damage_healed":0,"gold_gain":0,"player_choice":"Obtained Book","damage_taken":21,"max_hp_gain":0,"max_hp_loss":0,"event_name":"Cursed Tome","floor":21,"gold_loss":0}],"is_beta":false,"boss_relics":[{"not_picked":["Astrolabe","Philosopher\u0027s Stone"],"picked":"Ectoplasm"}],"items_purged_floors":[],"is_endless":false,"potions_floor_spawned":[2,12,16],"killed_by":"Snake Plant","ascension_level":17}