{"gold_per_floor":[119,119,119,134,151,151,168,193,242,242,255,77,93,69,69,172,172,184,200,200,200,200,200,235,246,269,296,373,133,158,169,169,272,272,292,292,292,392,111,111,143,143,166,196,196,196,212,228,228,228,228,228,31,58,58],"floor_reached":55,"playtime":3451,"items_purged":["Defend_R"],"score":975,"play_id":"fac7c852-59ba-4680-9e52-23046978d81c","local_time":"20190406133315","is_ascension_mode":true,"campfire_choices":[{"data":"Flame Barrier","floor":6,"key":"SMITH"},{"data":"Armaments","floor":10,"key":"SMITH"},{"data":"Perfected Strike","floor":15,"key":"SMITH"},{"data":"Perfected Strike","floor":23,"key":"SMITH"},{"floor":32,"key":"REST"},{"floor":40,"key":"RECALL"},{"floor":42,"key":"REST"},{"floor":49,"key":"REST"},{"floor":52,"key":"REST"}],"neow_cost":"NONE","seed_source_timestamp":16452786772132,"circlet_count":0,"master_deck":["Strike_R","Strike_R+1","Strike_R+1","Strike_R","Defend_R","Defend_R","Defend_R","Bash","Shrug It Off+1","Flame Barrier+1","Perfected Strike+1","Armaments+1","Wild Strike","Perfected Strike+1","Violence","Battle Trance","Twin Strike","Feed","Warcry+1","Intimidate","Pommel Strike","Exhume","Ghostly Armor+1","Finesse+1","Warcry+1","Reaper","Whirlwind","Perfected Strike+1","Uppercut+1","Dark Shackles+1","Shockwave+1","Shrug It Off+1","Trip+1","Wild Strike+1","Flex+1","Master of Strategy+1","Ghostly Armor+1"],"relics":["Burning Blood","Lantern","Mercury Hourglass","Oddly Smooth Stone","Black Star","Enchiridion","Ancient Tea Set","Strawberry","Bag of Marbles","Calipers","Juzu Bracelet","Toxic Egg 2","Whetstone","Red Skull","Fusion Hammer","Peace Pipe","ClockworkSouvenir","Boot","Shuriken","Potion Belt","Letter Opener","Bronze Scales","Pen Nib","Bag of Preparation"],"potions_floor_usage":[8,19,24,30,33,50,50,54,55,55],"damage_taken":[{"damage":7,"enemies":"Jaw Worm","floor":1,"turns":3},{"damage":7,"enemies":"2 Louse","floor":4,"turns":3},{"damage":6,"enemies":"Cultist","floor":5,"turns":6},{"damage":4,"enemies":"Exordium Thugs","floor":7,"turns":5},{"damage":25,"enemies":"3 Sentries","floor":8,"turns":11},{"damage":0,"enemies":"Looter","floor":11,"turns":2},{"damage":0,"enemies":"Blue Slaver","floor":13,"turns":2},{"damage":6,"enemies":"The Guardian","floor":16,"turns":8},{"damage":2,"enemies":"Shell Parasite","floor":18,"turns":5},{"damage":0,"enemies":"3 Byrds","floor":19,"turns":2},{"damage":9,"enemies":"Book of Stabbing","floor":24,"turns":6},{"damage":7,"enemies":"Snake Plant","floor":25,"turns":3},{"damage":9,"enemies":"Slavers","floor":27,"turns":5},{"damage":24,"enemies":"Book of Stabbing","floor":30,"turns":6},{"damage":0,"enemies":"Snecko","floor":31,"turns":3},{"damage":105,"enemies":"Champ","floor":33,"turns":11},{"damage":6,"enemies":"3 Darklings","floor":35,"turns":5},{"damage":3,"enemies":"Mind Bloom Boss Battle","floor":38,"turns":5},{"damage":49,"enemies":"Reptomancer","floor":41,"turns":6},{"damage":30,"enemies":"Nemesis","floor":44,"turns":7},{"damage":13,"enemies":"3 Shapes","floor":47,"turns":2},{"damage":0,"enemies":"Jaw Worm Horde","floor":48,"turns":2},{"damage":79,"enemies":"Donu and Deca","floor":50,"turns":7},{"damage":77,"enemies":"Shield and Spear","floor":54,"turns":5},{"damage":50,"enemies":"The Heart","floor":55,"turns":6}],"seed_played":"-3431213503651986526","potions_obtained":[{"floor":1,"key":"SpeedPotion"},{"floor":4,"key":"FairyPotion"},{"floor":5,"key":"SkillPotion"},{"floor":8,"key":"Swift Potion"},{"floor":19,"key":"SkillPotion"},{"floor":25,"key":"Fire Potion"},{"floor":33,"key":"BloodPotion"},{"floor":35,"key":"Ancient Potion"},{"floor":47,"key":"Fire Potion"},{"floor":48,"key":"BloodPotion"},{"floor":54,"key":"BloodPotion"}],"is_trial":false,"path_per_floor":["M","?","?","M","M","R","M","E","T","R","M","$","M","$","R","B",null,"M","M","T","$","?","R","E","M","T","E","T","$","E","M","R","B",null,"M","?","?","?","$","R","E","R","T","E","?","?","M","M","R","B",null,"R","$","E","B"],"character_chosen":"IRONCLAD","items_purchased":["Violence","Twin Strike","Ghostly Armor+1","Finesse+1","ClockworkSouvenir","Dark Shackles+1","Master of Strategy+1"],"campfire_rested":4,"item_purchase_floors":[12,14,29,29,39,39,53],"current_hp_per_floor":[71,71,64,63,63,63,65,46,46,46,52,52,58,58,58,58,75,79,80,80,80,64,64,68,67,67,64,64,64,46,52,78,14,69,75,75,75,78,78,78,35,61,61,42,42,42,35,41,65,23,70,86,86,26,0],"gold":58,"neow_bonus":"RANDOM_COMMON_RELIC","is_prod":false,"is_daily":false,"chose_seed":false,"campfire_upgraded":4,"win_rate":0,"timestamp":1554525195,"path_taken":["M","?","?","M","M","R","M","E","T","R","M","?","M","$","R","BOSS","M","?","?","$","?","R","E","M","T","E","?","?","E","M","R","BOSS","M","?","?","?","$","R","E","R","T","E","?","?","M","M","R","BOSS","R","$","E","BOSS"],"build_version":"2019-01-23","purchased_purges":1,"victory":false,"max_hp_per_floor":[80,80,80,80,80,80,80,80,80,80,80,80,80,80,80,80,80,80,80,80,80,80,80,87,87,87,87,87,87,87,87,87,87,87,87,87,87,87,87,87,87,87,87,87,83,83,83,83,83,86,86,86,86,89,89],"card_choices":[{"not_picked":["Entrench","Flex"],"picked":"Shrug It Off","floor":1},{"not_picked":["Sword Boomerang","Clothesline"],"picked":"Flame Barrier","floor":4},{"not_picked":["Battle Trance","Twin Strike"],"picked":"Perfected Strike","floor":5},{"not_picked":["Clash","Dark Embrace"],"picked":"Armaments","floor":7},{"not_picked":["Hemokinesis","Armaments"],"picked":"Wild Strike","floor":8},{"not_picked":["Clash","True Grit"],"picked":"Perfected Strike","floor":11},{"not_picked":["Clash","Headbutt"],"picked":"Battle Trance","floor":13},{"not_picked":["Berserk","Dark Embrace"],"picked":"Feed","floor":16},{"not_picked":["Fire Breathing+1","Second Wind","Clothesline"],"picked":"SKIP","floor":18},{"not_picked":["Dual Wield","Heavy Blade"],"picked":"Warcry+1","floor":19},{"not_picked":["Havoc","Cleave"],"picked":"Intimidate","floor":24},{"not_picked":["Iron Wave","Rampage"],"picked":"Pommel Strike","floor":25},{"not_picked":["Havoc+1","Warcry"],"picked":"Exhume","floor":27},{"not_picked":["Rupture+1","Clash","Armaments+1"],"picked":"SKIP","floor":30},{"not_picked":["Twin Strike","Body Slam"],"picked":"Warcry+1","floor":31},{"not_picked":["Fiend Fire","Brutality"],"picked":"Reaper","floor":33},{"not_picked":["Sword Boomerang","Clothesline"],"picked":"Whirlwind","floor":35},{"not_picked":["Cleave+1","Dropkick"],"picked":"Uppercut+1","floor":38},{"not_picked":["Intimidate+1","Thunderclap"],"picked":"Shockwave+1","floor":41},{"not_picked":["Anger+1","Body Slam"],"picked":"Shrug It Off+1","floor":44},{"not_picked":["Deep Breath+1","Madness+1"],"picked":"Trip+1","floor":46},{"not_picked":["Searing Blow+1","Sever Soul"],"picked":"Wild Strike+1","floor":47},{"not_picked":["Warcry+1","Pummel"],"picked":"Flex+1","floor":48},{"not_picked":["Intimidate+1","Battle Trance+1"],"picked":"Ghostly Armor+1","floor":54}],"player_experience":263115,"relics_obtained":[{"floor":8,"key":"Mercury Hourglass"},{"floor":9,"key":"Oddly Smooth Stone"},{"floor":22,"key":"Enchiridion"},{"floor":24,"key":"Ancient Tea Set"},{"floor":24,"key":"Strawberry"},{"floor":26,"key":"Bag of Marbles"},{"floor":27,"key":"Calipers"},{"floor":27,"key":"Juzu Bracelet"},{"floor":28,"key":"Toxic Egg 2"},{"floor":30,"key":"Whetstone"},{"floor":30,"key":"Red Skull"},{"floor":38,"key":"Peace Pipe"},{"floor":41,"key":"Boot"},{"floor":41,"key":"Shuriken"},{"floor":43,"key":"Potion Belt"},{"floor":44,"key":"Letter Opener"},{"floor":44,"key":"Bronze Scales"},{"floor":54,"key":"Pen Nib"},{"floor":54,"key":"Bag of Preparation"}],"event_choices":[{"damage_healed":0,"gold_gain":0,"player_choice":"Grow","damage_taken":0,"max_hp_gain":0,"max_hp_loss":0,"event_name":"Living Wall","floor":2,"gold_loss":0,"cards_upgraded":["Shrug It Off"]},{"cards_removed":["Strike_R"],"damage_healed":0,"gold_gain":0,"player_choice":"Card Removal","damage_taken":7,"max_hp_gain":0,"max_hp_loss":0,"event_name":"Golden Wing","floor":3,"gold_loss":0},{"damage_healed":0,"gold_gain":0,"player_choice":"Obtained Book","damage_taken":16,"max_hp_gain":0,"max_hp_loss":0,"event_name":"Cursed Tome","floor":22,"gold_loss":0},{"damage_healed":0,"gold_gain":0,"player_choice":"Copied","damage_taken":0,"max_hp_gain":0,"max_hp_loss":0,"event_name":"Duplicator","floor":36,"gold_loss":0,"cards_obtained":["Perfected Strike"]},{"damage_healed":0,"gold_gain":0,"player_choice":"Ignored","damage_taken":0,"max_hp_gain":0,"max_hp_loss":0,"event_name":"Tomb of Lord Red Mask","floor":37,"gold_loss":0},{"damage_healed":0,"gold_gain":0,"player_choice":"Fight","damage_taken":0,"max_hp_gain":0,"max_hp_loss":0,"event_name":"MindBloom","floor":38,"gold_loss":0},{"damage_healed":0,"gold_gain":0,"player_choice":"Max HP","damage_taken":0,"max_hp_gain":0,"max_hp_loss":4,"event_name":"Winding Halls","floor":45,"gold_loss":0},{"damage_healed":0,"gold_gain":0,"player_choice":"Memory 1","damage_taken":0,"max_hp_gain":0,"max_hp_loss":0,"event_name":"SensoryStone","floor":46,"gold_loss":0}],"is_beta":false,"boss_relics":[{"not_picked":["Pandora\u0027s Box","Coffee Dripper"],"picked":"Black Star"},{"not_picked":["Philosopher\u0027s Stone","Velvet Choker"],"picked":"Fusion Hammer"}],"items_purged_floors":[29],"is_endless":false,"potions_floor_spawned":[1,4,5,8,19,25,33,35,47,48,54],"killed_by":"The Heart","ascension_level":6}