{"gold_per_floor":[116,116,37,37,53,85,85,112,139,174,184,184,202,51,51,128,128,148,148,162,180,193,219,232,244,244,279,279,298,55,68,68,143,143,163,179,179,179,192,192,204,222,222,238,86,100,100,100,100,100,100],"floor_reached":52,"playtime":2384,"items_purged":["Strike_R","Strike_R"],"score":2136,"play_id":"587fbf5d-62a7-413c-b32e-735df99e0920","local_time":"20190501194444","is_ascension_mode":true,"campfire_choices":[{"data":"Anger","floor":7,"key":"SMITH"},{"data":"Bash","floor":12,"key":"SMITH"},{"data":"Metallicize","floor":15,"key":"SMITH"},{"data":"Corruption","floor":28,"key":"SMITH"},{"data":"Corruption","floor":32,"key":"SMITH"},{"data":"Corruption","floor":40,"key":"SMITH"},{"data":"Juggernaut","floor":47,"key":"SMITH"},{"data":"Juggernaut","floor":49,"key":"SMITH"}],"neow_cost":"NONE","seed_source_timestamp":3360051434172919,"circlet_count":0,"master_deck":["AscendersBane","Strike_R+1","Strike_R+1","Strike_R","Defend_R","Defend_R","Defend_R","Defend_R","Bash+1","Anger+1","Flame Barrier","Shrug It Off","Cleave","Metallicize+1","Corruption+1","True Grit","Spot Weakness","Uppercut","Juggernaut+1","Iron Wave","Iron Wave","Corruption+1","Body Slam","Fiend Fire","Power Through","Ghostly Armor","True Grit","Juggernaut+1","True Grit+1","Corruption+1","Panacea","Flame Barrier+1","Parasite","Seeing Red","True Grit","Shrug It Off"],"relics":["Burning Blood","NeowsBlessing","Blood Vial","Ornamental Fan","Gambling Chip","Whetstone","PreservedInsect","Sozu","Dead Branch","Mummified Hand","Gremlin Horn","Bag of Preparation","Oddly Smooth Stone","Runic Dome","Shuriken"],"potions_floor_usage":[16],"damage_taken":[{"damage":0,"enemies":"Small Slimes","floor":1,"turns":2},{"damage":0,"enemies":"Jaw Worm","floor":5,"turns":1},{"damage":0,"enemies":"3 Sentries","floor":6,"turns":2},{"damage":48,"enemies":"Gremlin Nob","floor":8,"turns":5},{"damage":14,"enemies":"3 Sentries","floor":10,"turns":8},{"damage":0,"enemies":"Cultist","floor":11,"turns":3},{"damage":17,"enemies":"Exordium Thugs","floor":13,"turns":4},{"damage":27,"enemies":"Hexaghost","floor":16,"turns":9},{"damage":7,"enemies":"2 Thieves","floor":18,"turns":4},{"damage":0,"enemies":"3 Byrds","floor":20,"turns":3},{"damage":14,"enemies":"Cultist and Chosen","floor":21,"turns":5},{"damage":9,"enemies":"Snake Plant","floor":22,"turns":5},{"damage":9,"enemies":"Book of Stabbing","floor":23,"turns":3},{"damage":1,"enemies":"Snecko","floor":24,"turns":3},{"damage":0,"enemies":"Centurion and Healer","floor":25,"turns":4},{"damage":0,"enemies":"Gremlin Leader","floor":27,"turns":3},{"damage":3,"enemies":"Cultist and Chosen","floor":29,"turns":2},{"damage":0,"enemies":"Shelled Parasite and Fungi","floor":31,"turns":2},{"damage":0,"enemies":"Collector","floor":33,"turns":3},{"damage":0,"enemies":"Orb Walker","floor":35,"turns":1},{"damage":0,"enemies":"3 Darklings","floor":36,"turns":1},{"damage":0,"enemies":"Jaw Worm Horde","floor":39,"turns":2},{"damage":6,"enemies":"Writhing Mass","floor":41,"turns":2},{"damage":3,"enemies":"3 Darklings","floor":42,"turns":2},{"damage":6,"enemies":"Sphere and 2 Shapes","floor":44,"turns":2},{"damage":1,"enemies":"4 Shapes","floor":46,"turns":2},{"damage":17,"enemies":"Donu and Deca","floor":50,"turns":4},{"damage":38,"enemies":"Time Eater","floor":51,"turns":7}],"seed_played":"-3811051022221976533","potions_obtained":[{"floor":6,"key":"SpeedPotion"},{"floor":11,"key":"Strength Potion"}],"is_trial":false,"path_per_floor":["M","?","$","?","M","E","R","E","T","E","M","R","M","$","R","B",null,"M","?","M","M","M","E","M","M","T","E","R","M","$","M","R","B",null,"M","M","?","?","M","R","M","M","T","M","$","M","R","?","R","B","B",null],"character_chosen":"IRONCLAD","items_purchased":["Flame Barrier","Spot Weakness","Uppercut","Oddly Smooth Stone","True Grit"],"campfire_rested":0,"item_purchase_floors":[3,14,14,30,45],"current_hp_per_floor":[74,69,69,69,75,75,75,33,33,27,35,35,26,26,26,7,58,59,59,67,61,60,59,66,74,74,75,75,75,75,75,75,75,75,75,75,65,65,73,73,75,75,75,75,75,75,75,71,71,62,32],"gold":100,"neow_bonus":"THREE_ENEMY_KILL","is_prod":false,"is_daily":false,"chose_seed":false,"campfire_upgraded":8,"win_rate":0,"timestamp":1556736284,"path_taken":["M","?","$","?","M","E","R","E","T","E","M","R","M","$","R","BOSS","M","?","M","M","M","E","?","M","T","E","R","M","$","M","R","BOSS","M","M","?","?","M","R","M","M","T","M","$","M","R","?","R","BOSS","BOSS"],"build_version":"2019-01-23","purchased_purges":2,"victory":true,"max_hp_per_floor":[75,75,75,75,75,75,75,75,75,75,75,75,75,75,75,75,75,75,75,75,75,75,75,75,75,75,75,75,75,75,75,75,75,75,75,75,75,75,75,75,75,75,75,75,75,75,75,75,75,75,75],"card_choices":[{"not_picked":["Body Slam","Cleave"],"picked":"Anger","floor":1},{"not_picked":["Warcry","Body Slam"],"picked":"Shrug It Off","floor":5},{"not_picked":["Heavy Blade","Flex"],"picked":"Cleave","floor":6},{"not_picked":["Feel No Pain","Warcry"],"picked":"Metallicize","floor":8},{"not_picked":["Reckless Charge","Dark Embrace"],"picked":"Corruption","floor":10},{"not_picked":["Clash","Shockwave"],"picked":"True Grit","floor":11},{"not_picked":["True Grit","Fire Breathing"],"picked":"Burning Pact","floor":13},{"not_picked":["Limit Break","Demon Form"],"picked":"Juggernaut","floor":16},{"not_picked":["Thunderclap","Anger"],"picked":"Iron Wave","floor":18},{"not_picked":["Pummel","Perfected Strike"],"picked":"Iron Wave","floor":20},{"not_picked":["Power Through","Infernal Blade"],"picked":"Corruption","floor":21},{"not_picked":["Iron Wave","Battle Trance"],"picked":"Body Slam","floor":22},{"not_picked":["Sword Boomerang","Fire Breathing"],"picked":"Fiend Fire","floor":23},{"not_picked":["Thunderclap","Combust+1"],"picked":"Power Through","floor":24},{"not_picked":["Sword Boomerang","Anger","Rupture"],"picked":"SKIP","floor":25},{"not_picked":["Rampage","Headbutt","Cleave"],"picked":"SKIP","floor":27},{"not_picked":["Cleave","Twin Strike"],"picked":"Ghostly Armor","floor":29},{"not_picked":["Rage+1","Metallicize"],"picked":"True Grit","floor":31},{"not_picked":["Brutality","Bludgeon"],"picked":"Juggernaut","floor":33},{"not_picked":["Clash+1","Armaments"],"picked":"True Grit+1","floor":35},{"not_picked":["Shrug It Off","Searing Blow+1"],"picked":"Corruption","floor":36},{"not_picked":["Madness","Bandage Up"],"picked":"Panacea","floor":37},{"not_picked":["Wild Strike+1","Sword Boomerang"],"picked":"Flame Barrier+1","floor":39},{"not_picked":["Iron Wave","Headbutt+1"],"picked":"Seeing Red","floor":41},{"not_picked":["Flex","Dual Wield","Entrench"],"picked":"SKIP","floor":42},{"not_picked":["Dual Wield","Metallicize","Entrench"],"picked":"SKIP","floor":44},{"not_picked":["Immolate","Twin Strike"],"picked":"Shrug It Off","floor":46}],"player_experience":284917,"relics_obtained":[{"floor":6,"key":"Ornamental Fan"},{"floor":8,"key":"Gambling Chip"},{"floor":9,"key":"Whetstone"},{"floor":10,"key":"PreservedInsect"},{"floor":23,"key":"Mummified Hand"},{"floor":26,"key":"Gremlin Horn"},{"floor":27,"key":"Bag of Preparation"},{"floor":43,"key":"Shuriken"}],"event_choices":[{"damage_healed":0,"gold_gain":0,"player_choice":"Success","damage_taken":5,"relics_obtained":["Blood Vial"],"max_hp_gain":0,"max_hp_loss":0,"event_name":"Scrap Ooze","floor":2,"gold_loss":0},{"damage_healed":0,"gold_gain":0,"player_choice":"Ignored","damage_taken":0,"max_hp_gain":0,"max_hp_loss":0,"event_name":"Liars Game","floor":4,"gold_loss":0},{"cards_removed":["Burning Pact"],"damage_healed":0,"gold_gain":0,"player_choice":"Gave Card","damage_taken":0,"relics_obtained":["Dead Branch"],"max_hp_gain":0,"max_hp_loss":0,"event_name":"WeMeetAgain","floor":19,"gold_loss":0},{"damage_healed":0,"gold_gain":0,"player_choice":"Memory 3","damage_taken":10,"max_hp_gain":0,"max_hp_loss":0,"event_name":"SensoryStone","floor":37,"gold_loss":0},{"damage_healed":0,"gold_gain":0,"player_choice":"Ignored","damage_taken":0,"max_hp_gain":0,"max_hp_loss":0,"event_name":"Tomb of Lord Red Mask","floor":38,"gold_loss":0},{"damage_healed":0,"gold_gain":0,"player_choice":"Bought 0 Potions","damage_taken":0,"max_hp_gain":0,"max_hp_loss":0,"event_name":"The Woman in Blue","floor":48,"gold_loss":0}],"is_beta":false,"boss_relics":[{"not_picked":["Calling Bell","Astrolabe"],"picked":"Sozu"},{"not_picked":["Runic Cube","Black Star"],"picked":"Runic Dome"}],"items_purged_floors":[30,45],"is_endless":false,"potions_floor_spawned":[6,11,18,20,25,27,31,36,42,44,46],"ascension_level":20}