{"gold_per_floor":[115,130,141,156,175,175,205,205,205,205,170,205,205,205,205,277,277,288,301,317,184,184,184,216,216,241,274,274,293,293,293,293,293],"floor_reached":33,"playtime":1164,"items_purged":["Strike_R"],"score":527,"play_id":"3f645ee2-96b3-47e0-b0ed-6986e8d90eb1","local_time":"20190504221514","is_ascension_mode":true,"campfire_choices":[{"data":"Juggernaut","floor":6,"key":"SMITH"},{"data":"Flame Barrier","floor":8,"key":"SMITH"},{"data":"Shrug It Off","floor":10,"key":"SMITH"},{"data":"Shockwave","floor":15,"key":"SMITH"},{"data":"Metallicize","floor":23,"key":"SMITH"},{"floor":30,"key":"REST"},{"data":"Body Slam","floor":32,"key":"SMITH"}],"neow_cost":"NONE","seed_source_timestamp":425340461132800,"circlet_count":0,"master_deck":["AscendersBane","Strike_R+1","Strike_R","Strike_R+1","Defend_R","Defend_R","Defend_R","Defend_R","Bash","Juggernaut+1","Pommel Strike","Shockwave+1","Warcry","Flame Barrier+1","Shrug It Off+1","Offering","Body Slam+1","Metallicize+1","Body Slam","Shrug It Off","Impervious","Writhe","True Grit","Intimidate+1"],"relics":["Burning Blood","Blue Candle","Bottled Lightning","Whetstone","Sozu","Peace Pipe","Shuriken","Bag of Preparation","Mango"],"potions_floor_usage":[4,5,7,29],"damage_taken":[{"damage":6,"enemies":"Cultist","floor":1,"turns":5},{"damage":20,"enemies":"Small Slimes","floor":2,"turns":4},{"damage":12,"enemies":"2 Louse","floor":3,"turns":3},{"damage":6,"enemies":"Looter","floor":4,"turns":4},{"damage":23,"enemies":"Large Slime","floor":5,"turns":9},{"damage":40,"enemies":"Gremlin Nob","floor":7,"turns":5},{"damage":7,"enemies":"Lagavulin","floor":12,"turns":8},{"damage":34,"enemies":"The Guardian","floor":16,"turns":15},{"damage":9,"enemies":"Shell Parasite","floor":18,"turns":6},{"damage":0,"enemies":"Chosen","floor":19,"turns":4},{"damage":12,"enemies":"3 Cultists","floor":20,"turns":6},{"damage":15,"enemies":"Gremlin Leader","floor":24,"turns":8},{"damage":22,"enemies":"Slavers","floor":27,"turns":7},{"damage":13,"enemies":"Snecko","floor":29,"turns":5},{"damage":70,"enemies":"Champ","floor":33,"turns":10}],"seed_played":"4059206267960151243","potions_obtained":[{"floor":2,"key":"Strength Potion"},{"floor":4,"key":"Regen Potion"},{"floor":5,"key":"SpeedPotion"},{"floor":12,"key":"SpeedPotion"}],"is_trial":false,"path_per_floor":["M","M","M","M","M","R","E","R","T","R","?","E","?","?","R","B",null,"M","M","M","$","?","R","E","?","T","E","?","M","R","?","R","B"],"character_chosen":"IRONCLAD","items_purchased":["Shrug It Off"],"campfire_rested":1,"item_purchase_floors":[21],"current_hp_per_floor":[68,54,48,48,46,46,12,12,12,12,30,29,54,47,47,19,61,58,64,58,58,58,58,49,49,49,47,21,14,42,42,42,0],"gold":293,"neow_bonus":"ONE_RANDOM_RARE_CARD","is_prod":false,"is_daily":false,"chose_seed":false,"campfire_upgraded":6,"win_rate":0,"timestamp":1557000914,"path_taken":["M","M","M","M","M","R","E","R","T","R","?","E","?","?","R","BOSS","M","M","M","$","?","R","E","?","T","E","?","M","R","?","R","BOSS"],"build_version":"2019-01-23","purchased_purges":1,"victory":false,"max_hp_per_floor":[75,75,75,75,75,75,75,75,75,75,75,75,75,75,75,75,75,75,75,75,75,75,75,75,75,75,89,94,94,94,94,94,94],"card_choices":[{"not_picked":["Clothesline","Reckless Charge"],"picked":"Pommel Strike","floor":1},{"not_picked":["Cleave","Second Wind"],"picked":"Shockwave","floor":2},{"not_picked":["Heavy Blade","Rupture"],"picked":"Warcry","floor":3},{"not_picked":["Battle Trance","Pommel Strike"],"picked":"Flame Barrier","floor":4},{"not_picked":["Clash","Pommel Strike","Hemokinesis"],"picked":"SKIP","floor":5},{"not_picked":["Exhume","Wild Strike"],"picked":"Shrug It Off","floor":7},{"not_picked":["Thunderclap","Headbutt","Pommel Strike"],"picked":"SKIP","floor":12},{"not_picked":["Berserk","Immolate"],"picked":"Offering","floor":16},{"not_picked":["Rage","Sword Boomerang"],"picked":"Body Slam","floor":18},{"not_picked":["Flex","Dual Wield"],"picked":"Metallicize","floor":19},{"not_picked":["Perfected Strike","Rupture"],"picked":"Body Slam","floor":20},{"not_picked":["Second Wind","Searing Blow+1"],"picked":"Impervious","floor":24},{"not_picked":["Twin Strike","Body Slam"],"picked":"True Grit","floor":27},{"not_picked":["Body Slam","Sever Soul"],"picked":"Intimidate+1","floor":29}],"player_experience":1090874,"relics_obtained":[{"floor":7,"key":"Blue Candle"},{"floor":9,"key":"Bottled Lightning"},{"floor":12,"key":"Whetstone"},{"floor":24,"key":"Peace Pipe"},{"floor":26,"key":"Bag of Preparation"},{"floor":27,"key":"Mango"}],"event_choices":[{"damage_healed":18,"gold_gain":0,"player_choice":"Healed","damage_taken":0,"max_hp_gain":0,"max_hp_loss":0,"event_name":"The Cleric","floor":11,"gold_loss":35},{"damage_healed":25,"gold_gain":0,"player_choice":"Banana","damage_taken":0,"max_hp_gain":0,"max_hp_loss":0,"event_name":"Big Fish","floor":13,"gold_loss":0},{"cards_removed":["Strike_R"],"damage_healed":0,"gold_gain":0,"player_choice":"Card Removal","damage_taken":7,"max_hp_gain":0,"max_hp_loss":0,"event_name":"Golden Wing","floor":14,"gold_loss":0},{"damage_healed":0,"gold_gain":0,"player_choice":"Ignored","damage_taken":0,"max_hp_gain":0,"max_hp_loss":0,"event_name":"Vampires","floor":22,"gold_loss":0},{"damage_healed":0,"gold_gain":0,"player_choice":"Opened","damage_taken":0,"relics_obtained":["Shuriken"],"max_hp_gain":0,"max_hp_loss":0,"event_name":"The Mausoleum","floor":25,"gold_loss":0,"cards_obtained":["Writhe"]},{"damage_healed":0,"gold_gain":0,"player_choice":"Shed Blood","damage_taken":31,"max_hp_gain":5,"max_hp_loss":0,"event_name":"Forgotten Altar","floor":28,"gold_loss":0},{"damage_healed":0,"gold_gain":0,"player_choice":"Got Potions","damage_taken":0,"max_hp_gain":0,"max_hp_loss":0,"event_name":"Lab","floor":31,"gold_loss":0}],"is_beta":false,"boss_relics":[{"not_picked":["Ectoplasm","Mark of Pain"],"picked":"Sozu"}],"items_purged_floors":[21],"is_endless":false,"potions_floor_spawned":[2,4,5,12,19,20,24],"killed_by":"Champ","ascension_level":16}