{"gold_per_floor":[116,19,36,56,73,73,84,96,96,96,111,139,27,39,39,141,141,159,159,4,4,4,4,22,22,22,22,22,22,33,59,59,163,163,178,178,88,106,1105,1105,1122,1122,1122,1122,20,37,0,0,0,0],"floor_reached":50,"playtime":1518,"items_purged":["Defend_B","Normality"],"score":531,"play_id":"05b582b4-f877-4bc2-a48a-a13ba8649e93","local_time":"20190329081913","is_ascension_mode":true,"campfire_choices":[{"data":"Defragment","floor":6,"key":"SMITH"},{"floor":10,"key":"REST"},{"data":"Echo Form","floor":15,"key":"SMITH"},{"data":"Static Discharge","floor":23,"key":"SMITH"},{"floor":27,"key":"REST"},{"floor":29,"key":"REST"},{"data":"Static Discharge","floor":32,"key":"SMITH"},{"floor":40,"key":"REST"},{"floor":42,"key":"REST"},{"floor":44,"key":"RECALL"},{"floor":49,"key":"REST"}],"neow_cost":"NONE","seed_source_timestamp":898745140446555,"circlet_count":0,"master_deck":["Strike_B","Strike_B","Strike_B","Defend_B","Defend_B","Zap","Dualcast","Doom and Gloom","Capacitor","Leap","Conserve Battery","Redo","Defragment+1","Self Repair","Echo Form+1","Static Discharge+1","Hologram","Melter","Loop","Thunder Strike","Machine Learning","Glacier","Consume+1","Loop","Defragment","Static Discharge+1","Seek","Stack+1","FTL+1","Normality","Metamorphosis","Parasite"],"relics":["Cracked Core","NeowsBlessing","Mummified Hand","Juzu Bracelet","Lizard Tail","Oddly Smooth Stone","Gambling Chip","Busted Crown","Shuriken","Blood Vial","Turnip","TheAbacus","Red Mask"],"potions_floor_usage":[5,16,16,18,30,30,30,30,30,31,33,33,38,46,46,46,50],"damage_taken":[{"damage":0,"enemies":"Cultist","floor":1,"turns":1},{"damage":0,"enemies":"Jaw Worm","floor":3,"turns":1},{"damage":0,"enemies":"Small Slimes","floor":4,"turns":1},{"damage":7,"enemies":"Red Slaver","floor":5,"turns":2},{"damage":4,"enemies":"Large Slime","floor":7,"turns":5},{"damage":7,"enemies":"Lots of Slimes","floor":8,"turns":2},{"damage":13,"enemies":"Looter","floor":11,"turns":4},{"damage":28,"enemies":"3 Sentries","floor":12,"turns":5},{"damage":7,"enemies":"3 Louse","floor":14,"turns":3},{"damage":37,"enemies":"The Guardian","floor":16,"turns":8},{"damage":20,"enemies":"Shell Parasite","floor":18,"turns":5},{"damage":23,"enemies":"Chosen","floor":24,"turns":4},{"damage":0,"enemies":"Sentry and Sphere","floor":30,"turns":5},{"damage":10,"enemies":"Gremlin Leader","floor":31,"turns":5},{"damage":20,"enemies":"Automaton","floor":33,"turns":5},{"damage":62,"enemies":"3 Shapes","floor":35,"turns":3},{"damage":14,"enemies":"Orb Walker","floor":38,"turns":2},{"damage":39,"enemies":"4 Shapes","floor":41,"turns":3},{"damage":57,"enemies":"Writhing Mass","floor":46,"turns":5},{"damage":36,"enemies":"Donu and Deca","floor":50,"turns":2}],"seed_played":"1584811857497514648","potions_obtained":[{"floor":1,"key":"Fire Potion"},{"floor":12,"key":"Dexterity Potion"},{"floor":14,"key":"Energy Potion"},{"floor":16,"key":"AttackPotion"},{"floor":25,"key":"EntropicBrew"},{"floor":25,"key":"Energy Potion"},{"floor":25,"key":"Swift Potion"},{"floor":30,"key":"AttackPotion"},{"floor":31,"key":"LiquidBronze"},{"floor":35,"key":"SkillPotion"},{"floor":46,"key":"Explosive Potion"}],"is_trial":false,"path_per_floor":["M","$","M","M","M","R","M","M","T","R","M","E","$","M","R","B",null,"M","?","$","?","?","R","M","?","T","R","$","R","M","E","R","B",null,"M","?","?","M","?","R","M","R","T","R","$","M","?","$","R","B"],"character_chosen":"DEFECT","items_purchased":["Capacitor","Leap","Melter","Consume","Loop","Blood Vial","Metamorphosis","Turnip","TheAbacus","EssenceOfSteel","SkillPotion","SteroidPotion"],"campfire_rested":6,"item_purchase_floors":[2,2,13,20,20,45,45,45,45,45,45,45],"current_hp_per_floor":[75,75,75,75,68,68,64,57,57,75,75,61,61,61,61,31,75,55,55,55,55,55,55,32,32,32,54,54,75,75,75,75,62,75,20,20,20,13,13,35,37,59,59,59,59,11,11,11,33,0],"gold":0,"neow_bonus":"THREE_ENEMY_KILL","is_prod":false,"is_daily":false,"chose_seed":false,"campfire_upgraded":4,"win_rate":0,"timestamp":1553872753,"path_taken":["M","$","M","M","M","R","M","M","T","R","M","E","$","M","R","BOSS","M","?","$","?","?","R","M","?","T","R","$","R","M","E","R","BOSS","M","?","?","M","?","R","M","R","T","R","$","M","?","$","R","BOSS"],"build_version":"2019-01-23","purchased_purges":2,"victory":false,"max_hp_per_floor":[75,75,75,75,75,75,75,75,75,75,75,75,75,75,75,75,75,75,75,75,75,75,75,75,75,75,75,75,75,75,75,75,75,75,75,75,75,75,75,75,75,75,75,75,75,75,75,75,75,75],"card_choices":[{"not_picked":["Steam","Rip and Tear"],"picked":"Doom and Gloom","floor":1},{"not_picked":["Coolheaded","Aggregate"],"picked":"Conserve Battery","floor":3},{"not_picked":["Coolheaded","Conserve Battery"],"picked":"Redo","floor":4},{"not_picked":["Core Surge","Beam Cell"],"picked":"Defragment","floor":5},{"not_picked":["Sweeping Beam","Cold Snap"],"picked":"Self Repair","floor":7},{"not_picked":["Coolheaded","Barrage"],"picked":"Echo Form","floor":8},{"not_picked":["Ball Lightning","Rip and Tear"],"picked":"Static Discharge","floor":11},{"not_picked":["Conserve Battery","Go for the Eyes"],"picked":"Hologram","floor":12},{"not_picked":["Beam Cell","Gash"],"picked":"Loop","floor":14},{"not_picked":["Fission","Rainbow"],"picked":"Thunder Strike","floor":16},{"not_picked":["Rebound","Double Energy","Compile Driver"],"picked":"SKIP","floor":18},{"not_picked":["Barrage","Rebound"],"picked":"Defragment","floor":24},{"not_picked":["Leap+1","Loop"],"picked":"Static Discharge","floor":30},{"not_picked":["Barrage","Reprogram+1"],"picked":"Seek","floor":31},{"not_picked":[],"picked":"Stack","floor":35},{"not_picked":[],"picked":"FTL+1","floor":38},{"not_picked":["Steam Power"],"picked":"SKIP","floor":41},{"not_picked":["Hologram"],"picked":"SKIP","floor":46}],"player_experience":378768,"relics_obtained":[{"floor":9,"key":"Mummified Hand"},{"floor":12,"key":"Juzu Bracelet"},{"floor":31,"key":"Gambling Chip"},{"floor":43,"key":"Shuriken"}],"event_choices":[{"damage_healed":0,"gold_gain":0,"cards_transformed":["Strike_B","Defend_B"],"player_choice":"Became Test Subject","damage_taken":0,"max_hp_gain":0,"max_hp_loss":0,"event_name":"Drug Dealer","floor":19,"gold_loss":0,"cards_obtained":["Machine Learning","Glacier"]},{"damage_healed":0,"gold_gain":0,"player_choice":"Upgraded","damage_taken":0,"max_hp_gain":0,"max_hp_loss":0,"event_name":"Upgrade Shrine","floor":21,"gold_loss":0,"cards_upgraded":["Consume"]},{"damage_healed":0,"gold_gain":0,"player_choice":"Opened","damage_taken":0,"relics_obtained":["Oddly Smooth Stone"],"max_hp_gain":0,"max_hp_loss":0,"event_name":"The Mausoleum","floor":22,"gold_loss":0,"cards_obtained":["Writhe"]},{"damage_healed":0,"gold_gain":0,"player_choice":"Got Potions","damage_taken":0,"max_hp_gain":0,"max_hp_loss":0,"event_name":"Lab","floor":25,"gold_loss":0},{"damage_healed":0,"gold_gain":0,"player_choice":"Memory 1","damage_taken":0,"max_hp_gain":0,"max_hp_loss":0,"event_name":"SensoryStone","floor":36,"gold_loss":0},{"cards_removed":["Writhe"],"damage_healed":0,"gold_gain":0,"player_choice":"Upgrade and Remove","damage_taken":0,"max_hp_gain":0,"max_hp_loss":0,"event_name":"Designer","floor":37,"gold_loss":90,"cards_upgraded":["Stack"]},{"damage_healed":0,"gold_gain":999,"player_choice":"Gold","damage_taken":0,"max_hp_gain":0,"max_hp_loss":0,"event_name":"MindBloom","floor":39,"gold_loss":0,"cards_obtained":["Normality","Normality"]},{"damage_healed":0,"gold_gain":0,"player_choice":"Paid","damage_taken":0,"relics_obtained":["Red Mask"],"max_hp_gain":0,"max_hp_loss":0,"event_name":"Tomb of Lord Red Mask","floor":47,"gold_loss":37}],"is_beta":false,"boss_relics":[{"not_picked":["Eternal Feather","Empty Cage"],"picked":"Lizard Tail"},{"not_picked":["Coffee Dripper","Calling Bell"],"picked":"Busted Crown"}],"items_purged_floors":[13,45],"is_endless":false,"potions_floor_spawned":[1,12,14,16,30,31,35,46],"killed_by":"Donu and Deca","ascension_level":2}