{"gold_per_floor":[116,90,109,109,184,212,212,241,241,241,241,261,261,295,295,392,392,410,335,76,76,76,90,90,120,120,120,140,150,150,163,163,163],"floor_reached":33,"playtime":2176,"items_purged":["Strike_R"],"score":413,"play_id":"f5619b8c-9dd1-417c-ac87-e45420d191cf","local_time":"20190404201831","is_ascension_mode":true,"campfire_choices":[{"data":"True Grit","floor":7,"key":"SMITH"},{"floor":10,"key":"REST"},{"data":"Anger","floor":13,"key":"SMITH"},{"data":"Bash","floor":15,"key":"SMITH"},{"data":"Iron Wave","floor":24,"key":"SMITH"},{"data":"Clothesline","floor":27,"key":"SMITH"},{"floor":30,"key":"REST"},{"floor":32,"key":"REST"}],"neow_cost":"NONE","seed_source_timestamp":89510653603685,"circlet_count":0,"master_deck":["Strike_R","Strike_R+1","Defend_R","Defend_R","Defend_R+1","Defend_R","Bash+1","Anger+1","True Grit+1","Warcry","Clothesline+1","Iron Wave+1","Rampage","Ghostly Armor","Double Tap","Disarm","Feel No Pain","Necronomicurse","Shrug It Off","Armaments","Evolve"],"relics":["Burning Blood","NeowsBlessing","Bottled Lightning","Matryoshka","Regal Pillow","Gambling Chip","Vajra","Mark of Pain","Lantern","Necronomicon","StoneCalendar","PreservedInsect","Mercury Hourglass"],"potions_floor_usage":[14,25,25,25],"damage_taken":[{"damage":0,"enemies":"Small Slimes","floor":1,"turns":1},{"damage":0,"enemies":"2 Louse","floor":3,"turns":1},{"damage":0,"enemies":"Gremlin Nob","floor":6,"turns":1},{"damage":34,"enemies":"3 Sentries","floor":8,"turns":9},{"damage":1,"enemies":"Cultist","floor":12,"turns":3},{"damage":25,"enemies":"Gremlin Nob","floor":14,"turns":4},{"damage":36,"enemies":"Hexaghost","floor":16,"turns":11},{"damage":23,"enemies":"2 Thieves","floor":18,"turns":4},{"damage":5,"enemies":"Chosen","floor":23,"turns":3},{"damage":12,"enemies":"Slavers","floor":25,"turns":6},{"damage":28,"enemies":"Shelled Parasite and Fungi","floor":28,"turns":5},{"damage":22,"enemies":"Sentry and Sphere","floor":29,"turns":4},{"damage":9,"enemies":"Snake Plant","floor":31,"turns":3},{"damage":90,"enemies":"Automaton","floor":33,"turns":10}],"seed_played":"4491834213396104266","potions_obtained":[{"floor":6,"key":"Energy Potion"},{"floor":16,"key":"Explosive Potion"},{"floor":18,"key":"PowerPotion"},{"floor":23,"key":"LiquidBronze"}],"is_trial":false,"path_per_floor":["?","?","?","M","?","?","?","M"],"character_chosen":"IRONCLAD","items_purchased":["True Grit","Lantern","Feel No Pain"],"campfire_rested":3,"item_purchase_floors":[2,20,20],"current_hp_per_floor":[78,78,80,64,53,59,59,31,31,70,70,75,75,56,56,26,67,50,50,50,34,60,61,61,55,55,55,33,17,56,53,80,0],"gold":163,"neow_bonus":"THREE_ENEMY_KILL","is_prod":false,"is_daily":false,"chose_seed":false,"campfire_upgraded":5,"win_rate":0,"timestamp":1554430711,"path_taken":["M","$","M","?","?","E","R","E","T","R","?","?","R","E","R","BOSS","M","?","$","?","?","?","R","E","T","R","M","M","R","M","R","BOSS"],"build_version":"2019-01-23","purchased_purges":1,"victory":false,"max_hp_per_floor":[80,80,80,80,80,80,80,80,80,80,80,80,80,80,80,80,80,80,80,80,80,80,80,80,80,80,80,80,80,80,80,80,80],"card_choices":[{"not_picked":["Perfected Strike","Wild Strike"],"picked":"Anger","floor":1},{"not_picked":["Sentinel","Ghostly Armor"],"picked":"Warcry","floor":3},{"not_picked":["Pummel","Cleave"],"picked":"Clothesline","floor":6},{"not_picked":["Perfected Strike","Ghostly Armor"],"picked":"Iron Wave","floor":8},{"not_picked":["Clothesline","Clash"],"picked":"Ghostly Armor","floor":12},{"not_picked":["Clothesline","Dark Embrace","Clash"],"picked":"SKIP","floor":14},{"not_picked":["Limit Break","Offering"],"picked":"Double Tap","floor":16},{"not_picked":["Sword Boomerang+1","Warcry"],"picked":"Disarm","floor":18},{"not_picked":["Clash","Entrench","Demon Form"],"picked":"SKIP","floor":23},{"not_picked":["True Grit","Wild Strike"],"picked":"Shrug It Off","floor":25},{"not_picked":["Perfected Strike","Thunderclap","Wild Strike"],"picked":"SKIP","floor":28},{"not_picked":["Sword Boomerang","Second Wind"],"picked":"Armaments","floor":29},{"not_picked":["Combust","Dropkick"],"picked":"Evolve","floor":31}],"player_experience":522410,"relics_obtained":[{"floor":6,"key":"Bottled Lightning"},{"floor":8,"key":"Matryoshka"},{"floor":9,"key":"Regal Pillow"},{"floor":9,"key":"Gambling Chip"},{"floor":14,"key":"Vajra"},{"floor":21,"key":"Necronomicon"},{"floor":25,"key":"StoneCalendar"},{"floor":26,"key":"PreservedInsect"},{"floor":26,"key":"Mercury Hourglass"}],"event_choices":[{"damage_healed":0,"gold_gain":0,"player_choice":"Entered Light","damage_taken":16,"max_hp_gain":0,"max_hp_loss":0,"event_name":"Shining Light","floor":4,"gold_loss":0,"cards_upgraded":["Strike_R","Defend_R"]},{"damage_healed":0,"gold_gain":75,"player_choice":"Gather Gold","damage_taken":11,"max_hp_gain":0,"max_hp_loss":0,"event_name":"World of Goop","floor":5,"gold_loss":0},{"damage_healed":0,"gold_gain":0,"cards_transformed":["Strike_R"],"player_choice":"Transformed","damage_taken":0,"max_hp_gain":0,"max_hp_loss":0,"event_name":"Transmorgrifier","floor":11,"gold_loss":0,"cards_obtained":["Rampage"]},{"cards_removed":["Strike_R"],"damage_healed":0,"gold_gain":0,"player_choice":"Gave Gold","damage_taken":0,"max_hp_gain":0,"max_hp_loss":0,"event_name":"Beggar","floor":19,"gold_loss":75},{"damage_healed":0,"gold_gain":0,"player_choice":"Obtained Book","damage_taken":16,"max_hp_gain":0,"max_hp_loss":0,"event_name":"Cursed Tome","floor":21,"gold_loss":0},{"damage_healed":26,"gold_gain":0,"player_choice":"Heal","damage_taken":0,"max_hp_gain":0,"max_hp_loss":0,"event_name":"The Library","floor":22,"gold_loss":0}],"is_beta":false,"boss_relics":[{"not_picked":["Tiny House","Cursed Key"],"picked":"Mark of Pain"}],"items_purged_floors":[20],"is_endless":false,"potions_floor_spawned":[6,16,18,23],"killed_by":"Automaton","ascension_level":7}