{"gold_per_floor":[117,132,145,161,176,176,101,101,101,101,101,1,17,92,92,213,213,226,245,260,260,260,260],"floor_reached":23,"playtime":2703,"items_purged":["Strike_R","Strike_R"],"score":183,"play_id":"b66a83e5-b997-4e05-bd61-5bef6ffa4b36","local_time":"20190124143722","is_ascension_mode":false,"campfire_choices":[{"data":"Uppercut","floor":6,"key":"SMITH"},{"data":"True Grit","floor":8,"key":"SMITH"},{"data":"Bash","floor":10,"key":"SMITH"},{"data":"Iron Wave","floor":15,"key":"SMITH"}],"neow_cost":"NONE","seed_source_timestamp":1273120713951548,"circlet_count":0,"master_deck":["Strike_R","Strike_R","Defend_R","Defend_R","Defend_R","Defend_R","Bash+1","True Grit+1","Iron Wave+1","Shockwave","Uppercut+1","Iron Wave","Iron Wave","Feed","Shrug It Off"],"relics":["Burning Blood","Bronze Scales","Bag of Marbles","Golden Idol","Sozu"],"potions_floor_usage":[16,20],"damage_taken":[{"damage":1,"enemies":"2 Louse","floor":1,"turns":4},{"damage":6,"enemies":"Jaw Worm","floor":2,"turns":4},{"damage":3,"enemies":"Cultist","floor":3,"turns":4},{"damage":9,"enemies":"Looter","floor":4,"turns":3},{"damage":35,"enemies":"Gremlin Gang","floor":5,"turns":5},{"damage":2,"enemies":"Exordium Wildlife","floor":13,"turns":4},{"damage":26,"enemies":"The Guardian","floor":16,"turns":14},{"damage":0,"enemies":"3 Byrds","floor":18,"turns":2},{"damage":6,"enemies":"Chosen","floor":19,"turns":4},{"damage":2,"enemies":"Sentry and Sphere","floor":20,"turns":6},{"damage":89,"enemies":"Gremlin Leader","floor":23,"turns":10}],"seed_played":"-199978028137449986","potions_obtained":[{"floor":2,"key":"Explosive Potion"},{"floor":4,"key":"BloodPotion"}],"is_trial":false,"path_per_floor":["M","M","M","M","M","R","$","R","T","R","?","$","M","?","R","B",null,"M","M","M","$","?","E"],"character_chosen":"IRONCLAD","items_purchased":[],"campfire_rested":0,"item_purchase_floors":[],"current_hp_per_floor":[80,80,80,77,48,48,48,48,48,48,28,28,32,24,24,12,80,80,80,83,83,83,0],"gold":260,"neow_bonus":"RANDOM_COMMON_RELIC","is_prod":false,"is_daily":false,"chose_seed":false,"campfire_upgraded":4,"win_rate":0,"timestamp":1548369442,"path_taken":["M","M","M","M","M","R","$","R","T","R","?","$","M","?","R","BOSS","M","M","M","?","?","E"],"build_version":"2019-01-10","purchased_purges":2,"victory":false,"max_hp_per_floor":[80,80,80,80,80,80,80,80,80,80,80,80,80,80,80,80,80,80,80,83,83,83,83],"card_choices":[{"not_picked":["Feel No Pain","Twin Strike"],"picked":"True Grit","floor":1},{"not_picked":["Body Slam","Anger"],"picked":"Iron Wave","floor":2},{"not_picked":["Sentinel","Headbutt"],"picked":"Shockwave","floor":3},{"not_picked":["Thunderclap","Twin Strike"],"picked":"Uppercut","floor":4},{"not_picked":["Clash","Disarm"],"picked":"Iron Wave","floor":5},{"not_picked":["Immolate","Anger"],"picked":"Iron Wave","floor":13},{"not_picked":["Reaper","Offering"],"picked":"Feed","floor":16},{"not_picked":["Anger","Sever Soul","Seeing Red"],"picked":"SKIP","floor":18},{"not_picked":["Carnage+1","Wild Strike","Perfected Strike"],"picked":"SKIP","floor":19},{"not_picked":["Flex+1","Armaments"],"picked":"Shrug It Off","floor":20}],"player_experience":358009,"relics_obtained":[{"floor":9,"key":"Bag of Marbles"}],"event_choices":[{"damage_healed":0,"gold_gain":0,"player_choice":"Take Damage","damage_taken":20,"relics_obtained":["Golden Idol"],"max_hp_gain":0,"max_hp_loss":0,"event_name":"Golden Idol","floor":11,"gold_loss":0},{"damage_healed":0,"gold_gain":75,"player_choice":"Touch","damage_taken":8,"max_hp_gain":0,"max_hp_loss":0,"event_name":"FaceTrader","floor":14,"gold_loss":0},{"cards_removed":["Strike_R"],"damage_healed":0,"gold_gain":0,"player_choice":"Offered Basic","damage_taken":0,"max_hp_gain":0,"max_hp_loss":0,"event_name":"Bonfire Elementals","floor":22,"gold_loss":0}],"is_beta":false,"boss_relics":[{"not_picked":["Ectoplasm","Busted Crown"],"picked":"Sozu"}],"items_purged_floors":[7,12],"is_endless":false,"potions_floor_spawned":[2,4,20],"killed_by":"Gremlin Leader","ascension_level":0}