{"gold_per_floor":[111,9,24,2,2,2,29,29,29,63,63,89,101,131,131,230,230,195,195,195,207,224,224,258,258,313,338,338,364,384,309,309,309],"floor_reached":33,"playtime":932,"items_purged":[],"score":524,"play_id":"d61cc288-8923-4e9b-95ad-a134a06701f8","local_time":"20190112014531","is_ascension_mode":true,"campfire_choices":[{"data":"Armaments","floor":6,"key":"SMITH"},{"data":"Wild Strike","floor":11,"key":"SMITH"},{"data":"Bludgeon","floor":15,"key":"SMITH"},{"data":"Immolate","floor":23,"key":"SMITH"},{"data":"Bludgeon","floor":25,"key":"SMITH"},{"data":"Bash","floor":32,"key":"SMITH"}],"neow_cost":"NONE","seed_source_timestamp":539284277201074,"circlet_count":0,"master_deck":["Strike_R","Strike_R","Strike_R","Strike_R","Strike_R","Defend_R","Defend_R","Defend_R","Defend_R","Bash+1","Armaments+1","Wild Strike+1","Power Through","Headbutt","Twin Strike","Reckless Charge","Bludgeon+1","Burning Pact","True Grit","Bludgeon+1","Wild Strike+1","Shrug It Off","Immolate+1","Finesse","Pommel Strike","Pummel+1","Clumsy"],"relics":["Burning Blood","NeowsBlessing","Vajra","Mango","Sundial","Pantograph","Odd Mushroom","Blood Vial","Cursed Key","Matryoshka","Tiny Chest","Boot","Champion Belt","Enchiridion","PreservedInsect"],"potions_floor_usage":[14,16,24,24,27,29,30],"damage_taken":[{"damage":0,"enemies":"Cultist","floor":1,"turns":1},{"damage":0,"enemies":"Jaw Worm","floor":3,"turns":1},{"damage":0,"enemies":"3 Sentries","floor":7,"turns":1},{"damage":38,"enemies":"Lagavulin","floor":10,"turns":7},{"damage":13,"enemies":"The Mushroom Lair","floor":12,"turns":4},{"damage":4,"enemies":"2 Louse","floor":13,"turns":2},{"damage":22,"enemies":"3 Sentries","floor":14,"turns":5},{"damage":3,"enemies":"Slime Boss","floor":16,"turns":5},{"damage":3,"enemies":"2 Thieves","floor":18,"turns":5},{"damage":0,"enemies":"Shell Parasite","floor":21,"turns":3},{"damage":3,"enemies":"Centurion and Healer","floor":22,"turns":3},{"damage":32,"enemies":"Gremlin Leader","floor":24,"turns":5},{"damage":39,"enemies":"Book of Stabbing","floor":27,"turns":4},{"damage":0,"enemies":"Gremlin Leader","floor":29,"turns":4},{"damage":19,"enemies":"Snake Plant","floor":30,"turns":2},{"damage":75,"enemies":"Collector","floor":33,"turns":6}],"seed_played":"-3994242409405847975","potions_obtained":[{"floor":1,"key":"FairyPotion"},{"floor":7,"key":"Fire Potion"},{"floor":12,"key":"BloodPotion"},{"floor":13,"key":"FearPotion"},{"floor":16,"key":"LiquidBronze"},{"floor":22,"key":"Ancient Potion"},{"floor":24,"key":"Fire Potion"},{"floor":27,"key":"AttackPotion"},{"floor":29,"key":"Regen Potion"}],"is_trial":false,"path_per_floor":["M","$","M","$","$","R","E","?","T","E","R","?","M","E","R","B",null,"M","?","?","M","M","R","E","R","T","E","?","E","M","?","R","B"],"character_chosen":"IRONCLAD","items_purchased":["Wild Strike","Power Through","Twin Strike"],"campfire_rested":0,"item_purchase_floors":[2,2,4],"current_hp_per_floor":[80,80,80,80,80,80,80,94,94,62,62,55,57,50,50,80,91,94,94,94,94,94,94,68,68,68,37,21,29,23,23,23,0],"gold":309,"neow_bonus":"THREE_ENEMY_KILL","is_prod":false,"is_daily":false,"chose_seed":false,"campfire_upgraded":6,"win_rate":0,"timestamp":1547257531,"path_taken":["M","$","M","?","$","R","E","?","T","E","R","?","M","E","R","BOSS","M","?","?","M","?","R","E","R","T","E","?","E","M","?","R","BOSS"],"build_version":"2019-01-10","purchased_purges":0,"victory":false,"max_hp_per_floor":[80,80,80,80,80,80,80,94,94,94,94,94,94,94,94,94,94,94,94,94,94,94,94,94,94,94,94,94,94,94,94,94,94],"card_choices":[{"not_picked":["Power Through","Wild Strike"],"picked":"Armaments","floor":1},{"not_picked":["Havoc","Sword Boomerang"],"picked":"Headbutt","floor":3},{"not_picked":["Clash","Shockwave"],"picked":"Reckless Charge","floor":7},{"not_picked":["Twin Strike","Heavy Blade","Clothesline"],"picked":"SKIP","floor":10},{"not_picked":["Sword Boomerang","Pummel"],"picked":"Bludgeon","floor":12},{"not_picked":["Wild Strike","Dual Wield","Burning Pact"],"picked":"SKIP","floor":13},{"not_picked":["Wild Strike","Dual Wield"],"picked":"Burning Pact","floor":13},{"not_picked":["Sentinel","Iron Wave"],"picked":"True Grit","floor":14},{"not_picked":["Reaper","Berserk"],"picked":"Bludgeon","floor":16},{"not_picked":["Seeing Red+1","Twin Strike"],"picked":"Wild Strike+1","floor":18},{"not_picked":["Heavy Blade","Clash","Carnage"],"picked":"SKIP","floor":21},{"not_picked":["Metallicize","Clothesline"],"picked":"Pommel Strike","floor":22},{"not_picked":["Flex","Armaments"],"picked":"Pummel+1","floor":24},{"not_picked":["Armaments","Fiend Fire","Hemokinesis"],"picked":"SKIP","floor":27},{"not_picked":["Flex","True Grit","Warcry"],"picked":"SKIP","floor":29},{"not_picked":["Whirlwind","Heavy Blade","Cleave"],"picked":"SKIP","floor":30}],"player_experience":56332,"relics_obtained":[{"floor":7,"key":"Vajra"},{"floor":9,"key":"Sundial"},{"floor":10,"key":"Pantograph"},{"floor":12,"key":"Odd Mushroom"},{"floor":14,"key":"Blood Vial"},{"floor":24,"key":"Matryoshka"},{"floor":26,"key":"Tiny Chest"},{"floor":26,"key":"Boot"},{"floor":27,"key":"Champion Belt"},{"floor":28,"key":"Enchiridion"},{"floor":29,"key":"PreservedInsect"}],"event_choices":[{"damage_healed":0,"gold_gain":0,"player_choice":"Box","damage_taken":0,"relics_obtained":["Mango"],"max_hp_gain":0,"max_hp_loss":0,"event_name":"Big Fish","floor":8,"gold_loss":0,"cards_obtained":["Regret"]},{"damage_healed":0,"gold_gain":0,"player_choice":"Fought Mushrooms","damage_taken":0,"max_hp_gain":0,"max_hp_loss":0,"event_name":"Mushrooms","floor":12,"gold_loss":0},{"damage_healed":0,"gold_gain":0,"player_choice":"Read","damage_taken":0,"max_hp_gain":0,"max_hp_loss":0,"event_name":"The Library","floor":19,"gold_loss":0,"cards_obtained":["Shrug It Off"]},{"damage_healed":0,"gold_gain":0,"player_choice":"2 cards matched","damage_taken":0,"max_hp_gain":0,"max_hp_loss":0,"event_name":"Match and Keep!","floor":20,"gold_loss":0,"cards_obtained":["Immolate","Finesse"]},{"damage_healed":0,"gold_gain":0,"player_choice":"Obtained Book","damage_taken":16,"max_hp_gain":0,"max_hp_loss":0,"event_name":"Cursed Tome","floor":28,"gold_loss":0},{"cards_removed":["Regret"],"damage_healed":0,"gold_gain":0,"player_choice":"Gave Gold","damage_taken":0,"max_hp_gain":0,"max_hp_loss":0,"event_name":"Beggar","floor":31,"gold_loss":75}],"is_beta":false,"boss_relics":[{"not_picked":["Empty Cage","Eternal Feather"],"picked":"Cursed Key"}],"items_purged_floors":[],"is_endless":false,"potions_floor_spawned":[1,7,12,13,16,22,24,27,29],"killed_by":"Collector","ascension_level":5}