{"gold_per_floor":[119,129,141,141,160,160,187,28,79,90,116,129,156,176,176,271,271,289,301,226,240,115,147,158,183,183,214,229,243,243],"floor_reached":30,"playtime":1677,"items_purged":["Strike_B","Strike_B"],"score":427,"play_id":"1a6cca3d-d2f7-4b30-8524-ca615f71be49","local_time":"20180826100511","is_ascension_mode":true,"campfire_choices":[{"data":"Beam Cell","floor":6,"key":"SMITH"},{"floor":15,"key":"REST"}],"neow_cost":"NONE","seed_source_timestamp":680326782810383,"circlet_count":0,"master_deck":["Strike_B","Defend_B","Defend_B","Defend_B","Defend_B","Zap","Dualcast","Auto Shields","Beam Cell+1","Compile Driver","Creative AI","Ball Lightning","Reinforced Body","Loop","Cold Snap","Self Repair","Lockon","Cold Snap","Ball Lightning","Reboot","Steam+1","Beam Cell+1","Conserve Battery","Conserve Battery","Hologram+1","Genetic Algorithm","Consume"],"relics":["Cracked Core","Regal Pillow","Meat on the Bone","Oddly Smooth Stone","Dream Catcher","Lantern","Gremlin Horn","Fusion Hammer","Centennial Puzzle","Strawberry","Du-Vu Doll","Ginger"],"potions_floor_usage":[12,13,13,25,25,27,30],"damage_taken":[{"damage":2,"enemies":"Jaw Worm","floor":1,"turns":4},{"damage":4,"enemies":"Small Slimes","floor":2,"turns":4},{"damage":0,"enemies":"2 Louse","floor":3,"turns":2},{"damage":4,"enemies":"Red Slaver","floor":5,"turns":3},{"damage":32,"enemies":"Lagavulin","floor":7,"turns":8},{"damage":9,"enemies":"2 Fungi Beasts","floor":10,"turns":3},{"damage":20,"enemies":"Gremlin Nob","floor":11,"turns":4},{"damage":0,"enemies":"Exordium Thugs","floor":12,"turns":3},{"damage":19,"enemies":"Lagavulin","floor":13,"turns":6},{"damage":4,"enemies":"Gremlin Gang","floor":14,"turns":2},{"damage":49,"enemies":"Slime Boss","floor":16,"turns":11},{"damage":15,"enemies":"Spheric Guardian","floor":18,"turns":4},{"damage":16,"enemies":"2 Thieves","floor":19,"turns":3},{"damage":11,"enemies":"Snecko","floor":21,"turns":6},{"damage":32,"enemies":"Book of Stabbing","floor":23,"turns":7},{"damage":2,"enemies":"3 Cultists","floor":24,"turns":5},{"damage":33,"enemies":"Gremlin Leader","floor":25,"turns":8},{"damage":10,"enemies":"Slavers","floor":27,"turns":5},{"damage":0,"enemies":"Centurion and Healer","floor":28,"turns":11},{"damage":32,"enemies":"Cultist and Chosen","floor":29,"turns":9},{"damage":39,"enemies":"Gremlin Leader","floor":30,"turns":5}],"seed_played":"-197287573890386045","potions_obtained":[{"floor":1,"key":"Energy Potion"},{"floor":3,"key":"Ancient Potion"},{"floor":11,"key":"FearPotion"},{"floor":12,"key":"Block Potion"},{"floor":14,"key":"Swift Potion"},{"floor":18,"key":"GamblersBrew"},{"floor":23,"key":"Dexterity Potion"},{"floor":25,"key":"AttackPotion"},{"floor":29,"key":"SkillPotion"}],"is_trial":false,"path_per_floor":["M","M","M","?","M","R","E","$","T","M","E","M","E","M","R","B",null,"M","M","?","M","$","E","M","E","T","E","M","M"],"character_chosen":"DEFECT","items_purchased":["Ball Lightning","Reinforced Body","Conserve Battery"],"campfire_rested":1,"item_purchase_floors":[8,8,22],"current_hp_per_floor":[66,62,62,37,45,45,25,25,25,28,20,32,32,47,75,45,68,60,44,44,45,45,32,49,42,42,44,51,31,0],"gold":243,"neow_bonus":"RANDOM_COMMON_RELIC","is_prod":false,"is_daily":false,"chose_seed":false,"campfire_upgraded":1,"win_rate":0,"timestamp":1535303111,"path_taken":["M","M","M","?","M","R","E","?","T","M","E","?","E","M","R","BOSS","M","M","?","M","$","E","M","E","T","E","?","M","E"],"build_version":"2018-08-23v2","purchased_purges":2,"victory":false,"max_hp_per_floor":[75,75,75,75,75,75,75,75,75,75,75,75,75,75,75,75,75,75,75,75,75,75,75,75,82,82,82,82,82,82],"card_choices":[{"not_picked":["Steam Power","FTL"],"picked":"Auto Shields","floor":1},{"not_picked":["Barrage","Coolheaded","Lockon"],"picked":"SKIP","floor":2},{"not_picked":["Stack","Turbo"],"picked":"Beam Cell","floor":3},{"not_picked":["Go for the Eyes","Sweeping Beam"],"picked":"Compile Driver","floor":5},{"not_picked":["Gash","Go for the Eyes"],"picked":"Creative AI","floor":7},{"not_picked":["Rebound","Coolheaded"],"picked":"Loop","floor":10},{"not_picked":["Rebound","Recycle"],"picked":"Cold Snap","floor":11},{"not_picked":["Sweeping Beam","Compile Driver"],"picked":"Self Repair","floor":12},{"not_picked":["Rip and Tear","Melter"],"picked":"Lockon","floor":13},{"not_picked":["Streamline","Stack"],"picked":"Cold Snap","floor":14},{"not_picked":["Doom and Gloom","Conserve Battery"],"picked":"Ball Lightning","floor":15},{"not_picked":["Creative AI","Machine Learning"],"picked":"Reboot","floor":16},{"not_picked":["Streamline","Heatsinks"],"picked":"Steam+1","floor":18},{"not_picked":["Compile Driver","FTL"],"picked":"Beam Cell+1","floor":19},{"not_picked":["Gash","Consume"],"picked":"Conserve Battery","floor":21},{"not_picked":["White Noise","Conserve Battery","Rainbow"],"picked":"SKIP","floor":23},{"not_picked":["Loop","Cold Snap"],"picked":"Hologram+1","floor":24},{"not_picked":["Hello World","Gash"],"picked":"Genetic Algorithm","floor":25},{"not_picked":["Hologram","Sweeping Beam+1","Turbo"],"picked":"SKIP","floor":27},{"not_picked":["Aggregate","Beam Cell"],"picked":"Consume","floor":28},{"not_picked":["Melter","Turbo","Rebound"],"picked":"SKIP","floor":29}],"player_experience":156523,"relics_obtained":[{"floor":7,"key":"Oddly Smooth Stone"},{"floor":9,"key":"Dream Catcher"},{"floor":11,"key":"Lantern"},{"floor":13,"key":"Gremlin Horn"},{"floor":23,"key":"Centennial Puzzle"},{"floor":25,"key":"Strawberry"},{"floor":26,"key":"Du-Vu Doll"},{"floor":27,"key":"Ginger"}],"event_choices":[{"event_name":"Scrap Ooze","player_choice":"success","floor":4,"damage_taken":25},{"event_name":"Beggar","player_choice":"Gave Gold","floor":20,"damage_taken":0}],"is_beta":false,"boss_relics":[{"not_picked":["Ectoplasm","Black Star"],"picked":"Fusion Hammer"}],"items_purged_floors":[8,22],"is_endless":false,"potions_floor_spawned":[1,3,11,12,14,18,21,23,25,29],"killed_by":"Gremlin Leader","ascension_level":7}