{"gold_per_floor":[110,123,142,19,39,66,66,76,76,76,87,87,112,112,112,210,210,229,229,0,13,33,33],"floor_reached":23,"playtime":1043,"items_purged":["Strike_R"],"score":258,"play_id":"2df0b54e-1db0-4554-a592-66daef150942","local_time":"20190321223934","is_ascension_mode":true,"campfire_choices":[{"data":"True Grit","floor":7.0,"key":"SMITH"},{"floor":10.0,"key":"REST"},{"data":"Uppercut","floor":15.0,"key":"SMITH"}],"neow_cost":"NONE","seed_source_timestamp":0,"circlet_count":0,"master_deck":["Strike_R","Strike_R","Strike_R+1","Strike_R","Defend_R","Defend_R","Defend_R","Defend_R","Bash+1","Anger","Cleave","Feed","True Grit+1","Spot Weakness","Reaper","True Grit","Uppercut+1","Fiend Fire","Limit Break","Disarm","Havoc","Flame Barrier"],"special_seed":0,"relics":["Burning Blood","Ancient Tea Set","Whetstone","Smiling Mask","Mark of Pain","Enchiridion"],"potions_floor_usage":[23,23],"damage_taken":[{"damage":11.0,"enemies":"Cultist","floor":1.0,"turns":4.0},{"damage":7.0,"enemies":"Jaw Worm","floor":2.0,"turns":3.0},{"damage":6.0,"enemies":"2 Louse","floor":3.0,"turns":3.0},{"damage":0.0,"enemies":"Large Slime","floor":5.0,"turns":4.0},{"damage":33.0,"enemies":"Lagavulin","floor":6.0,"turns":6.0},{"damage":1.0,"enemies":"3 Louse","floor":8.0,"turns":3.0},{"damage":4.0,"enemies":"Gremlin Gang","floor":11.0,"turns":3.0},{"damage":31.0,"enemies":"3 Sentries","floor":13.0,"turns":8.0},{"damage":59.0,"enemies":"The Guardian","floor":16.0,"turns":11.0},{"damage":56.0,"enemies":"3 Byrds","floor":18.0,"turns":6.0},{"damage":5.0,"enemies":"Shell Parasite","floor":21.0,"turns":4.0},{"damage":18.0,"enemies":"Snecko","floor":22.0,"turns":5.0},{"damage":46,"enemies":"Gremlin Leader","floor":23,"turns":7}],"seed_played":"2685739065716557285","potions_obtained":[{"floor":3.0,"key":"Swift Potion"},{"floor":5.0,"key":"PowerPotion"},{"floor":6.0,"key":"Strength Potion"},{"floor":21.0,"key":"Ancient Potion"},{"floor":22.0,"key":"Ancient Potion"}],"is_trial":false,"path_per_floor":["M","M","M","$","M","E","R","M","T","R","M","?","E","?","R","B",null,"M","?","?","M","M","E"],"character_chosen":"IRONCLAD","items_purchased":["True Grit"],"campfire_rested":1,"item_purchase_floors":[4],"current_hp_per_floor":[83,82,82,82,88,61,61,69,69,91,94,99,84,84,84,31,102,52,36,36,52,50,4],"gold":33,"neow_bonus":"TEN_PERCENT_HP_BONUS","is_prod":false,"is_daily":false,"chose_seed":false,"campfire_upgraded":2,"win_rate":0,"timestamp":1553229574,"path_taken":["M","M","?","?","M","E","R","?","T","R","M","?","E","?","R","BOSS","M","?","?","M","M","E"],"build_version":"2019-01-23","purchased_purges":1,"victory":false,"max_hp_per_floor":[88,88,88,88,88,88,88,91,91,91,94,99,102,102,102,102,102,102,102,102,102,102,102],"card_choices":[{"not_picked":["Dropkick","Clash"],"picked":"Anger","floor":1.0},{"not_picked":["Body Slam","Corruption"],"picked":"Cleave","floor":2.0},{"not_picked":["True Grit","Pommel Strike"],"picked":"Feed","floor":3.0},{"not_picked":["Havoc","Body Slam"],"picked":"Spot Weakness","floor":5.0},{"not_picked":["Pommel Strike","Iron Wave"],"picked":"Reaper","floor":6.0},{"not_picked":["Perfected Strike","Clash"],"picked":"True Grit","floor":8.0},{"not_picked":["Evolve","Sword Boomerang"],"picked":"Uppercut","floor":11.0},{"not_picked":["Reckless Charge","Heavy Blade"],"picked":"Fiend Fire","floor":13.0},{"not_picked":["Brutality","Bludgeon"],"picked":"Limit Break","floor":16.0},{"not_picked":["Thunderclap","True Grit"],"picked":"Disarm","floor":18.0},{"not_picked":["Dropkick","Cleave"],"picked":"Havoc","floor":21.0},{"not_picked":["Anger","Shrug It Off"],"picked":"Flame Barrier","floor":22.0}],"player_experience":316269,"relics_obtained":[{"floor":6.0,"key":"Ancient Tea Set"},{"floor":9.0,"key":"Whetstone"},{"floor":13.0,"key":"Smiling Mask"},{"floor":19.0,"key":"Enchiridion"}],"event_choices":[{"damage_healed":0.0,"max_hp_gain":5.0,"max_hp_loss":0.0,"gold_gain":0.0,"event_name":"Big Fish","player_choice":"Donut","floor":12.0,"gold_loss":0.0,"damage_taken":0.0},{"damage_healed":0.0,"max_hp_gain":0.0,"max_hp_loss":0.0,"gold_gain":0.0,"event_name":"Liars Game","player_choice":"Ignored","floor":14.0,"gold_loss":0.0,"damage_taken":0.0},{"damage_healed":0.0,"max_hp_gain":0.0,"max_hp_loss":0.0,"gold_gain":0.0,"event_name":"Cursed Tome","player_choice":"Obtained Book","floor":19.0,"gold_loss":0.0,"damage_taken":16.0},{"damage_healed":0.0,"max_hp_gain":0.0,"max_hp_loss":0.0,"gold_gain":0.0,"event_name":"Masked Bandits","player_choice":"Paid Fearfully","floor":20.0,"gold_loss":229.0,"damage_taken":0.0}],"is_beta":false,"boss_relics":[{"not_picked":["Calling Bell","Fusion Hammer"],"picked":"Mark of Pain"}],"items_purged_floors":[4],"is_endless":false,"potions_floor_spawned":[3,5,6,21,22],"killed_by":"Gremlin Leader","ascension_level":3}