{"gold_per_floor":[110,110,31,31,31,31,31,31,31,56,56,71,90,131,131,252,252,266,266,286,299,16,16,50,23,48,0,0,0],"floor_reached":29,"playtime":561,"items_purged":["Strike_B"],"score":275,"play_id":"92471cf6-9a51-4bd1-940f-f14c833a6904","local_time":"20190429222046","is_ascension_mode":true,"campfire_choices":[{"data":"Consume","floor":6,"key":"SMITH"},{"data":"Streamline","floor":8,"key":"SMITH"},{"data":"Doom and Gloom","floor":11,"key":"SMITH"},{"floor":15,"key":"REST"},{"floor":23,"key":"REST"},{"floor":28,"key":"REST"}],"neow_cost":"NONE","seed_source_timestamp":213123685066220,"circlet_count":0,"master_deck":["Strike_B","Strike_B","Strike_B","Defend_B","Defend_B","Defend_B","Defend_B","Zap+1","Dualcast","Streamline+1","Consume+1","Doom and Gloom+1","Static Discharge","Tempest","Static Discharge","Echo Form","Hologram+1","Glacier","Sunder","Coolheaded","Loop"],"relics":["Cracked Core","NeowsBlessing","Golden Idol","The Courier","Pantograph","Unceasing Top","Lizard Tail","Gremlin Horn","Shovel"],"potions_floor_usage":[13,18,24],"damage_taken":[{"damage":0,"enemies":"Small Slimes","floor":1,"turns":1},{"damage":0,"enemies":"Jaw Worm","floor":10,"turns":1},{"damage":0,"enemies":"2 Louse","floor":12,"turns":1},{"damage":15,"enemies":"Gremlin Gang","floor":13,"turns":2},{"damage":35,"enemies":"3 Sentries","floor":14,"turns":5},{"damage":32,"enemies":"Slime Boss","floor":16,"turns":6},{"damage":33,"enemies":"2 Thieves","floor":18,"turns":4},{"damage":22,"enemies":"3 Byrds","floor":20,"turns":3},{"damage":38,"enemies":"Sentry and Sphere","floor":21,"turns":4},{"damage":45,"enemies":"Book of Stabbing","floor":24,"turns":4},{"damage":34,"enemies":"Slavers","floor":29,"turns":1}],"seed_played":"3984081437865848686","potions_obtained":[{"floor":12,"key":"PowerPotion"},{"floor":16,"key":"SteroidPotion"},{"floor":20,"key":"Block Potion"}],"is_trial":false,"path_per_floor":["M","?","$","?","?","R","?","R","T","M","R","M","M","E","R","B",null,"M","?","M","M","$","R","E","$","T","?","R","E"],"character_chosen":"DEFECT","items_purchased":["Consume","Gremlin Horn","Sunder","Loop"],"campfire_rested":3,"item_purchase_floors":[3,22,22,25],"current_hp_per_floor":[75,75,75,50,75,75,75,75,75,75,75,75,60,25,47,40,75,42,42,20,26,26,48,3,3,3,3,25,0],"gold":0,"neow_bonus":"THREE_ENEMY_KILL","is_prod":false,"is_daily":false,"chose_seed":false,"campfire_upgraded":3,"win_rate":0,"timestamp":1556601646,"path_taken":["M","?","$","?","?","R","?","R","T","M","R","?","M","E","R","BOSS","M","?","M","?","$","R","E","$","T","?","R","E"],"build_version":"2019-01-23","purchased_purges":1,"victory":false,"max_hp_per_floor":[75,75,75,75,75,75,75,75,75,75,75,75,75,75,75,75,75,75,75,75,75,75,75,75,75,75,75,75,75],"card_choices":[{"not_picked":["Rebound","Hologram"],"picked":"Streamline","floor":1},{"not_picked":["Compile Driver","Force Field"],"picked":"Doom and Gloom","floor":10},{"not_picked":["Sweeping Beam","Conserve Battery"],"picked":"Static Discharge","floor":12},{"not_picked":["Recycle","Turbo"],"picked":"Tempest","floor":13},{"not_picked":["Double Energy","Leap"],"picked":"Static Discharge","floor":14},{"not_picked":["Seek","Machine Learning"],"picked":"Echo Form","floor":16},{"not_picked":["Rebound+1","Chaos"],"picked":"Hologram+1","floor":18},{"not_picked":["Ball Lightning","Leap","Aggregate"],"picked":"SKIP","floor":20},{"not_picked":["Hologram","Barrage"],"picked":"Glacier","floor":21},{"not_picked":["Fusion","Compile Driver"],"picked":"Coolheaded","floor":24}],"player_experience":452346,"relics_obtained":[{"floor":9,"key":"Pantograph"},{"floor":14,"key":"Unceasing Top"},{"floor":24,"key":"Shovel"}],"event_choices":[{"damage_healed":0,"gold_gain":0,"player_choice":"Take Wound","damage_taken":0,"relics_obtained":["Golden Idol"],"max_hp_gain":0,"max_hp_loss":0,"event_name":"Golden Idol","floor":2,"gold_loss":0,"cards_obtained":["Injury"]},{"damage_healed":0,"gold_gain":0,"player_choice":"Success","damage_taken":25,"relics_obtained":["The Courier"],"max_hp_gain":0,"max_hp_loss":0,"event_name":"Scrap Ooze","floor":4,"gold_loss":0},{"damage_healed":25,"gold_gain":0,"player_choice":"Banana","damage_taken":0,"max_hp_gain":0,"max_hp_loss":0,"event_name":"Big Fish","floor":5,"gold_loss":0},{"damage_healed":0,"gold_gain":0,"player_choice":"Grow","damage_taken":0,"max_hp_gain":0,"max_hp_loss":0,"event_name":"Living Wall","floor":7,"gold_loss":0,"cards_upgraded":["Zap"]},{"cards_removed":["Injury"],"damage_healed":0,"gold_gain":0,"player_choice":"Removed Curses","damage_taken":0,"max_hp_gain":0,"max_hp_loss":0,"event_name":"Fountain of Cleansing","floor":19,"gold_loss":0},{"damage_healed":0,"gold_gain":0,"player_choice":"Paid Fearfully","damage_taken":0,"max_hp_gain":0,"max_hp_loss":0,"event_name":"Masked Bandits","floor":27,"gold_loss":48}],"is_beta":false,"boss_relics":[{"not_picked":["Astrolabe","Philosopher\u0027s Stone"],"picked":"Lizard Tail"}],"items_purged_floors":[22],"is_endless":false,"potions_floor_spawned":[12,16,20],"killed_by":"Slavers","ascension_level":3}