{"gold_per_floor":[113,113,113,129,129,129,167,187,187,187,187,187,36,52,52,145,145,165,180,214,234,234,247,247,263,263,286,286,320,320,320],"floor_reached":31,"playtime":829,"items_purged":["Injury"],"score":446,"play_id":"ba7956d2-ad2d-4f73-9fef-1cbfcb42f92e","local_time":"20190411152142","is_ascension_mode":true,"campfire_choices":[{"data":"1","floor":6,"key":"LIFT"},{"data":"2","floor":10,"key":"LIFT"},{"data":"3","floor":12,"key":"LIFT"},{"floor":15,"key":"REST"},{"floor":24,"key":"DIG"},{"floor":28,"key":"REST"}],"neow_cost":"CURSE","seed_source_timestamp":57515706039230,"circlet_count":0,"master_deck":["AscendersBane","Strike_R","Strike_R","Strike_R","Strike_R","Strike_R","Defend_R","Defend_R","Defend_R","Defend_R","Bash","Twin Strike","Anger","Corruption","Cleave","Feel No Pain","Clothesline+1","Limit Break","Warcry","Pummel+1","Pummel+1","Iron Wave+1","Decay","Demon Form","Feel No Pain","Ghostly Armor+1","Shockwave+1"],"relics":["Burning Blood","Shovel","Golden Idol","Girya","Charon\u0027s Ashes","Molten Egg 2","Fusion Hammer","Red Mask","Calipers","Happy Flower","Boot","MutagenicStrength"],"potions_floor_usage":[20,27,31],"damage_taken":[{"damage":3,"enemies":"2 Louse","floor":1,"turns":4},{"damage":7,"enemies":"Jaw Worm","floor":4,"turns":3},{"damage":28,"enemies":"Gremlin Nob","floor":7,"turns":4},{"damage":10,"enemies":"Cultist","floor":8,"turns":4},{"damage":16,"enemies":"Blue Slaver","floor":14,"turns":3},{"damage":12,"enemies":"Slime Boss","floor":16,"turns":7},{"damage":20,"enemies":"2 Thieves","floor":18,"turns":3},{"damage":17,"enemies":"Shell Parasite","floor":19,"turns":4},{"damage":12,"enemies":"Masked Bandits","floor":20,"turns":3},{"damage":1,"enemies":"3 Cultists","floor":21,"turns":3},{"damage":6,"enemies":"Snake Plant","floor":23,"turns":2},{"damage":12,"enemies":"Chosen and Byrds","floor":25,"turns":5},{"damage":14,"enemies":"Centurion and Healer","floor":27,"turns":6},{"damage":42,"enemies":"Book of Stabbing","floor":29,"turns":5},{"damage":14,"enemies":"Colosseum Slavers","floor":31,"turns":1}],"seed_played":"-2542474506199363765","potions_obtained":[{"floor":7,"key":"Ancient Potion"},{"floor":16,"key":"SteroidPotion"},{"floor":21,"key":"Block Potion"}],"is_trial":false,"path_per_floor":["M","?","?","M","?","R","E","M","T","R","?","R","$","M","R","B",null,"M","M","?","M","?","M","R","M","T","M","R","E","?","?"],"character_chosen":"IRONCLAD","items_purchased":["Feel No Pain"],"campfire_rested":2,"item_purchase_floors":[13],"current_hp_per_floor":[71,71,66,65,58,58,36,32,32,32,32,32,32,22,43,37,63,49,38,32,37,37,37,37,31,31,23,44,8,8,0],"gold":320,"neow_bonus":"ONE_RARE_RELIC","is_prod":false,"is_daily":false,"chose_seed":false,"campfire_upgraded":0,"win_rate":0,"timestamp":1555021302,"path_taken":["M","?","?","M","?","R","E","M","T","R","?","R","?","M","R","BOSS","M","M","?","M","?","?","R","M","T","M","R","E","?","?"],"build_version":"2019-01-23","purchased_purges":1,"victory":false,"max_hp_per_floor":[75,75,75,75,72,72,72,72,72,72,72,72,72,72,72,72,72,72,72,72,72,72,72,72,72,72,72,72,72,72,72],"card_choices":[{"not_picked":["True Grit","Wild Strike"],"picked":"Twin Strike","floor":1},{"not_picked":["Dual Wield","Wild Strike"],"picked":"Anger","floor":4},{"not_picked":["Feed","Iron Wave"],"picked":"Corruption","floor":7},{"not_picked":["Twin Strike","Iron Wave"],"picked":"Cleave","floor":8},{"not_picked":["Anger+1","Sword Boomerang+1"],"picked":"Clothesline+1","floor":14},{"not_picked":["Berserk","Juggernaut"],"picked":"Limit Break","floor":16},{"not_picked":["Bloodletting","Iron Wave+1"],"picked":"Warcry","floor":18},{"not_picked":["Seeing Red","Flex"],"picked":"Pummel+1","floor":19},{"not_picked":["Havoc","Headbutt+1"],"picked":"Pummel+1","floor":20},{"not_picked":["Pommel Strike+1","Flex"],"picked":"Iron Wave+1","floor":21},{"not_picked":["Warcry","Flex"],"picked":"Demon Form","floor":23},{"not_picked":["Rampage+1","Shrug It Off"],"picked":"Feel No Pain","floor":25},{"not_picked":["Iron Wave+1","Twin Strike+1"],"picked":"Ghostly Armor+1","floor":27},{"not_picked":["Whirlwind+1","Dual Wield"],"picked":"Shockwave+1","floor":29}],"player_experience":418250,"relics_obtained":[{"floor":7,"key":"Charon\u0027s Ashes"},{"floor":9,"key":"Molten Egg 2"},{"floor":20,"key":"Red Mask"},{"floor":24,"key":"Calipers"},{"floor":26,"key":"Happy Flower"},{"floor":29,"key":"Boot"}],"event_choices":[{"damage_healed":0,"gold_gain":0,"player_choice":"Take Wound","damage_taken":0,"relics_obtained":["Golden Idol"],"max_hp_gain":0,"max_hp_loss":0,"event_name":"Golden Idol","floor":2,"gold_loss":0,"cards_obtained":["Injury"]},{"damage_healed":0,"gold_gain":0,"player_choice":"Success","damage_taken":5,"relics_obtained":["Girya"],"max_hp_gain":0,"max_hp_loss":0,"event_name":"Scrap Ooze","floor":3,"gold_loss":0},{"cards_removed":["Parasite"],"damage_healed":0,"gold_gain":0,"player_choice":"Card Removal","damage_taken":7,"max_hp_gain":0,"max_hp_loss":0,"event_name":"Golden Wing","floor":5,"gold_loss":0},{"damage_healed":0,"gold_gain":0,"player_choice":"Ignored","damage_taken":0,"max_hp_gain":0,"max_hp_loss":0,"event_name":"Shining Light","floor":11,"gold_loss":0},{"damage_healed":0,"gold_gain":0,"player_choice":"Fought Bandits","damage_taken":0,"max_hp_gain":0,"max_hp_loss":0,"event_name":"Masked Bandits","floor":20,"gold_loss":0},{"damage_healed":0,"gold_gain":0,"player_choice":"Cursed","damage_taken":0,"max_hp_gain":0,"max_hp_loss":0,"event_name":"Wheel of Change","floor":22,"gold_loss":0,"cards_obtained":["Decay"]},{"damage_healed":0,"gold_gain":0,"player_choice":"Inject Mutagens","damage_taken":0,"relics_obtained":["MutagenicStrength"],"max_hp_gain":0,"max_hp_loss":0,"event_name":"Drug Dealer","floor":30,"gold_loss":0},{"damage_healed":0,"gold_gain":0,"player_choice":"Fight","damage_taken":0,"max_hp_gain":0,"max_hp_loss":0,"event_name":"Colosseum","floor":31,"gold_loss":0}],"is_beta":false,"boss_relics":[{"not_picked":["Black Star","Cursed Key"],"picked":"Fusion Hammer"}],"items_purged_floors":[13],"is_endless":false,"potions_floor_spawned":[7,16,21,23],"killed_by":"Colosseum Slavers","ascension_level":15}