{"gold_per_floor":[114,114,130,144,144,144,169,187,214,230,262,262,30,40,40,117,117,132,143,163,31,45,76,76,76,76,95,95,129,5,40,40,114,114,127,127,143,143,4,34,34],"floor_reached":41,"playtime":1652,"items_purged":["Strike_R","Shame"],"score":972,"play_id":"54c3f271-c009-4814-b673-b807bce940eb","local_time":"20190416131542","is_ascension_mode":true,"campfire_choices":[{"data":"Fiend Fire","floor":6,"key":"SMITH"},{"floor":12,"key":"REST"},{"data":"Heavy Blade","floor":15,"key":"SMITH"},{"floor":24,"key":"REST"},{"floor":28,"key":"REST"},{"floor":32,"key":"REST"}],"neow_cost":"NONE","seed_source_timestamp":150697161426293,"circlet_count":0,"master_deck":["AscendersBane","Strike_R","Strike_R","Strike_R","Defend_R+1","Defend_R","Defend_R","Defend_R","Bash","Metallicize+1","Perfected Strike","Metallicize","Fiend Fire+1","Demon Form","Havoc","Heavy Blade+1","Flame Barrier","Ghostly Armor","Fiend Fire","Havoc+1","Metallicize","Cleave","Burning Pact","Offering","Reaper","Disarm","Warcry","Metallicize"],"relics":["Burning Blood","Lantern","Happy Flower","Bronze Scales","PreservedInsect","Busted Crown","Orichalcum","Self Forming Clay","Charon\u0027s Ashes","Oddly Smooth Stone","Orrery","Darkstone Periapt"],"potions_floor_usage":[7,10,16,16,20,20,23,31,33],"damage_taken":[{"damage":4,"enemies":"Small Slimes","floor":1,"turns":4},{"damage":10,"enemies":"2 Louse","floor":3,"turns":4},{"damage":3,"enemies":"Cultist","floor":4,"turns":5},{"damage":20,"enemies":"3 Sentries","floor":7,"turns":12},{"damage":5,"enemies":"3 Louse","floor":8,"turns":4},{"damage":0,"enemies":"Large Slime","floor":10,"turns":3},{"damage":21,"enemies":"Lagavulin","floor":11,"turns":6},{"damage":0,"enemies":"Looter","floor":14,"turns":1},{"damage":24,"enemies":"Slime Boss","floor":16,"turns":6},{"damage":6,"enemies":"3 Byrds","floor":18,"turns":3},{"damage":0,"enemies":"Spheric Guardian","floor":19,"turns":3},{"damage":16,"enemies":"Centurion and Healer","floor":20,"turns":8},{"damage":30,"enemies":"Snecko","floor":22,"turns":5},{"damage":33,"enemies":"Gremlin Leader","floor":23,"turns":4},{"damage":22,"enemies":"Snake Plant","floor":27,"turns":4},{"damage":26,"enemies":"Slavers","floor":29,"turns":6},{"damage":6,"enemies":"Book of Stabbing","floor":31,"turns":4},{"damage":48,"enemies":"Champ","floor":33,"turns":10},{"damage":39,"enemies":"3 Darklings","floor":35,"turns":4},{"damage":6,"enemies":"Orb Walker","floor":37,"turns":3},{"damage":34,"enemies":"Reptomancer","floor":40,"turns":8},{"damage":28,"enemies":"Sphere and 2 Shapes","floor":41,"turns":3}],"seed_played":"-6973084375126281805","potions_obtained":[{"floor":3,"key":"FearPotion"},{"floor":7,"key":"Fire Potion"},{"floor":10,"key":"Explosive Potion"},{"floor":14,"key":"BloodPotion"},{"floor":18,"key":"Block Potion"},{"floor":19,"key":"Regen Potion"},{"floor":22,"key":"Dexterity Potion"},{"floor":31,"key":"SpeedPotion"},{"floor":33,"key":"Energy Potion"},{"floor":37,"key":"Block Potion"}],"is_trial":false,"path_per_floor":["M","?","M","M","?","R","E","M","T","M","E","R","$","M","R","B",null,"M","M","M","$","M","E","R","?","T","M","R","E","$","E","R","B",null,"M","?","M","?","$","E","M"],"character_chosen":"IRONCLAD","items_purchased":["PreservedInsect","Metallicize","Cleave","Offering","Weak Potion","Metallicize"],"campfire_rested":4,"item_purchase_floors":[13,21,21,30,30,39],"current_hp_per_floor":[77,52,48,51,51,51,37,38,38,44,29,53,53,59,59,49,74,74,80,82,82,58,31,55,55,55,39,63,43,43,43,67,25,68,35,35,35,35,35,19,0],"gold":34,"neow_bonus":"TEN_PERCENT_HP_BONUS","is_prod":false,"is_daily":false,"chose_seed":false,"campfire_upgraded":2,"win_rate":0,"timestamp":1555445742,"path_taken":["M","?","M","M","?","R","E","M","T","M","E","R","$","M","R","BOSS","M","?","M","$","M","E","R","?","T","M","R","E","$","E","R","BOSS","M","?","M","?","$","E","M"],"build_version":"2019-01-23","purchased_purges":2,"victory":false,"max_hp_per_floor":[82,82,82,82,82,82,82,82,82,82,82,82,82,82,82,82,82,82,82,82,82,82,82,82,82,82,82,82,82,82,82,82,82,82,82,82,82,82,82,82,82],"card_choices":[{"not_picked":["Clash","Thunderclap"],"picked":"Metallicize","floor":1},{"not_picked":["Body Slam","Warcry"],"picked":"Perfected Strike","floor":3},{"not_picked":["Twin Strike","Disarm"],"picked":"Metallicize","floor":4},{"not_picked":["Clash","Headbutt"],"picked":"Demon Form","floor":7},{"not_picked":["Intimidate","Reckless Charge"],"picked":"Havoc","floor":8},{"not_picked":["Warcry","Barricade"],"picked":"Heavy Blade","floor":10},{"not_picked":["Body Slam","Blood for Blood"],"picked":"Flame Barrier","floor":11},{"not_picked":["Sever Soul","Warcry"],"picked":"Ghostly Armor","floor":14},{"not_picked":["Juggernaut","Exhume"],"picked":"Fiend Fire","floor":16},{"not_picked":["Warcry"],"picked":"SKIP","floor":18},{"not_picked":["Fire Breathing"],"picked":"SKIP","floor":19},{"not_picked":[],"picked":"Havoc+1","floor":20},{"not_picked":[],"picked":"Burning Pact","floor":22},{"not_picked":["Hemokinesis+1"],"picked":"SKIP","floor":23},{"not_picked":["Fire Breathing"],"picked":"SKIP","floor":27},{"not_picked":["Anger"],"picked":"SKIP","floor":29},{"not_picked":["Sword Boomerang"],"picked":"SKIP","floor":31},{"not_picked":[],"picked":"Reaper","floor":33},{"not_picked":[],"picked":"Disarm","floor":34},{"not_picked":[],"picked":"Warcry","floor":34},{"not_picked":["Rage"],"picked":"SKIP","floor":35},{"not_picked":["Clothesline"],"picked":"SKIP","floor":37},{"not_picked":["Sword Boomerang"],"picked":"SKIP","floor":40}],"player_experience":443417,"relics_obtained":[{"floor":7,"key":"Lantern"},{"floor":9,"key":"Happy Flower"},{"floor":11,"key":"Bronze Scales"},{"floor":23,"key":"Orichalcum"},{"floor":26,"key":"Self Forming Clay"},{"floor":29,"key":"Charon\u0027s Ashes"},{"floor":31,"key":"Oddly Smooth Stone"},{"floor":40,"key":"Darkstone Periapt"}],"event_choices":[{"damage_healed":0,"gold_gain":0,"player_choice":"Entered Light","damage_taken":25,"max_hp_gain":0,"max_hp_loss":0,"event_name":"Shining Light","floor":2,"gold_loss":0,"cards_upgraded":["Defend_R","Metallicize"]},{"damage_healed":0,"gold_gain":0,"player_choice":"2 cards matched","damage_taken":0,"max_hp_gain":0,"max_hp_loss":0,"event_name":"Match and Keep!","floor":5,"gold_loss":0,"cards_obtained":["Shame","Fiend Fire"]},{"cards_removed":["Strike_R"],"damage_healed":0,"gold_gain":0,"player_choice":"Elegance","damage_taken":0,"max_hp_gain":0,"max_hp_loss":0,"event_name":"Back to Basics","floor":25,"gold_loss":0},{"damage_healed":0,"gold_gain":0,"player_choice":"Ignored","damage_taken":0,"max_hp_gain":0,"max_hp_loss":0,"event_name":"Tomb of Lord Red Mask","floor":36,"gold_loss":0},{"damage_healed":0,"gold_gain":0,"player_choice":"Ignored","damage_taken":0,"max_hp_gain":0,"max_hp_loss":0,"event_name":"Mysterious Sphere","floor":38,"gold_loss":0}],"is_beta":false,"boss_relics":[{"not_picked":["Eternal Feather","Cursed Key"],"picked":"Busted Crown"},{"not_picked":["Astrolabe","Philosopher\u0027s Stone"],"picked":"Orrery"}],"items_purged_floors":[13,39],"is_endless":false,"potions_floor_spawned":[3,7,10,14,18,19,22,31,33,37],"killed_by":"Sphere and 2 Shapes","ascension_level":15}