{"gold_per_floor":[118,137,137,153,166,195,212,224,224,234,234,234,261,277,277,356,356,373,383,398,57,57],"floor_reached":22,"playtime":710,"items_purged":["Strike_R"],"score":364,"play_id":"49fdb3f8-3f8d-4bca-ab66-7ece62bf75e4","local_time":"20190504215539","is_ascension_mode":true,"campfire_choices":[{"data":"Limit Break","floor":12,"key":"SMITH"},{"floor":15,"key":"REST"}],"neow_cost":"NONE","seed_source_timestamp":424619956599500,"circlet_count":0,"master_deck":["AscendersBane","Strike_R","Strike_R","Strike_R","Strike_R","Defend_R","Defend_R","Defend_R","Defend_R","Bash","Carnage","Pommel Strike","Shrug It Off","Spot Weakness","Limit Break+1","Pummel","Shrug It Off","Inflame","Fiend Fire","Battle Trance","Heavy Blade","Flex+1"],"relics":["Burning Blood","Red Skull","Blue Candle","Question Card","Coffee Dripper","Gremlin Horn"],"potions_floor_usage":[10,13,16,18,19],"damage_taken":[{"damage":6,"enemies":"2 Louse","floor":1,"turns":4},{"damage":2,"enemies":"Jaw Worm","floor":2,"turns":3},{"damage":0,"enemies":"Cultist","floor":4,"turns":4},{"damage":12,"enemies":"Looter","floor":5,"turns":3},{"damage":52,"enemies":"Gremlin Nob","floor":6,"turns":5},{"damage":8,"enemies":"Blue Slaver","floor":7,"turns":3},{"damage":12,"enemies":"Lots of Slimes","floor":8,"turns":4},{"damage":8,"enemies":"Large Slime","floor":10,"turns":3},{"damage":31,"enemies":"Lagavulin","floor":13,"turns":6},{"damage":10,"enemies":"Gremlin Gang","floor":14,"turns":4},{"damage":28,"enemies":"The Guardian","floor":16,"turns":5},{"damage":8,"enemies":"Shell Parasite","floor":18,"turns":5},{"damage":27,"enemies":"Chosen","floor":19,"turns":5},{"damage":24,"enemies":"Shelled Parasite and Fungi","floor":20,"turns":4},{"damage":20,"enemies":"Sentry and Sphere","floor":22,"turns":3}],"seed_played":"4763334157932969321","potions_obtained":[{"floor":1,"key":"BloodPotion"},{"floor":4,"key":"PowerPotion"},{"floor":14,"key":"SteroidPotion"},{"floor":16,"key":"Block Potion"},{"floor":18,"key":"SkillPotion"}],"is_trial":false,"path_per_floor":["M","M","?","M","M","E","M","M","T","M","?","R","E","M","R","B",null,"M","M","M","$","M"],"character_chosen":"IRONCLAD","items_purchased":["Gremlin Horn"],"campfire_rested":1,"item_purchase_floors":[21],"current_hp_per_floor":[68,72,72,75,69,23,21,15,15,20,45,45,20,16,38,16,60,58,37,19,19,0],"gold":57,"neow_bonus":"THREE_CARDS","is_prod":false,"is_daily":false,"chose_seed":false,"campfire_upgraded":1,"win_rate":0,"timestamp":1556999739,"path_taken":["M","M","?","M","M","E","M","M","T","M","?","R","E","M","R","BOSS","M","M","M","$","M"],"build_version":"2019-01-23","purchased_purges":1,"victory":false,"max_hp_per_floor":[75,75,75,75,75,75,75,75,75,75,75,75,75,75,75,75,75,75,75,75,75,75],"card_choices":[{"not_picked":["Headbutt","Feel No Pain"],"picked":"Carnage","floor":0},{"not_picked":["Rupture","Reckless Charge"],"picked":"Pommel Strike","floor":1},{"not_picked":["Carnage","Second Wind"],"picked":"Shrug It Off","floor":2},{"not_picked":["Thunderclap","Warcry","Headbutt"],"picked":"SKIP","floor":4},{"not_picked":["Pommel Strike","Clash"],"picked":"Spot Weakness","floor":5},{"not_picked":["Clothesline","Body Slam"],"picked":"Limit Break","floor":6},{"not_picked":["Searing Blow","Havoc","Flex"],"picked":"SKIP","floor":7},{"not_picked":["Armaments","Carnage"],"picked":"Pummel","floor":8},{"not_picked":["Clash","Armaments"],"picked":"Shrug It Off","floor":10},{"not_picked":["Twin Strike","Havoc","Warcry"],"picked":"SKIP","floor":13},{"not_picked":["Thunderclap","Corruption","Anger"],"picked":"Inflame","floor":14},{"not_picked":["Bludgeon","Exhume","Dark Embrace"],"picked":"Fiend Fire","floor":16},{"not_picked":["True Grit","Sentinel","Seeing Red"],"picked":"Battle Trance","floor":18},{"not_picked":["Armaments","Headbutt","Warcry"],"picked":"Heavy Blade","floor":19},{"not_picked":["Thunderclap","Wild Strike","Clash"],"picked":"Flex+1","floor":20}],"player_experience":1090164,"relics_obtained":[{"floor":6,"key":"Red Skull"},{"floor":9,"key":"Blue Candle"},{"floor":13,"key":"Question Card"}],"event_choices":[{"damage_healed":0,"gold_gain":0,"player_choice":"Ignored","damage_taken":0,"max_hp_gain":0,"max_hp_loss":0,"event_name":"Liars Game","floor":3,"gold_loss":0},{"damage_healed":25,"gold_gain":0,"player_choice":"Banana","damage_taken":0,"max_hp_gain":0,"max_hp_loss":0,"event_name":"Big Fish","floor":11,"gold_loss":0}],"is_beta":false,"boss_relics":[{"not_picked":["Black Blood","Eternal Feather"],"picked":"Coffee Dripper"}],"items_purged_floors":[21],"is_endless":false,"potions_floor_spawned":[1,4,5,14,16,18],"killed_by":"Sentry and Sphere","ascension_level":16}