{"gold_per_floor":[115,115,115,127,147,173,193,193,240,254,269,285,285,285,285,285],"floor_reached":16,"playtime":771,"items_purged":[],"score":104,"play_id":"44c8ac17-b15c-4953-a3fa-9ef662f5f21d","local_time":"20180710134532","is_ascension_mode":false,"campfire_choices":[{"floor":8,"key":"REST"},{"data":"Cloak And Dagger","floor":15,"key":"SMITH"}],"neow_cost":"NONE","seed_source_timestamp":102675672099506,"circlet_count":0,"master_deck":["Defend_G+1","Defend_G","Defend_G","Defend_G","Strike_G","Strike_G","Strike_G","Strike_G","Survivor","Neutralize+1","Prepared","Cloak And Dagger+1","Cloak And Dagger","Quick Slash","Footwork+1","Blur"],"relics":["Ring of the Snake","Kunai","Dream Catcher","Ornamental Fan"],"potions_floor_usage":[6,16,16,16],"damage_taken":[{"damage":0,"enemies":"Cultist","floor":1,"turns":4},{"damage":0,"enemies":"2 Louse","floor":4,"turns":3},{"damage":0,"enemies":"Small Slimes","floor":5,"turns":3},{"damage":47,"enemies":"Gremlin Nob","floor":6,"turns":6},{"damage":0,"enemies":"Blue Slaver","floor":7,"turns":5},{"damage":0,"enemies":"Exordium Thugs","floor":10,"turns":7},{"damage":2,"enemies":"Exordium Wildlife","floor":11,"turns":5},{"damage":0,"enemies":"Large Slime","floor":12,"turns":7},{"damage":28,"enemies":"Slime Boss","floor":16,"turns":11}],"seed_played":"-7579883073520973942","potions_obtained":[{"floor":4,"key":"FearPotion"},{"floor":7,"key":"Block Potion"},{"floor":11,"key":"Swift Potion"},{"floor":12,"key":"SkillPotion"}],"is_trial":false,"path_per_floor":["M","?","?","M","M","E","M","R","T","M","M","M","T","?","R"],"character_chosen":"THE_SILENT","items_purchased":[],"campfire_rested":1,"item_purchase_floors":[],"current_hp_per_floor":[70,63,63,63,63,16,16,37,37,37,35,35,35,21,21,0],"gold":285,"neow_bonus":"UPGRADE_CARD","is_prod":false,"is_daily":false,"chose_seed":false,"campfire_upgraded":1,"win_rate":0,"timestamp":1531223132,"path_taken":["M","?","?","M","M","E","M","R","T","M","?","M","?","?","R","BOSS"],"build_version":"2018-07-05","purchased_purges":0,"victory":false,"max_hp_per_floor":[70,70,70,70,70,70,70,70,70,70,70,70,70,70,70,70],"card_choices":[{"not_picked":["Bane","Slice"],"picked":"Prepared","floor":1},{"not_picked":["Sucker Punch","Deflect","PiercingWail"],"picked":"SKIP","floor":4},{"not_picked":["Blur","Poisoned Stab"],"picked":"Cloak And Dagger","floor":5},{"not_picked":["Backstab","Burst"],"picked":"Cloak And Dagger","floor":6},{"not_picked":["Sucker Punch","Slice","Reflex"],"picked":"SKIP","floor":7},{"not_picked":["Expertise","Dash"],"picked":"Quick Slash","floor":10},{"not_picked":["Dash","Cloak And Dagger"],"picked":"Footwork","floor":11},{"not_picked":["Masterful Stab","Dagger Throw"],"picked":"Blur","floor":12}],"player_experience":79538,"relics_obtained":[{"floor":6,"key":"Kunai"},{"floor":9,"key":"Dream Catcher"},{"floor":13,"key":"Ornamental Fan"}],"event_choices":[{"event_name":"Golden Wing","player_choice":"Card Removal","floor":2,"damage_taken":0},{"event_name":"Living Wall","player_choice":"Forget","floor":3,"damage_taken":0},{"event_name":"Shining Light","player_choice":"Entered Light","floor":14,"damage_taken":0}],"boss_relics":[],"items_purged_floors":[],"is_endless":false,"potions_floor_spawned":[4,7,11,12],"killed_by":"Slime Boss","ascension_level":0}