{"gold_per_floor":[114,114,64,81,81,109,129,129,129,79,79,96,115,129,129,129],"floor_reached":16,"playtime":435,"items_purged":["Strike_R"],"score":102,"play_id":"50b786bc-ca33-4bd6-8727-1979943e0b3e","local_time":"20190218203949","is_ascension_mode":false,"campfire_choices":[{"data":"Fiend Fire","floor":8,"key":"SMITH"},{"data":"Rampage","floor":11,"key":"SMITH"},{"data":"Bash","floor":15,"key":"SMITH"}],"neow_cost":"NONE","seed_source_timestamp":509437007839216,"circlet_count":0,"master_deck":["Strike_R","Strike_R","Strike_R","Defend_R","Defend_R","Defend_R","Defend_R","Bash+1","Fiend Fire+1","Rampage+1"],"relics":["Burning Blood","Darkstone Periapt","Smiling Mask","Shuriken"],"potions_floor_usage":[6,6],"damage_taken":[{"damage":3,"enemies":"Small Slimes","floor":1,"turns":3},{"damage":6,"enemies":"2 Louse","floor":4,"turns":2},{"damage":26,"enemies":"Lagavulin","floor":6,"turns":6},{"damage":1,"enemies":"Cultist","floor":7,"turns":4},{"damage":11,"enemies":"3 Louse","floor":12,"turns":3},{"damage":9,"enemies":"Blue Slaver","floor":13,"turns":3},{"damage":10,"enemies":"Exordium Wildlife","floor":14,"turns":3},{"damage":59,"enemies":"Hexaghost","floor":16,"turns":9}],"seed_played":"3360992958724229645","potions_obtained":[{"floor":5,"key":"Regen Potion"},{"floor":5,"key":"SkillPotion"},{"floor":5,"key":"SneckoOil"},{"floor":7,"key":"Swift Potion"},{"floor":14,"key":"GamblersBrew"}],"is_trial":false,"path_per_floor":["M","?","?","M","?","E","M","R","T","$","R","M","M","M","R","B"],"character_chosen":"IRONCLAD","items_purchased":[],"campfire_rested":0,"item_purchase_floors":[],"current_hp_per_floor":[80,68,68,68,68,63,68,68,68,68,68,63,60,56,56,0],"gold":129,"neow_bonus":"ONE_RANDOM_RARE_CARD","is_prod":false,"is_daily":false,"chose_seed":false,"campfire_upgraded":3,"win_rate":0,"timestamp":1550551189,"path_taken":["M","?","?","M","?","E","?","R","T","$","R","M","M","M","R","BOSS"],"build_version":"2019-01-23","purchased_purges":1,"victory":false,"max_hp_per_floor":[80,80,80,80,80,80,80,80,80,80,80,80,80,80,80,80],"card_choices":[{"not_picked":["Warcry","Shockwave","Battle Trance"],"picked":"SKIP","floor":1},{"not_picked":["Bloodletting","Combust","Warcry"],"picked":"SKIP","floor":4},{"not_picked":["Havoc","Iron Wave","Thunderclap"],"picked":"SKIP","floor":6},{"not_picked":["Uppercut","Body Slam"],"picked":"Rampage","floor":7},{"not_picked":["Flex","Fire Breathing","Searing Blow"],"picked":"SKIP","floor":12},{"not_picked":["Clothesline","Seeing Red","Iron Wave"],"picked":"SKIP","floor":13},{"not_picked":["Warcry","Fire Breathing","Feel No Pain"],"picked":"SKIP","floor":14}],"player_experience":428150,"relics_obtained":[{"floor":6,"key":"Smiling Mask"},{"floor":9,"key":"Shuriken"}],"event_choices":[{"damage_healed":0,"gold_gain":0,"player_choice":"Success","damage_taken":12,"relics_obtained":["Darkstone Periapt"],"max_hp_gain":0,"max_hp_loss":0,"event_name":"Scrap Ooze","floor":2,"gold_loss":0},{"cards_removed":["Strike_R"],"damage_healed":0,"gold_gain":0,"player_choice":"Card Removal","damage_taken":0,"max_hp_gain":0,"max_hp_loss":0,"event_name":"The Cleric","floor":3,"gold_loss":50},{"damage_healed":0,"gold_gain":0,"player_choice":"Got Potions","damage_taken":0,"max_hp_gain":0,"max_hp_loss":0,"event_name":"Lab","floor":5,"gold_loss":0}],"is_beta":false,"boss_relics":[],"items_purged_floors":[10],"is_endless":false,"potions_floor_spawned":[7,14],"killed_by":"Hexaghost","ascension_level":0}