{"gold_per_floor":[112,37,112,127,127,127,155,155,155,172,183,214,29,45,45,124,124,137,137,151,166,166,194,194,194],"floor_reached":25,"playtime":1013,"items_purged":["Strike_R"],"score":427,"play_id":"a937f22c-735e-4910-987a-495060237a06","local_time":"20190501145253","is_ascension_mode":true,"campfire_choices":[{"data":"Wild Strike","floor":6,"key":"SMITH"},{"data":"Inflame","floor":8,"key":"SMITH"},{"floor":15,"key":"REST"},{"floor":24,"key":"REST"}],"neow_cost":"NONE","seed_source_timestamp":46320809296550,"circlet_count":0,"master_deck":["AscendersBane","Strike_R","Strike_R","Strike_R","Defend_R","Defend_R","Defend_R","Defend_R","Bash+1","Wild Strike+1","Pommel Strike","Inflame+1","Cleave","Spot Weakness","Dual Wield","True Grit","Sword Boomerang","Sword Boomerang","Offering","True Grit","Inflame","Decay","Second Wind+1"],"relics":["Burning Blood","Pocketwatch","Dodecahedron","Meat on the Bone","Velvet Choker","Blood Vial"],"potions_floor_usage":[7,12,16,23,23,25],"damage_taken":[{"damage":5,"enemies":"2 Louse","floor":1,"turns":5},{"damage":6,"enemies":"Jaw Worm","floor":4,"turns":5},{"damage":25,"enemies":"3 Sentries","floor":7,"turns":8},{"damage":1,"enemies":"Cultist","floor":10,"turns":3},{"damage":7,"enemies":"2 Fungi Beasts","floor":11,"turns":2},{"damage":20,"enemies":"Lagavulin","floor":12,"turns":4},{"damage":34,"enemies":"Exordium Thugs","floor":14,"turns":4},{"damage":8,"enemies":"Slime Boss","floor":16,"turns":6},{"damage":27,"enemies":"Chosen","floor":18,"turns":5},{"damage":11,"enemies":"Spheric Guardian","floor":20,"turns":3},{"damage":30,"enemies":"Snecko","floor":21,"turns":6},{"damage":31,"enemies":"Book of Stabbing","floor":23,"turns":3},{"damage":59,"enemies":"Gremlin Leader","floor":25,"turns":4}],"seed_played":"-8346089148772542294","potions_obtained":[{"floor":4,"key":"Strength Potion"},{"floor":11,"key":"Poison Potion"},{"floor":14,"key":"Poison Potion"},{"floor":16,"key":"FearPotion"},{"floor":19,"key":"SteroidPotion"},{"floor":19,"key":"Ancient Potion"},{"floor":23,"key":"AttackPotion"}],"is_trial":false,"path_per_floor":["M","?","?","M","?","R","E","R","T","M","M","E","$","M","R","B",null,"M","?","M","M","?","E","R","E"],"character_chosen":"IRONCLAD","items_purchased":["True Grit","Sword Boomerang"],"campfire_rested":2,"item_purchase_floors":[13,13],"current_hp_per_floor":[76,76,65,65,65,65,46,46,46,51,50,36,36,20,44,54,75,54,54,49,37,37,24,48,0],"gold":194,"neow_bonus":"TEN_PERCENT_HP_BONUS","is_prod":false,"is_daily":false,"chose_seed":false,"campfire_upgraded":2,"win_rate":0,"timestamp":1556747573,"path_taken":["M","?","?","M","?","R","E","R","T","M","?","E","$","M","R","BOSS","M","?","?","M","?","E","R","E"],"build_version":"2019-01-23","purchased_purges":1,"victory":false,"max_hp_per_floor":[82,82,82,82,82,82,82,82,82,82,82,82,82,82,82,82,82,82,82,82,82,82,82,82,82],"card_choices":[{"not_picked":["Sword Boomerang","Dropkick"],"picked":"Wild Strike","floor":1},{"not_picked":["Heavy Blade","Perfected Strike"],"picked":"Pommel Strike","floor":4},{"not_picked":["Juggernaut","Wild Strike"],"picked":"Inflame","floor":7},{"not_picked":["Combust","Seeing Red"],"picked":"Cleave","floor":10},{"not_picked":["Clothesline","Twin Strike"],"picked":"Spot Weakness","floor":11},{"not_picked":["Berserk","Metallicize"],"picked":"Dual Wield","floor":12},{"not_picked":["Warcry","Dropkick"],"picked":"Sword Boomerang","floor":14},{"not_picked":["Barricade","Dark Embrace"],"picked":"Offering","floor":16},{"not_picked":["Twin Strike","Searing Blow","Fire Breathing"],"picked":"SKIP","floor":18},{"not_picked":["Anger","Flex"],"picked":"True Grit","floor":20},{"not_picked":["Havoc+1","Clothesline"],"picked":"Inflame","floor":21},{"not_picked":["Shrug It Off+1","Uppercut"],"picked":"Second Wind+1","floor":23}],"player_experience":522904,"relics_obtained":[{"floor":7,"key":"Pocketwatch"},{"floor":9,"key":"Dodecahedron"},{"floor":12,"key":"Meat on the Bone"},{"floor":23,"key":"Blood Vial"}],"event_choices":[{"cards_removed":["Strike_R"],"damage_healed":0,"gold_gain":0,"player_choice":"Card Removal","damage_taken":0,"max_hp_gain":0,"max_hp_loss":0,"event_name":"The Cleric","floor":2,"gold_loss":75},{"damage_healed":0,"gold_gain":75,"player_choice":"Gather Gold","damage_taken":11,"max_hp_gain":0,"max_hp_loss":0,"event_name":"World of Goop","floor":3,"gold_loss":0},{"damage_healed":0,"gold_gain":0,"player_choice":"Upgraded","damage_taken":0,"max_hp_gain":0,"max_hp_loss":0,"event_name":"Upgrade Shrine","floor":5,"gold_loss":0,"cards_upgraded":["Bash"]},{"damage_healed":0,"gold_gain":0,"player_choice":"Got Potions","damage_taken":0,"max_hp_gain":0,"max_hp_loss":0,"event_name":"Lab","floor":19,"gold_loss":0},{"damage_healed":0,"gold_gain":0,"player_choice":"Smashed Altar","damage_taken":0,"max_hp_gain":0,"max_hp_loss":0,"event_name":"Forgotten Altar","floor":22,"gold_loss":0,"cards_obtained":["Decay"]}],"is_beta":false,"boss_relics":[{"not_picked":["White Beast Statue","Sozu"],"picked":"Velvet Choker"}],"items_purged_floors":[13],"is_endless":false,"potions_floor_spawned":[4,11,14,16,20,21,23],"killed_by":"Gremlin Leader","ascension_level":17}