{"gold_per_floor":[363,363,161,171,171,191,226,226,226,239,266,281,314,326,326,425,425,443,443,443,443,171,203,214,214,214,135,155,190,204,233,233,330,330,347,361,375,23,47,59,106,130,214,259,283,295,342,15,15,15,15,15,15,44,44],"floor_reached":56,"playtime":3613,"items_purged":[],"score":2094,"play_id":"6506891f-106f-4f14-a982-bee7988152f5","local_time":"20190423175311","is_ascension_mode":true,"campfire_choices":[{"data":"Inflame","floor":8,"key":"SMITH"},{"data":"Armaments","floor":15,"key":"SMITH"},{"data":"Panache","floor":25,"key":"SMITH"},{"data":"Feel No Pain","floor":32,"key":"SMITH"},{"floor":40,"key":"RECALL"},{"data":"Barricade","floor":46,"key":"SMITH"},{"data":"Metallicize","floor":49,"key":"SMITH"},{"data":"Metallicize","floor":52,"key":"SMITH"}],"neow_cost":"PERCENT_DAMAGE","seed_source_timestamp":884805564098147,"circlet_count":0,"master_deck":["AscendersBane","Defend_R+1","Defend_R+1","Defend_R+1","Defend_R+1","Bash+1","Inflame+1","Shrug It Off","Armaments+1","Shrug It Off","Anger","Spot Weakness","Reaper","Headbutt+1","Bite","Bite","Bite","Bite","Bite","Metallicize+1","Panache+1","Power Through+1","Feel No Pain+1","True Grit+1","Spot Weakness+1","Barricade+1","Disarm+1","Enlightenment+1","Dual Wield+1","Metallicize+1","Intimidate+1","Impervious+1","Inflame","Dual Wield+1"],"relics":["Burning Blood","Vajra","FossilizedHelix","Singing Bowl","Sundial","Sozu","Mummified Hand","Toxic Egg 2","Dream Catcher","Dodecahedron","Runic Pyramid","PreservedInsect","MawBank","Omamori","Letter Opener","Orichalcum","Calipers","Incense Burner","Pear"],"potions_floor_usage":[7,55,55],"damage_taken":[{"damage":0,"enemies":"Small Slimes","floor":1,"turns":3},{"damage":0,"enemies":"2 Louse","floor":4,"turns":3},{"damage":7,"enemies":"Jaw Worm","floor":6,"turns":3},{"damage":27,"enemies":"3 Sentries","floor":7,"turns":13},{"damage":0,"enemies":"3 Louse","floor":10,"turns":3},{"damage":15,"enemies":"Lagavulin","floor":11,"turns":5},{"damage":0,"enemies":"Blue Slaver","floor":12,"turns":5},{"damage":25,"enemies":"3 Sentries","floor":13,"turns":11},{"damage":5,"enemies":"Gremlin Gang","floor":14,"turns":7},{"damage":25,"enemies":"Slime Boss","floor":16,"turns":8},{"damage":19,"enemies":"Spheric Guardian","floor":18,"turns":4},{"damage":56,"enemies":"Slavers","floor":23,"turns":6},{"damage":0,"enemies":"Chosen","floor":24,"turns":3},{"damage":13,"enemies":"Snecko","floor":28,"turns":7},{"damage":61,"enemies":"Gremlin Leader","floor":29,"turns":8},{"damage":0,"enemies":"Shelled Parasite and Fungi","floor":30,"turns":5},{"damage":9,"enemies":"Slavers","floor":31,"turns":5},{"damage":117,"enemies":"Collector","floor":33,"turns":12},{"damage":0,"enemies":"3 Darklings","floor":35,"turns":7},{"damage":0,"enemies":"Orb Walker","floor":36,"turns":5},{"damage":10,"enemies":"4 Shapes","floor":37,"turns":11},{"damage":0,"enemies":"Nemesis","floor":41,"turns":7},{"damage":39,"enemies":"Jaw Worm Horde","floor":42,"turns":10},{"damage":41,"enemies":"Giant Head","floor":44,"turns":9},{"damage":0,"enemies":"Writhing Mass","floor":45,"turns":9},{"damage":0,"enemies":"Nemesis","floor":47,"turns":7},{"damage":0,"enemies":"Time Eater","floor":50,"turns":15},{"damage":100,"enemies":"Shield and Spear","floor":54,"turns":12},{"damage":158,"enemies":"The Heart","floor":55,"turns":14}],"seed_played":"7561192999658100813","potions_obtained":[{"floor":4,"key":"Energy Potion"},{"floor":6,"key":"LiquidBronze"},{"floor":13,"key":"BloodPotion"},{"floor":16,"key":"Ancient Potion"}],"is_trial":false,"path_per_floor":["M","?","$","M","?","M","E","R","T","M","E","M","E","M","R","B",null,"M","?","?","T","$","E","M","R","T","$","M","E","M","E","R","B",null,"M","M","M","$","T","R","E","M","T","E","M","R","E","$","R","B",null,"R","$","E","B",null],"character_chosen":"IRONCLAD","items_purchased":["Vajra","Shrug It Off","Metallicize","Panache","Feel No Pain","Enlightenment+1","Dual Wield+1","Metallicize","PreservedInsect","Incense Burner","Inflame"],"campfire_rested":0,"item_purchase_floors":[3,3,22,22,27,38,38,38,38,48,48],"current_hp_per_floor":[57,62,62,68,68,67,46,46,46,54,47,57,40,45,45,28,77,71,71,71,71,71,61,73,73,73,73,90,76,94,99,99,81,95,99,101,103,103,103,103,105,98,98,107,107,107,109,109,109,109,109,109,109,93,33],"gold":44,"neow_bonus":"TWO_FIFTY_GOLD","is_prod":false,"is_daily":false,"chose_seed":false,"campfire_upgraded":7,"win_rate":0,"timestamp":1556067191,"path_taken":["M","?","$","M","?","M","E","R","T","M","E","M","E","M","R","BOSS","M","?","?","?","$","E","M","R","T","?","M","E","M","E","R","BOSS","M","M","?","$","?","R","E","M","T","E","M","R","E","?","R","BOSS","R","$","E","BOSS"],"build_version":"2019-01-23","purchased_purges":0,"victory":true,"max_hp_per_floor":[80,85,85,85,85,85,85,85,85,87,89,91,91,93,93,93,93,93,93,93,93,93,95,95,95,95,95,97,97,97,99,99,99,99,99,101,103,103,103,103,105,107,107,107,107,107,109,109,109,109,109,109,109,119,119],"card_choices":[{"not_picked":["Clash","Corruption"],"picked":"Inflame","floor":1},{"not_picked":["Iron Wave","Dropkick"],"picked":"Armaments","floor":4},{"not_picked":["Armaments","Cleave"],"picked":"Shrug It Off","floor":6},{"not_picked":["Sword Boomerang","Body Slam"],"picked":"Anger","floor":7},{"not_picked":["Corruption","Sword Boomerang","Power Through"],"picked":"Singing Bowl","floor":10},{"not_picked":["Heavy Blade","Pommel Strike","Ghostly Armor"],"picked":"Singing Bowl","floor":11},{"not_picked":["Body Slam","Clothesline","Heavy Blade"],"picked":"Singing Bowl","floor":12},{"not_picked":["Havoc","Berserk"],"picked":"Spot Weakness","floor":13},{"not_picked":["Battle Trance","Warcry","Ghostly Armor"],"picked":"Singing Bowl","floor":14},{"not_picked":["Feed","Immolate"],"picked":"Reaper","floor":16},{"not_picked":["Anger","Ghostly Armor"],"picked":"Headbutt+1","floor":18},{"not_picked":["Flex+1","True Grit","Pommel Strike"],"picked":"Singing Bowl","floor":23},{"not_picked":["Pommel Strike","Heavy Blade"],"picked":"Power Through+1","floor":24},{"not_picked":["Flex+1","Havoc+1","Headbutt"],"picked":"Singing Bowl","floor":28},{"not_picked":["Bludgeon","Pummel"],"picked":"True Grit+1","floor":29},{"not_picked":["Thunderclap","Ghostly Armor+1"],"picked":"Spot Weakness+1","floor":30},{"not_picked":["Ghostly Armor+1","Thunderclap","Pommel Strike+1"],"picked":"Singing Bowl","floor":31},{"not_picked":["Brutality","Bludgeon"],"picked":"Barricade","floor":33},{"not_picked":["Burning Pact+1","Pommel Strike"],"picked":"Disarm+1","floor":35},{"not_picked":["Wild Strike","Clash","Perfected Strike"],"picked":"Singing Bowl","floor":36},{"not_picked":["Perfected Strike","Sword Boomerang","Seeing Red+1"],"picked":"Singing Bowl","floor":37},{"not_picked":["Heavy Blade","Uppercut","Havoc+1"],"picked":"Singing Bowl","floor":41},{"not_picked":["Twin Strike+1","Perfected Strike","Power Through+1"],"picked":"Singing Bowl","floor":42},{"not_picked":["Iron Wave","Flex+1"],"picked":"Intimidate+1","floor":44},{"not_picked":["Intimidate+1","Searing Blow+1"],"picked":"Impervious+1","floor":45},{"not_picked":["Bloodletting+1","Havoc+1","Clash"],"picked":"Singing Bowl","floor":47},{"not_picked":["Twin Strike","Blood for Blood"],"picked":"Dual Wield+1","floor":54}],"player_experience":290204,"relics_obtained":[{"floor":7,"key":"FossilizedHelix"},{"floor":9,"key":"Singing Bowl"},{"floor":11,"key":"Blood Vial"},{"floor":13,"key":"Sundial"},{"floor":21,"key":"Mummified Hand"},{"floor":23,"key":"Toxic Egg 2"},{"floor":29,"key":"Dream Catcher"},{"floor":31,"key":"Dodecahedron"},{"floor":39,"key":"MawBank"},{"floor":41,"key":"Omamori"},{"floor":43,"key":"Letter Opener"},{"floor":44,"key":"Orichalcum"},{"floor":47,"key":"Calipers"},{"floor":54,"key":"Pear"}],"event_choices":[{"damage_healed":0,"gold_gain":0,"player_choice":"Donut","damage_taken":0,"max_hp_gain":5,"max_hp_loss":0,"event_name":"Big Fish","floor":2,"gold_loss":0},{"damage_healed":0,"gold_gain":0,"player_choice":"Grow","damage_taken":0,"max_hp_gain":0,"max_hp_loss":0,"event_name":"Living Wall","floor":5,"gold_loss":0,"cards_upgraded":["Bash"]},{"damage_healed":0,"gold_gain":0,"player_choice":"Became a vampire (Vial)","damage_taken":0,"max_hp_gain":0,"max_hp_loss":0,"event_name":"Vampires","floor":19,"relics_lost":["Blood Vial"],"gold_loss":0,"cards_obtained":["Bite","Bite","Bite","Bite","Bite"]},{"damage_healed":0,"gold_gain":0,"player_choice":"Simplicity","damage_taken":0,"max_hp_gain":0,"max_hp_loss":0,"event_name":"Back to Basics","floor":20,"gold_loss":0,"cards_upgraded":["Defend_R","Defend_R","Defend_R","Defend_R"]}],"is_beta":false,"boss_relics":[{"not_picked":["Black Blood","Fusion Hammer"],"picked":"Sozu"},{"not_picked":["Runic Cube","Snecko Eye"],"picked":"Runic Pyramid"}],"items_purged_floors":[],"is_endless":false,"potions_floor_spawned":[4,6,13,16,24,29,35,37,42,45,54],"ascension_level":12}