{"gold_per_floor":[112,131,131,147,159,185,185,150,150,183,202,202,232,307,307,381,381,399,399,399,411,411,411,444,444,444,474,389,389,416,181,181,255,255,265,278,297,297,311,311,338,338,417,30,0,0,0,15,15,15],"floor_reached":51,"playtime":2140,"items_purged":["Decay","Writhe"],"score":1270,"play_id":"4f167a5e-a5e5-4401-a0ad-dc692e3ac41c","local_time":"20190118203902","is_ascension_mode":true,"campfire_choices":[{"data":"Headbutt","floor":7,"key":"SMITH"},{"floor":12,"key":"DIG"},{"floor":15,"key":"DIG"},{"floor":23,"key":"DIG"},{"floor":25,"key":"DIG"},{"floor":32,"key":"DIG"},{"floor":40,"key":"REST"},{"floor":42,"key":"REST"},{"floor":46,"key":"REST"},{"floor":49,"key":"DIG"}],"neow_cost":"NONE","seed_source_timestamp":1124472157061642,"circlet_count":0,"master_deck":["AscendersBane","Bash","Headbutt","Iron Wave","Twin Strike","Dropkick","Headbutt+1","Cleave","Rage","Double Tap","Feed+1","Intimidate","Perfected Strike+1","Metallicize","Warcry","Inflame","Combust","Heavy Blade+1","Blood for Blood+1","Headbutt+1","Impervious","Reaper+1","Bite+1","Bite+1","Bite+1","Bite+1","Bite+1","Pommel Strike+1","Limit Break","Rampage+1","Dropkick+1","Battle Trance+1","Offering","Inflame+1"],"relics":["Burning Blood","Smiling Mask","Shuriken","Shovel","Boot","Molten Egg 2","Thread and Needle","Pandora\u0027s Box","Orichalcum","Bag of Preparation","Bag of Marbles","Kunai","Unceasing Top","Mango","Omamori","MawBank","Red Skull","Paper Frog","Fusion Hammer","Oddly Smooth Stone","Bottled Tornado","Toolbox","Red Mask","Mummified Hand"],"potions_floor_usage":[10,10,16,18,24,33,33,39,41,50,50],"damage_taken":[{"damage":16,"enemies":"Jaw Worm","floor":1,"turns":4},{"damage":1,"enemies":"Cultist","floor":2,"turns":3},{"damage":2,"enemies":"Small Slimes","floor":4,"turns":4},{"damage":15,"enemies":"Exordium Thugs","floor":5,"turns":5},{"damage":50,"enemies":"3 Sentries","floor":6,"turns":9},{"damage":28,"enemies":"Lagavulin","floor":10,"turns":6},{"damage":0,"enemies":"Large Slime","floor":11,"turns":3},{"damage":3,"enemies":"Gremlin Nob","floor":13,"turns":3},{"damage":14,"enemies":"Hexaghost","floor":16,"turns":7},{"damage":14,"enemies":"Spheric Guardian","floor":18,"turns":4},{"damage":8,"enemies":"3 Byrds","floor":21,"turns":6},{"damage":17,"enemies":"Slavers","floor":24,"turns":8},{"damage":31,"enemies":"Book of Stabbing","floor":27,"turns":5},{"damage":6,"enemies":"Gremlin Leader","floor":30,"turns":7},{"damage":57,"enemies":"Automaton","floor":33,"turns":7},{"damage":7,"enemies":"3 Darklings","floor":35,"turns":5},{"damage":8,"enemies":"3 Shapes","floor":36,"turns":3},{"damage":44,"enemies":"Sphere and 2 Shapes","floor":37,"turns":5},{"damage":31,"enemies":"3 Darklings","floor":39,"turns":3},{"damage":47,"enemies":"Reptomancer","floor":41,"turns":5},{"damage":19,"enemies":"4 Shapes","floor":48,"turns":4},{"damage":48,"enemies":"Donu and Deca","floor":50,"turns":5}],"seed_played":"977832064656852030","potions_obtained":[{"floor":2,"key":"EssenceOfSteel"},{"floor":5,"key":"Regen Potion"},{"floor":11,"key":"SkillPotion"},{"floor":13,"key":"Ancient Potion"},{"floor":21,"key":"Block Potion"},{"floor":30,"key":"FearPotion"},{"floor":33,"key":"GamblersBrew"},{"floor":35,"key":"Regen Potion"},{"floor":41,"key":"Dexterity Potion"}],"is_trial":false,"path_per_floor":["M","M","?","M","M","E","R","?","T","E","M","R","E","?","R","B",null,"M","?","?","M","?","R","E","R","T","E","?","?","E","$","R","B",null,"M","M","M","?","M","R","E","R","T","$","?","R","$","M","R","B",null],"character_chosen":"IRONCLAD","items_purchased":["Red Skull","PowerPotion","Offering","Toolbox","Fire Potion"],"campfire_rested":3,"item_purchase_floors":[31,31,44,44,44],"current_hp_per_floor":[62,67,67,71,62,18,18,38,38,31,37,37,40,29,29,21,65,57,57,57,59,59,59,48,48,48,37,37,37,52,52,52,16,55,68,70,45,45,32,54,32,56,56,56,56,80,80,77,77,50],"gold":15,"neow_bonus":"THREE_CARDS","is_prod":false,"is_daily":false,"chose_seed":false,"campfire_upgraded":1,"win_rate":0,"timestamp":1547843942,"path_taken":["M","M","?","M","?","E","R","?","T","E","M","R","E","?","R","BOSS","M","?","?","M","?","R","E","R","T","E","?","?","E","?","R","BOSS","M","M","M","?","M","R","E","R","T","$","?","R","?","?","R","BOSS"],"build_version":"2019-01-17v2","purchased_purges":2,"victory":true,"max_hp_per_floor":[80,80,80,80,80,80,80,80,80,80,80,80,80,80,80,80,80,80,80,80,84,84,84,84,84,84,98,98,68,68,68,68,68,68,68,72,76,76,76,76,80,80,80,80,80,80,80,84,84,84],"card_choices":[{"not_picked":["Wild Strike","Havoc"],"picked":"Headbutt","floor":0},{"not_picked":["Body Slam","Clash"],"picked":"Iron Wave","floor":1},{"not_picked":["Havoc","Clash","Heavy Blade"],"picked":"SKIP","floor":2},{"not_picked":["Body Slam","Ghostly Armor"],"picked":"Twin Strike","floor":4},{"not_picked":["Berserk","Pummel"],"picked":"Dropkick","floor":5},{"not_picked":["Combust","Whirlwind"],"picked":"Headbutt","floor":6},{"not_picked":["Brutality","Warcry"],"picked":"Cleave","floor":10},{"not_picked":["Power Through","Clothesline"],"picked":"Rage","floor":11},{"not_picked":["Entrench","Fiend Fire"],"picked":"Double Tap","floor":13},{"not_picked":["Exhume","Impervious"],"picked":"Feed+1","floor":16},{"not_picked":["Flex","Havoc"],"picked":"Headbutt+1","floor":18},{"not_picked":["Flex","Headbutt+1"],"picked":"Impervious","floor":21},{"not_picked":["Exhume","Clash+1","Wild Strike+1"],"picked":"SKIP","floor":24},{"not_picked":["Warcry","Rupture"],"picked":"Reaper+1","floor":27},{"not_picked":["Brutality","Sever Soul+1"],"picked":"Pommel Strike+1","floor":30},{"not_picked":["Demon Form","Double Tap"],"picked":"Limit Break","floor":33},{"not_picked":["Flex","True Grit"],"picked":"Rampage+1","floor":35},{"not_picked":["Sever Soul+1","Wild Strike+1","Thunderclap+1"],"picked":"SKIP","floor":36},{"not_picked":["Headbutt+1","Bloodletting+1"],"picked":"Dropkick+1","floor":37},{"not_picked":["Bloodletting","Hemokinesis+1","Ghostly Armor"],"picked":"SKIP","floor":39},{"not_picked":["Dual Wield","Juggernaut"],"picked":"Battle Trance+1","floor":41},{"not_picked":["Havoc","Hemokinesis+1"],"picked":"Inflame+1","floor":48}],"player_experience":136783,"relics_obtained":[{"floor":6,"key":"Smiling Mask"},{"floor":9,"key":"Shuriken"},{"floor":10,"key":"Shovel"},{"floor":12,"key":"Boot"},{"floor":13,"key":"Molten Egg 2"},{"floor":15,"key":"Thread and Needle"},{"floor":23,"key":"Bag of Preparation"},{"floor":24,"key":"Bag of Marbles"},{"floor":25,"key":"Kunai"},{"floor":26,"key":"Unceasing Top"},{"floor":27,"key":"Mango"},{"floor":30,"key":"MawBank"},{"floor":32,"key":"Paper Frog"},{"floor":41,"key":"Oddly Smooth Stone"},{"floor":43,"key":"Bottled Tornado"},{"floor":49,"key":"Mummified Hand"}],"event_choices":[{"damage_healed":0,"gold_gain":0,"player_choice":"0 cards matched","damage_taken":0,"max_hp_gain":0,"max_hp_loss":0,"event_name":"Match and Keep!","floor":3,"gold_loss":0,"cards_obtained":[]},{"damage_healed":20,"gold_gain":0,"player_choice":"Healed","damage_taken":0,"max_hp_gain":0,"max_hp_loss":0,"event_name":"The Cleric","floor":8,"gold_loss":35},{"damage_healed":0,"gold_gain":75,"player_choice":"Gather Gold","damage_taken":11,"max_hp_gain":0,"max_hp_loss":0,"event_name":"World of Goop","floor":14,"gold_loss":0},{"damage_healed":0,"gold_gain":0,"player_choice":"Smashed Altar","damage_taken":0,"max_hp_gain":0,"max_hp_loss":0,"event_name":"Forgotten Altar","floor":19,"gold_loss":0,"cards_obtained":["Decay"]},{"damage_healed":0,"gold_gain":0,"player_choice":"Ignored","damage_taken":0,"max_hp_gain":0,"max_hp_loss":0,"event_name":"Cursed Tome","floor":20,"gold_loss":0},{"damage_healed":0,"gold_gain":0,"player_choice":"Opened","damage_taken":0,"relics_obtained":["Orichalcum"],"max_hp_gain":0,"max_hp_loss":0,"event_name":"The Mausoleum","floor":22,"gold_loss":0,"cards_obtained":["Writhe"]},{"damage_healed":0,"gold_gain":0,"player_choice":"Obtained Relic","damage_taken":0,"relics_obtained":["Omamori"],"max_hp_gain":0,"max_hp_loss":0,"event_name":"Addict","floor":28,"gold_loss":85},{"damage_healed":0,"gold_gain":0,"player_choice":"Became a vampire","damage_taken":0,"max_hp_gain":0,"max_hp_loss":30,"event_name":"Vampires","floor":29,"gold_loss":0,"cards_obtained":["Bite","Bite","Bite","Bite","Bite"]},{"cards_removed":["Metallicize"],"damage_healed":0,"gold_gain":0,"player_choice":"Removed Power","damage_taken":0,"max_hp_gain":0,"max_hp_loss":0,"event_name":"Falling","floor":38,"gold_loss":0},{"damage_healed":0,"gold_gain":0,"player_choice":"Paid","damage_taken":0,"relics_obtained":["Red Mask"],"max_hp_gain":0,"max_hp_loss":0,"event_name":"Tomb of Lord Red Mask","floor":45,"gold_loss":30}],"is_beta":false,"boss_relics":[{"not_picked":["Sozu","Busted Crown"],"picked":"Pandora\u0027s Box"},{"not_picked":["Black Blood","Empty Cage"],"picked":"Fusion Hammer"}],"items_purged_floors":[31,44],"is_endless":false,"potions_floor_spawned":[2,5,11,13,21,30,33,35,36,41],"ascension_level":13}