{"gold_per_floor":[113,63,63,87,103,103,166,166,241,149,174,174,190,33,33,154,154,169,94,94,113,129,129,129,129,129,129,161,161,18,18,18,119,119,139,39,86,111,111,139,139,14,68,68,68,68,68,0,0,0],"floor_reached":51,"playtime":2541,"items_purged":["Sucker Punch+1","Strike_G","Strike_G"],"score":829,"play_id":"85c82c8a-83f1-4f95-916b-08b98fcc3ae9","local_time":"20181209091940","is_ascension_mode":true,"campfire_choices":[{"data":"Infinite Blades","floor":6.0,"key":"SMITH"},{"floor":8.0,"key":"REST"},{"floor":12.0,"key":"REST"},{"floor":15.0,"key":"REST"},{"floor":23,"key":"REST"},{"data":"Infinite Blades","floor":25,"key":"SMITH"},{"data":"Cloak And Dagger","floor":27,"key":"SMITH"},{"data":"A Thousand Cuts","floor":29,"key":"SMITH"},{"floor":32,"key":"REST"},{"floor":41,"key":"REST"},{"data":"Adrenaline","floor":44,"key":"SMITH"},{"data":"Leg Sweep","floor":45,"key":"SMITH"},{"floor":49,"key":"REST"}],"neow_cost":"NONE","seed_source_timestamp":0,"circlet_count":0,"master_deck":["Defend_G","Defend_G","Defend_G","Defend_G","Survivor","Neutralize","Leg Sweep+1","Infinite Blades+1","Footwork","A Thousand Cuts+1","Deadly Poison+1","A Thousand Cuts+1","Infinite Blades+1","Backflip","Cloak And Dagger+1","Deadly Poison+1","Adrenaline+1","Noxious Fumes+1","Cloak And Dagger","Cloak And Dagger+1"],"special_seed":0,"relics":["Ring of the Snake","NeowsBlessing","Bloody Idol","Bottled Flame","Blue Candle","Ancient Tea Set","Lantern","Astrolabe","MutagenicStrength","Juzu Bracelet","Bag of Marbles","PreservedInsect","Orrery","WingedGreaves","Potion Belt","Boot","Oddly Smooth Stone","Red Mask"],"potions_floor_usage":[18,21,22,28,35,40],"damage_taken":[{"damage":0.0,"enemies":"Small Slimes","floor":1.0,"turns":1.0},{"damage":0.0,"enemies":"2 Louse","floor":4.0,"turns":1.0},{"damage":0.0,"enemies":"Cultist","floor":5.0,"turns":1.0},{"damage":44.0,"enemies":"Lagavulin Event","floor":7.0,"turns":8.0},{"damage":8.0,"enemies":"Looter","floor":11.0,"turns":4.0},{"damage":2.0,"enemies":"Large Slime","floor":13.0,"turns":6.0},{"damage":56.0,"enemies":"The Guardian","floor":16.0,"turns":23.0},{"damage":16,"enemies":"2 Thieves","floor":18,"turns":4},{"damage":7,"enemies":"Chosen","floor":21,"turns":6},{"damage":11,"enemies":"Snake Plant","floor":22,"turns":5},{"damage":13,"enemies":"Slavers","floor":28,"turns":9},{"damage":56,"enemies":"Champ","floor":33,"turns":14},{"damage":25,"enemies":"3 Shapes","floor":35,"turns":4},{"damage":63,"enemies":"2 Orb Walkers","floor":37,"turns":5},{"damage":47,"enemies":"Nemesis","floor":40,"turns":7},{"damage":128,"enemies":"Donu and Deca","floor":50,"turns":12}],"seed_played":"4384162743881264457","potions_obtained":[{"floor":4.0,"key":"Swift Potion"},{"floor":5.0,"key":"SkillPotion"},{"floor":16.0,"key":"GhostInAJar"},{"floor":18,"key":"GhostInAJar"},{"floor":21,"key":"EssenceOfSteel"},{"floor":22,"key":"PowerPotion"},{"floor":33,"key":"Poison Potion"},{"floor":35,"key":"Dexterity Potion"}],"is_trial":false,"path_per_floor":["M","?","?","M","M","R","?","R","T","?","M","R","M","$","R","B",null,"M","$","?","M","M","R","?","R","T","R","E","R","$","?","R","B",null,"M","$","?","T","?","E","R","$","T","R","R","$","$","?","R","B",null],"character_chosen":"THE_SILENT","items_purchased":["Lantern","PreservedInsect"],"campfire_rested":7,"item_purchase_floors":[14,30],"current_hp_per_floor":[70,70,53,53,53,53,9,30,30,30,22,43,41,41,62,6,54,38,38,38,31,20,41,41,41,41,41,33,33,33,33,54,67,69,49,49,32,37,37,24,43,43,48,48,48,48,48,48,66,46],"gold":0,"neow_bonus":"THREE_ENEMY_KILL","is_prod":false,"is_daily":false,"chose_seed":false,"campfire_upgraded":6,"win_rate":0,"timestamp":1544343580,"path_taken":["M","?","?","M","M","R","?","R","T","?","M","R","M","$","R","BOSS","M","$","?","M","M","R","?","R","T","R","E","R","$","?","R","BOSS","M","$","?","?","?","E","R","$","T","R","R","?","$","?","R","BOSS"],"build_version":"2018-12-06","purchased_purges":3,"victory":true,"max_hp_per_floor":[70,70,70,70,70,70,70,70,70,70,70,70,70,70,70,70,70,70,70,70,70,70,70,70,70,70,70,70,70,70,70,70,70,70,70,70,70,70,66,66,66,66,66,66,66,66,66,66,66,66],"card_choices":[{"not_picked":["Backflip","Blur"],"picked":"Leg Sweep","floor":1.0},{"not_picked":["Slice","Riddle With Holes"],"picked":"Infinite Blades","floor":4.0},{"not_picked":["Skewer","All Out Attack","Setup"],"picked":"SKIP","floor":5.0},{"not_picked":["Bouncing Flask","PiercingWail"],"picked":"Footwork","floor":11.0},{"not_picked":["Acrobatics","Concentrate","Underhanded Strike"],"picked":"SKIP","floor":13.0},{"not_picked":["Venomology","Envenom"],"picked":"A Thousand Cuts","floor":16.0},{"not_picked":["Deadly Poison","Sucker Punch"],"picked":"Infinite Blades","floor":18},{"not_picked":["Outmaneuver","Dagger Throw"],"picked":"Backflip","floor":21},{"not_picked":["Outmaneuver","Underhanded Strike"],"picked":"Cloak And Dagger","floor":22},{"not_picked":["Outmaneuver","Leg Sweep"],"picked":"Deadly Poison+1","floor":28},{"not_picked":["Sucker Punch","Footwork"],"picked":"Adrenaline","floor":34},{"not_picked":["Dagger Throw+1","Bane"],"picked":"Noxious Fumes+1","floor":34},{"not_picked":["Bane","Dagger Throw"],"picked":"Cloak And Dagger","floor":34},{"not_picked":["All Out Attack+1","Calculated Gamble","Dodge and Roll"],"picked":"SKIP","floor":35},{"not_picked":["Well Laid Plans+1","Slice"],"picked":"Cloak And Dagger+1","floor":37},{"not_picked":["Tactician+1","Riddle With Holes+1","Finisher+1"],"picked":"SKIP","floor":40}],"player_experience":393357,"relics_obtained":[{"floor":7.0,"key":"Bottled Flame"},{"floor":9.0,"key":"Blue Candle"},{"floor":26,"key":"Juzu Bracelet"},{"floor":28,"key":"Bag of Marbles"},{"floor":37,"key":"WingedGreaves"},{"floor":38,"key":"Potion Belt"},{"floor":40,"key":"Boot"},{"floor":43,"key":"Oddly Smooth Stone"}],"event_choices":[{"cards_removed":["Defend_G"],"damage_healed":0.0,"max_hp_gain":0.0,"max_hp_loss":0.0,"gold_gain":0.0,"event_name":"The Cleric","player_choice":"Card Removal","floor":2.0,"gold_loss":50.0,"damage_taken":0.0},{"damage_healed":0.0,"max_hp_gain":0.0,"max_hp_loss":0.0,"gold_gain":0.0,"event_name":"Golden Idol","player_choice":"Take Damage","floor":3.0,"gold_loss":0.0,"damage_taken":17.0,"relics_obtained":["Golden Idol"]},{"damage_healed":0.0,"max_hp_gain":0.0,"max_hp_loss":0.0,"gold_gain":30.0,"event_name":"Dead Adventurer","player_choice":"Searched \u00273\u0027 times","floor":7.0,"gold_loss":0.0,"damage_taken":0.0},{"damage_healed":0.0,"max_hp_gain":0.0,"max_hp_loss":0.0,"gold_gain":0.0,"event_name":"WeMeetAgain","player_choice":"Paid Gold","floor":10.0,"gold_loss":92.0,"damage_taken":0.0,"relics_obtained":["Ancient Tea Set"]},{"damage_healed":0,"gold_gain":0,"player_choice":"Inject Mutagens","damage_taken":0,"relics_obtained":["MutagenicStrength"],"max_hp_gain":0,"max_hp_loss":0,"event_name":"Drug Dealer","floor":20,"gold_loss":0},{"damage_healed":0,"gold_gain":0,"player_choice":"Gave Idol","damage_taken":0,"relics_obtained":["Bloody Idol"],"max_hp_gain":0,"max_hp_loss":0,"event_name":"Forgotten Altar","floor":24,"relics_lost":["Golden Idol"],"gold_loss":0},{"damage_healed":0,"gold_gain":0,"player_choice":"Ignored","damage_taken":0,"max_hp_gain":0,"max_hp_loss":0,"event_name":"Beggar","floor":31,"gold_loss":0},{"damage_healed":0,"gold_gain":0,"player_choice":"Fight","damage_taken":0,"max_hp_gain":0,"max_hp_loss":0,"event_name":"Mysterious Sphere","floor":37,"gold_loss":0},{"damage_healed":0,"gold_gain":0,"player_choice":"Max HP","damage_taken":0,"max_hp_gain":0,"max_hp_loss":4,"event_name":"Winding Halls","floor":39,"gold_loss":0},{"damage_healed":0,"gold_gain":0,"player_choice":"Paid","damage_taken":0,"relics_obtained":["Red Mask"],"max_hp_gain":0,"max_hp_loss":0,"event_name":"Tomb of Lord Red Mask","floor":48,"gold_loss":68}],"is_beta":false,"boss_relics":[{"not_picked":["Pandora\u0027s Box","Tiny House"],"picked":"Astrolabe"},{"not_picked":["Sozu","Coffee Dripper"],"picked":"Orrery"}],"items_purged_floors":[19,36,42],"is_endless":false,"potions_floor_spawned":[4,5,16,18,21,22,33,35],"ascension_level":5}