{"gold_per_floor":[369,383,558,572,587,587,614,614,638,92,111,146,173,211,223,340,352,378,422,509,538,34,34,34,47,47,77,77,77,77,77,77,180,180,197,210,258,277,85,85,85,85,85,85,100,118,118,118,118,118,118,118,42,68,68],"floor_reached":55,"playtime":1668,"items_purged":["Doubt","Defend_R"],"score":834,"play_id":"6f7602df-2a40-4d9d-9956-f4b39087ee7c","local_time":"20190110194152","is_ascension_mode":true,"campfire_choices":[{"data":"Rampage","floor":6,"key":"SMITH"},{"data":"Flame Barrier","floor":8,"key":"SMITH"},{"data":"Mayhem","floor":15,"key":"SMITH"},{"data":"Inflame","floor":23,"key":"SMITH"},{"data":"Pommel Strike","floor":29,"key":"SMITH"},{"floor":32,"key":"REST"},{"floor":40,"key":"REST"},{"data":"Limit Break","floor":42,"key":"SMITH"},{"floor":47,"key":"RECALL"},{"floor":49,"key":"REST"},{"data":"Sword Boomerang","floor":52,"key":"SMITH"}],"neow_cost":"PERCENT_DAMAGE","seed_source_timestamp":430318203857910,"circlet_count":0,"master_deck":["Defend_R+1","Defend_R+1","Bash","Rampage+1","Reckless Charge","Pommel Strike+1","Flame Barrier+1","Mayhem+1","Flash of Steel","Cleave","Sword Boomerang+1","Impervious","Inflame+1","Battle Trance+1","RitualDagger","Reaper","Bite","Bite","Bite","Bite","Bite","Limit Break+1","Sword Boomerang+1","Headbutt+1","Headbutt","Pummel","Battle Trance","Fiend Fire"],"relics":["Burning Blood","Boot","Potion Belt","Red Skull","MawBank","Orichalcum","Runic Dome","Red Mask","Matryoshka","Strawberry","Bottled Tornado","Dodecahedron","Centennial Puzzle","Sozu","Pocketwatch","Brimstone","Oddly Smooth Stone","Frozen Egg 2","Bird Faced Urn"],"potions_floor_usage":[7,14,16,19,19,33,33,38,38],"damage_taken":[{"damage":9,"enemies":"Cultist","floor":1,"turns":5},{"damage":7,"enemies":"Small Slimes","floor":2,"turns":3},{"damage":1,"enemies":"2 Louse","floor":4,"turns":3},{"damage":5,"enemies":"Exordium Wildlife","floor":5,"turns":5},{"damage":40,"enemies":"3 Sentries","floor":7,"turns":7},{"damage":0,"enemies":"3 Louse","floor":11,"turns":2},{"damage":16,"enemies":"Gremlin Nob","floor":12,"turns":3},{"damage":9,"enemies":"Red Slaver","floor":13,"turns":2},{"damage":10,"enemies":"Lagavulin","floor":14,"turns":3},{"damage":2,"enemies":"Slime Boss","floor":16,"turns":5},{"damage":0,"enemies":"3 Byrds","floor":18,"turns":2},{"damage":4,"enemies":"Masked Bandits","floor":19,"turns":3},{"damage":6,"enemies":"2 Thieves","floor":21,"turns":4},{"damage":30,"enemies":"3 Cultists","floor":25,"turns":6},{"damage":37,"enemies":"Slavers","floor":27,"turns":4},{"damage":35,"enemies":"Collector","floor":33,"turns":4},{"damage":30,"enemies":"3 Shapes","floor":35,"turns":4},{"damage":11,"enemies":"3 Darklings","floor":36,"turns":3},{"damage":34,"enemies":"2 Orb Walkers","floor":37,"turns":4},{"damage":24,"enemies":"Writhing Mass","floor":38,"turns":2},{"damage":26,"enemies":"Maw","floor":45,"turns":3},{"damage":12,"enemies":"Sphere and 2 Shapes","floor":46,"turns":3},{"damage":57,"enemies":"Awakened One","floor":50,"turns":6},{"damage":61,"enemies":"Shield and Spear","floor":54,"turns":4},{"damage":29,"enemies":"The Heart","floor":55,"turns":2}],"seed_played":"-5831937993116221245","potions_obtained":[{"floor":1,"key":"Weak Potion"},{"floor":2,"key":"LiquidBronze"},{"floor":4,"key":"PowerPotion"},{"floor":7,"key":"Weak Potion"},{"floor":16,"key":"Strength Potion"},{"floor":18,"key":"PowerPotion"},{"floor":19,"key":"Fruit Juice"},{"floor":27,"key":"Strength Potion"}],"is_trial":false,"path_per_floor":["M","M","?","M","M","R","E","R","T","$","M","E","M","E","R","B",null,"M","?","?","M","$","R","?","M","T","E","?","R","$","?","R","B",null,"M","M","?","M","$","R","?","R","T","$","M","M","R","T","R","B",null,"R","$","E","B"],"character_chosen":"IRONCLAD","items_purchased":["Mayhem","Flash of Steel","Fire Potion","Red Skull","Matryoshka","Strawberry","Brimstone","Battle Trance"],"campfire_rested":3,"item_purchase_floors":[10,10,10,10,22,22,39,53],"current_hp_per_floor":[53,52,52,57,58,58,24,24,24,24,30,20,17,13,13,17,80,80,85,77,77,84,84,78,54,54,23,23,23,23,23,42,27,64,58,59,45,27,27,46,46,46,46,46,32,46,46,46,64,17,64,64,64,22,0],"gold":68,"neow_bonus":"TWO_FIFTY_GOLD","is_prod":false,"is_daily":false,"chose_seed":false,"campfire_upgraded":7,"win_rate":0,"timestamp":1547149312,"path_taken":["M","M","?","M","M","R","E","R","T","$","M","E","M","E","R","BOSS","M","?","?","?","$","R","?","M","T","E","?","R","$","?","R","BOSS","M","M","?","M","$","R","?","R","T","?","?","?","R","?","R","BOSS","R","$","E","BOSS"],"build_version":"2019-01-03v4","purchased_purges":2,"victory":false,"max_hp_per_floor":[80,80,80,80,80,80,80,80,80,80,80,80,80,80,80,80,80,80,85,85,85,92,92,92,92,92,92,92,92,92,64,64,64,64,64,64,64,64,64,64,64,64,64,64,64,64,64,64,64,64,64,64,64,64,64],"card_choices":[{"not_picked":["Intimidate","Cleave"],"picked":"Rampage","floor":1},{"not_picked":["Dual Wield","Cleave"],"picked":"Reckless Charge","floor":2},{"not_picked":["Bloodletting","Cleave","Clash"],"picked":"SKIP","floor":4},{"not_picked":["Heavy Blade","Metallicize"],"picked":"Pommel Strike","floor":5},{"not_picked":["Shrug It Off","Corruption"],"picked":"Flame Barrier","floor":7},{"not_picked":["Reaper","Shockwave"],"picked":"Cleave","floor":11},{"not_picked":["Clothesline","Warcry"],"picked":"Sword Boomerang","floor":12},{"not_picked":["Carnage","Anger","Rampage"],"picked":"SKIP","floor":13},{"not_picked":["Body Slam","True Grit","Wild Strike"],"picked":"SKIP","floor":14},{"not_picked":["Exhume","Berserk"],"picked":"Impervious","floor":16},{"not_picked":["True Grit","Warcry","Pommel Strike"],"picked":"SKIP","floor":18},{"not_picked":["Flame Barrier+1","Body Slam+1"],"picked":"Inflame","floor":19},{"not_picked":["Intimidate+1","Pommel Strike"],"picked":"Battle Trance+1","floor":21},{"not_picked":["Metallicize","Reckless Charge","Wild Strike"],"picked":"SKIP","floor":25},{"not_picked":["Shrug It Off","Fire Breathing"],"picked":"Reaper","floor":27},{"not_picked":["Bludgeon","Exhume"],"picked":"Limit Break","floor":33},{"not_picked":["Clash","Perfected Strike"],"picked":"Sword Boomerang+1","floor":35},{"not_picked":["Anger+1","Body Slam+1"],"picked":"Headbutt+1","floor":36},{"not_picked":["Iron Wave+1","Twin Strike+1"],"picked":"Headbutt","floor":37},{"not_picked":["Clothesline","Hemokinesis+1","True Grit"],"picked":"SKIP","floor":38},{"not_picked":["Warcry","Corruption"],"picked":"Pummel","floor":45},{"not_picked":["Hemokinesis+1","Clothesline+1","Body Slam+1"],"picked":"SKIP","floor":46},{"not_picked":["True Grit","Flame Barrier"],"picked":"Fiend Fire","floor":54}],"player_experience":50923,"relics_obtained":[{"floor":7,"key":"Boot"},{"floor":9,"key":"Potion Belt"},{"floor":12,"key":"MawBank"},{"floor":14,"key":"Orichalcum"},{"floor":19,"key":"Red Mask"},{"floor":26,"key":"Bottled Tornado"},{"floor":26,"key":"Dodecahedron"},{"floor":27,"key":"Centennial Puzzle"},{"floor":37,"key":"Pocketwatch"},{"floor":43,"key":"Oddly Smooth Stone"},{"floor":48,"key":"Frozen Egg 2"},{"floor":54,"key":"Bird Faced Urn"}],"event_choices":[{"damage_healed":0,"gold_gain":175,"player_choice":"AGREE","damage_taken":0,"max_hp_gain":0,"max_hp_loss":0,"event_name":"Liars Game","floor":3,"gold_loss":0,"cards_obtained":["Doubt"]},{"damage_healed":0,"gold_gain":0,"player_choice":"Fought Bandits","damage_taken":0,"max_hp_gain":0,"max_hp_loss":0,"event_name":"Masked Bandits","floor":19,"gold_loss":0},{"damage_healed":0,"gold_gain":75,"player_choice":"Touch","damage_taken":8,"max_hp_gain":0,"max_hp_loss":0,"event_name":"FaceTrader","floor":20,"gold_loss":0},{"damage_healed":0,"gold_gain":0,"player_choice":"Joined the Cult","damage_taken":6,"max_hp_gain":0,"max_hp_loss":0,"event_name":"Nest","floor":24,"gold_loss":0,"cards_obtained":["RitualDagger"]},{"damage_healed":0,"gold_gain":0,"player_choice":"Simplicity","damage_taken":0,"max_hp_gain":0,"max_hp_loss":0,"event_name":"Back to Basics","floor":28,"gold_loss":0,"cards_upgraded":["Strike_R","Strike_R","Strike_R","Strike_R","Strike_R","Defend_R","Defend_R","Defend_R"]},{"damage_healed":0,"gold_gain":0,"player_choice":"Became a vampire","damage_taken":0,"max_hp_gain":0,"max_hp_loss":28,"event_name":"Vampires","floor":31,"gold_loss":0,"cards_obtained":["Bite","Bite","Bite","Bite","Bite"]},{"damage_healed":0,"gold_gain":0,"player_choice":"Fight","damage_taken":0,"max_hp_gain":0,"max_hp_loss":0,"event_name":"Mysterious Sphere","floor":37,"gold_loss":0},{"cards_removed":["Defend_R"],"damage_healed":0,"gold_gain":0,"player_choice":"Removed Skill","damage_taken":0,"max_hp_gain":0,"max_hp_loss":0,"event_name":"Falling","floor":41,"gold_loss":0}],"is_beta":false,"boss_relics":[{"not_picked":["Busted Crown","Velvet Choker"],"picked":"Runic Dome"},{"not_picked":["Mark of Pain","Cursed Key"],"picked":"Sozu"}],"items_purged_floors":[10,22],"is_endless":false,"potions_floor_spawned":[1,2,4,7,16,18,19,27,36,37,38],"killed_by":"The Heart","ascension_level":4}