{"gold_per_floor":[112,62,78,94,169,169,195,211,263,276,28,28,28,28,28,125,125,138,157,157,157,167,193,193],"floor_reached":24,"playtime":3126,"items_purged":[],"score":292,"play_id":"3c30ac90-78ed-4111-b727-9e8375cac752","local_time":"20190402182206","is_ascension_mode":true,"campfire_choices":[{"data":"Neutralize","floor":6,"key":"SMITH"},{"floor":13,"key":"REST"},{"data":"Deadly Poison","floor":15,"key":"SMITH"}],"neow_cost":"NONE","seed_source_timestamp":118986184297664,"circlet_count":0,"master_deck":["Defend_G","Defend_G","Defend_G","Defend_G","Defend_G","Strike_G","Strike_G","Strike_G","Strike_G","Survivor","Neutralize+1","Deadly Poison+1","Backstab","PiercingWail","Infinite Blades","Leg Sweep","Cloak And Dagger","Pain","Envenom","Acrobatics","Writhe","Calculated Gamble+1","Footwork"],"relics":["Ring of the Snake","Potion Belt","Mummified Hand","Bag of Marbles","Pear","WarpedTongs","Runic Pyramid","Regal Pillow","FossilizedHelix"],"potions_floor_usage":[18,19,23,23,23,23,24],"damage_taken":[{"damage":0,"enemies":"Small Slimes","floor":1,"turns":6},{"damage":1,"enemies":"Jaw Worm","floor":3,"turns":5},{"damage":0,"enemies":"2 Louse","floor":4,"turns":2},{"damage":16,"enemies":"3 Sentries","floor":7,"turns":13},{"damage":20,"enemies":"Gremlin Gang","floor":8,"turns":6},{"damage":3,"enemies":"Blue Slaver","floor":10,"turns":3},{"damage":36,"enemies":"Hexaghost","floor":16,"turns":13},{"damage":11,"enemies":"Shell Parasite","floor":18,"turns":7},{"damage":5,"enemies":"3 Byrds","floor":19,"turns":5},{"damage":19,"enemies":"Snake Plant","floor":22,"turns":7},{"damage":3,"enemies":"Slavers","floor":23,"turns":5},{"damage":25,"enemies":"Cultist and Chosen","floor":24,"turns":12}],"seed_played":"-3324947707872532751","potions_obtained":[{"floor":3,"key":"LiquidBronze"},{"floor":7,"key":"SneckoOil"},{"floor":8,"key":"PowerPotion"},{"floor":10,"key":"Block Potion"},{"floor":16,"key":"EssenceOfSteel"},{"floor":18,"key":"GhostInAJar"},{"floor":22,"key":"Dexterity Potion"}],"is_trial":false,"path_per_floor":["?","?","?","M","?","?"],"character_chosen":"THE_SILENT","items_purchased":["Pear"],"campfire_rested":1,"item_purchase_floors":[11],"current_hp_per_floor":[63,63,62,62,51,51,35,15,15,12,22,22,46,46,46,10,63,52,47,47,47,28,25,0],"gold":193,"neow_bonus":"RANDOM_COMMON_RELIC","is_prod":false,"is_daily":false,"chose_seed":false,"campfire_upgraded":2,"win_rate":0,"timestamp":1554250926,"path_taken":["M","?","M","M","?","R","E","M","T","M","$","?","R","$","R","BOSS","M","?","?","?","M","E","M"],"build_version":"2019-01-23","purchased_purges":0,"victory":false,"max_hp_per_floor":[70,70,70,70,70,70,70,70,70,70,80,80,80,80,80,80,80,80,80,80,80,80,80,80],"card_choices":[{"not_picked":["Deflect","Sucker Punch"],"picked":"Deadly Poison","floor":1},{"not_picked":["Reflex","Blade Dance"],"picked":"Backstab","floor":3},{"not_picked":["Cloak And Dagger","Sucker Punch"],"picked":"PiercingWail","floor":4},{"not_picked":["Acrobatics","Malaise"],"picked":"Infinite Blades","floor":7},{"not_picked":["Caltrops","Poisoned Stab"],"picked":"Leg Sweep","floor":8},{"not_picked":["Underhanded Strike","Deflect"],"picked":"Cloak And Dagger","floor":10},{"not_picked":["A Thousand Cuts","Wraith Form v2"],"picked":"Envenom","floor":16},{"not_picked":["Backstab","Bane"],"picked":"Acrobatics","floor":18},{"not_picked":["Expertise+1","Choke","Masterful Stab+1"],"picked":"SKIP","floor":19},{"not_picked":["Deadly Poison","Cloak And Dagger"],"picked":"Calculated Gamble+1","floor":22},{"not_picked":["Distraction","Tactician"],"picked":"Footwork","floor":23}],"player_experience":430735,"relics_obtained":[{"floor":7,"key":"Mummified Hand"},{"floor":9,"key":"Bag of Marbles"},{"floor":23,"key":"FossilizedHelix"}],"event_choices":[{"cards_removed":["Strike_G"],"damage_healed":0,"gold_gain":0,"player_choice":"Card Removal","damage_taken":0,"max_hp_gain":0,"max_hp_loss":0,"event_name":"The Cleric","floor":2,"gold_loss":50},{"damage_healed":0,"gold_gain":75,"player_choice":"Gather Gold","damage_taken":11,"max_hp_gain":0,"max_hp_loss":0,"event_name":"World of Goop","floor":5,"gold_loss":0},{"damage_healed":0,"gold_gain":0,"player_choice":"Rummage","damage_taken":0,"relics_obtained":["WarpedTongs"],"max_hp_gain":0,"max_hp_loss":0,"event_name":"Accursed Blacksmith","floor":12,"gold_loss":0,"cards_obtained":["Pain"]},{"damage_healed":0,"gold_gain":0,"player_choice":"Ignored","damage_taken":0,"max_hp_gain":0,"max_hp_loss":0,"event_name":"Vampires","floor":20,"gold_loss":0},{"damage_healed":0,"gold_gain":0,"player_choice":"Opened","damage_taken":0,"relics_obtained":["Regal Pillow"],"max_hp_gain":0,"max_hp_loss":0,"event_name":"The Mausoleum","floor":21,"gold_loss":0,"cards_obtained":["Writhe"]}],"is_beta":false,"boss_relics":[{"not_picked":["Lizard Tail","Runic Dome"],"picked":"Runic Pyramid"}],"items_purged_floors":[],"is_endless":false,"potions_floor_spawned":[3,7,8,10,16,18,22],"killed_by":"Cultist and Chosen","ascension_level":7}