{"gold_per_floor":[112,125,140,155,155,155,175,191,191,221,231,406,437,454,454,553,553,568,568,585,279,299,325,240,275,275,275,306,335,201,201],"floor_reached":31,"playtime":1389,"items_purged":["Clumsy","Strike_R"],"score":515,"play_id":"ab538b06-df6d-4a69-b26a-508e31db7146","local_time":"20190422201921","is_ascension_mode":true,"campfire_choices":[{"data":"True Grit","floor":6.0,"key":"SMITH"},{"data":"Armaments","floor":15,"key":"SMITH"}],"neow_cost":"CURSE","seed_source_timestamp":0,"circlet_count":0,"master_deck":["AscendersBane","Strike_R","Strike_R","Strike_R","Strike_R","Defend_R","Defend_R","Defend_R","Defend_R","Bash+1","Headbutt","True Grit+1","Offering","Clothesline","Anger","Sword Boomerang+1","Impervious","Armaments+1","Fiend Fire+1","Ghostly Armor+1","Sword Boomerang+1","Wild Strike+1","Uppercut+1","Metallicize","Spot Weakness","Ghostly","Ghostly","Ghostly","Ghostly","Ghostly","Pommel Strike+1","Inflame+1"],"special_seed":0,"relics":["Burning Blood","Ginger","Molten Egg 2","Self Forming Clay","Strawberry","Mark of Pain","Spirit Poop","Sling","Prayer Wheel","Frozen Egg 2","Boot","Letter Opener","Red Mask","Gremlin Horn"],"potions_floor_usage":[10,13,16,23,25],"damage_taken":[{"damage":9.0,"enemies":"2 Louse","floor":1.0,"turns":3.0},{"damage":6.0,"enemies":"Cultist","floor":2.0,"turns":3.0},{"damage":5.0,"enemies":"Small Slimes","floor":3.0,"turns":4.0},{"damage":13.0,"enemies":"2 Fungi Beasts","floor":4.0,"turns":6.0},{"damage":11.0,"enemies":"Red Slaver","floor":7.0,"turns":2.0},{"damage":5.0,"enemies":"Exordium Wildlife","floor":8.0,"turns":4.0},{"damage":22,"enemies":"3 Sentries","floor":10,"turns":6},{"damage":7,"enemies":"Blue Slaver","floor":11,"turns":4},{"damage":28,"enemies":"Gremlin Nob","floor":13,"turns":4},{"damage":7,"enemies":"2 Fungi Beasts","floor":14,"turns":3},{"damage":20,"enemies":"Hexaghost","floor":16,"turns":12},{"damage":15,"enemies":"Shell Parasite","floor":18,"turns":3},{"damage":16,"enemies":"3 Byrds","floor":20,"turns":7},{"damage":8,"enemies":"Snecko","floor":22,"turns":5},{"damage":21,"enemies":"Slavers","floor":23,"turns":5},{"damage":32,"enemies":"Book of Stabbing","floor":25,"turns":5},{"damage":1,"enemies":"Masked Bandits","floor":28,"turns":5},{"damage":14,"enemies":"Gremlin Leader","floor":29,"turns":8},{"damage":18,"enemies":"Snake Plant","floor":31,"turns":4}],"seed_played":"4836603264375281336","potions_obtained":[{"floor":1.0,"key":"Explosive Potion"},{"floor":2.0,"key":"Dexterity Potion"},{"floor":11,"key":"Fire Potion"},{"floor":16,"key":"PowerPotion"},{"floor":18,"key":"SmokeBomb"},{"floor":23,"key":"Regen Potion"}],"is_trial":false,"path_per_floor":["M","M","M","M","?","R","M","M","T","E","M","?","E","M","R","B",null,"M","?","M","$","M","E","?","E","T","?","?","E","$","M"],"character_chosen":"IRONCLAD","items_purchased":["Sling","Wild Strike+1","Inflame+1"],"campfire_rested":0,"item_purchase_floors":[21,21,30],"current_hp_per_floor":[69,69,70,63,63,63,58,59,59,43,42,42,27,26,26,12,68,59,59,49,49,47,32,32,20,20,20,25,17,17,0],"gold":201,"neow_bonus":"ONE_RARE_RELIC","is_prod":false,"is_daily":false,"chose_seed":false,"campfire_upgraded":2,"win_rate":0,"timestamp":1555989561,"path_taken":["M","M","M","M","?","R","?","M","T","E","?","?","E","M","R","BOSS","M","?","?","$","M","E","?","E","T","?","?","E","$","M"],"build_version":"2019-01-23","purchased_purges":2,"victory":false,"max_hp_per_floor":[80,80,80,80,80,80,80,80,80,80,80,80,87,87,87,87,87,87,87,87,87,87,87,87,87,87,43,43,43,43,43],"card_choices":[{"not_picked":["Warcry","Fire Breathing"],"picked":"Headbutt","floor":1.0},{"not_picked":["Flex","Bloodletting"],"picked":"True Grit","floor":2.0},{"not_picked":["Pummel","Wild Strike"],"picked":"Offering","floor":3.0},{"not_picked":["Second Wind","Headbutt","True Grit"],"picked":"SKIP","floor":4.0},{"not_picked":["Shockwave","Clash"],"picked":"Clothesline","floor":7.0},{"not_picked":["Havoc","Cleave"],"picked":"Anger","floor":8.0},{"not_picked":["Armaments","Clash+1"],"picked":"Sword Boomerang+1","floor":10},{"not_picked":["Flex","Havoc","Warcry"],"picked":"SKIP","floor":11},{"not_picked":["Warcry","Bloodletting"],"picked":"Impervious","floor":13},{"not_picked":["Sword Boomerang+1","Rage"],"picked":"Armaments","floor":14},{"not_picked":["Brutality","Dark Embrace"],"picked":"Fiend Fire+1","floor":16},{"not_picked":["Combust","True Grit"],"picked":"Ghostly Armor+1","floor":18},{"not_picked":["Burning Pact","Reckless Charge+1"],"picked":"Sword Boomerang+1","floor":20},{"not_picked":["Combust","Armaments"],"picked":"Uppercut+1","floor":22},{"not_picked":["Searing Blow+1","Perfected Strike+1"],"picked":"Metallicize","floor":23},{"not_picked":["Havoc","Thunderclap+1"],"picked":"Spot Weakness","floor":25},{"not_picked":["Sentinel","Armaments"],"picked":"Pommel Strike+1","floor":28},{"not_picked":["Dropkick+1","Rampage+1","Entrench"],"picked":"SKIP","floor":29}],"player_experience":288109,"relics_obtained":[{"floor":9.0,"key":"Molten Egg 2"},{"floor":10,"key":"Self Forming Clay"},{"floor":13,"key":"Strawberry"},{"floor":23,"key":"Prayer Wheel"},{"floor":25,"key":"Boot"},{"floor":26,"key":"Letter Opener"},{"floor":28,"key":"Red Mask"},{"floor":29,"key":"Gremlin Horn"}],"event_choices":[{"damage_healed":0.0,"max_hp_gain":0.0,"max_hp_loss":0.0,"gold_gain":0.0,"event_name":"Upgrade Shrine","player_choice":"Upgraded","floor":5.0,"gold_loss":0.0,"damage_taken":0.0,"cards_upgraded":["Bash"]},{"damage_healed":0,"gold_gain":175,"player_choice":"AGREE","damage_taken":0,"max_hp_gain":0,"max_hp_loss":0,"event_name":"Liars Game","floor":12,"gold_loss":0,"cards_obtained":["Doubt"]},{"cards_removed":["Doubt"],"damage_healed":0,"gold_gain":0,"player_choice":"Offered Curse","damage_taken":0,"relics_obtained":["Spirit Poop"],"max_hp_gain":0,"max_hp_loss":0,"event_name":"Bonfire Elementals","floor":19,"gold_loss":0},{"damage_healed":0,"gold_gain":0,"player_choice":"Obtained Relic","damage_taken":0,"relics_obtained":["Frozen Egg 2"],"max_hp_gain":0,"max_hp_loss":0,"event_name":"Addict","floor":24,"gold_loss":85},{"damage_healed":0,"gold_gain":0,"player_choice":"Became a Ghost","damage_taken":0,"max_hp_gain":0,"max_hp_loss":44,"event_name":"Ghosts","floor":27,"gold_loss":0,"cards_obtained":["Ghostly","Ghostly","Ghostly","Ghostly","Ghostly"]},{"damage_healed":0,"gold_gain":0,"player_choice":"Fought Bandits","damage_taken":0,"max_hp_gain":0,"max_hp_loss":0,"event_name":"Masked Bandits","floor":28,"gold_loss":0}],"is_beta":false,"boss_relics":[{"not_picked":["Ectoplasm","Calling Bell"],"picked":"Mark of Pain"}],"items_purged_floors":[21,30],"is_endless":false,"potions_floor_spawned":[1,2,3,8,11,16,18,23],"killed_by":"Snake Plant","ascension_level":12}