{"gold_per_floor":[363,373,94,126,161,209,284,316,316,349,389,52,52],"floor_reached":13,"playtime":492,"items_purged":["Strike_R","Strike_R"],"score":189,"play_id":"92fc2f1b-1deb-4841-9f7e-919d1c6ed1ad","local_time":"20190428163341","is_ascension_mode":true,"campfire_choices":[],"neow_cost":"TEN_PERCENT_HP_LOSS","seed_source_timestamp":3091251340407294,"circlet_count":0,"master_deck":["AscendersBane","Strike_R","Strike_R","Strike_R","Defend_R","Defend_R","Defend_R","Defend_R","Bash","Pommel Strike","Fire Breathing","HandOfGreed","Rampage","Shrug It Off","Disarm"],"relics":["Burning Blood","Bag of Marbles","Smiling Mask","Lantern","Pantograph"],"potions_floor_usage":[8,8,10],"damage_taken":[{"damage":12,"enemies":"Cultist","floor":1,"turns":4},{"damage":4,"enemies":"Jaw Worm","floor":2,"turns":6},{"damage":10,"enemies":"Small Slimes","floor":4,"turns":4},{"damage":12,"enemies":"Looter","floor":5,"turns":3},{"damage":32,"enemies":"Gremlin Nob","floor":6,"turns":4},{"damage":31,"enemies":"Lagavulin","floor":8,"turns":7},{"damage":1,"enemies":"2 Fungi Beasts","floor":10,"turns":3},{"damage":8,"enemies":"Gremlin Gang","floor":11,"turns":5},{"damage":12,"enemies":"3 Sentries","floor":13,"turns":2}],"seed_played":"-8198738937856470671","potions_obtained":[{"floor":2,"key":"Regen Potion"},{"floor":5,"key":"Weak Potion"},{"floor":8,"key":"Fire Potion"}],"is_trial":false,"path_per_floor":["M","M","$","M","M","E","?","E","T","M","M","$","E"],"character_chosen":"IRONCLAD","items_purchased":["HandOfGreed","Pantograph"],"campfire_rested":0,"item_purchase_floors":[3,12],"current_hp_per_floor":[62,64,64,60,54,28,17,7,7,12,10,10,0],"gold":52,"neow_bonus":"TWO_FIFTY_GOLD","is_prod":false,"is_daily":false,"chose_seed":false,"campfire_upgraded":0,"win_rate":0,"timestamp":1556465621,"path_taken":["M","M","$","M","?","E","?","E","T","M","M","$","E"],"build_version":"2019-01-23","purchased_purges":2,"victory":false,"max_hp_per_floor":[68,68,68,68,68,68,68,68,68,68,68,68,68],"card_choices":[{"not_picked":["Sword Boomerang","Iron Wave"],"picked":"Pommel Strike","floor":1},{"not_picked":["Anger","Blood for Blood"],"picked":"Fire Breathing","floor":2},{"not_picked":["Sword Boomerang","Flex"],"picked":"Rampage","floor":4},{"not_picked":["Perfected Strike","Anger","Flex"],"picked":"SKIP","floor":5},{"not_picked":["Body Slam","Fiend Fire"],"picked":"Shrug It Off","floor":6},{"not_picked":["Flex","Ghostly Armor"],"picked":"Disarm","floor":8},{"not_picked":["Flex","Perfected Strike","Cleave"],"picked":"SKIP","floor":10},{"not_picked":["Pummel","Feel No Pain","Headbutt"],"picked":"SKIP","floor":11}],"player_experience":235962,"relics_obtained":[{"floor":6,"key":"Bag of Marbles"},{"floor":8,"key":"Smiling Mask"},{"floor":9,"key":"Lantern"}],"event_choices":[{"damage_healed":0,"gold_gain":75,"player_choice":"Gather Gold","damage_taken":11,"max_hp_gain":0,"max_hp_loss":0,"event_name":"World of Goop","floor":7,"gold_loss":0}],"is_beta":false,"boss_relics":[],"items_purged_floors":[3,12],"is_endless":false,"potions_floor_spawned":[2,5,8],"killed_by":"3 Sentries","ascension_level":19}