{"gold_per_floor":[117,117,132,46,59,88,238,238,265,265,67,67,84,103,103,179,179,199,199,17,17,36,71,90,90,169,169,28,28,28,40,40,117,117,135,20,20,20,120,155,170,0,0,12,43,55],"floor_reached":46,"playtime":1218,"items_purged":["Doubt","Strike_R"],"score":837,"play_id":"602e84b5-9587-457f-8fce-d6961a20bedb","local_time":"20190416154759","is_ascension_mode":true,"campfire_choices":[{"data":"Shockwave","floor":8,"key":"SMITH"},{"data":"Whirlwind","floor":10,"key":"SMITH"},{"data":"Metallicize","floor":12,"key":"SMITH"},{"data":"Sword Boomerang","floor":15,"key":"SMITH"},{"floor":25,"key":"REST"},{"data":"Heavy Blade","floor":27,"key":"SMITH"},{"floor":32,"key":"REST"},{"floor":44,"key":"REST"}],"neow_cost":"TEN_PERCENT_HP_LOSS","seed_source_timestamp":160266216456497,"circlet_count":0,"master_deck":["AscendersBane","Strike_R","Strike_R","Strike_R","Strike_R","Defend_R","Defend_R","Defend_R","Defend_R","Bash","Inflame+1","Shockwave+1","Whirlwind+1","True Grit","Sword Boomerang","Sword Boomerang+1","Metallicize+1","Cleave","Immolate","Sword Boomerang","Inflame","Metallicize","Shrug It Off","Heavy Blade+1","Feed","Regret","Infernal Blade+1","Impervious+1","Pummel","Inflame","Inflame","Whirlwind"],"relics":["Burning Blood","Ice Cream","Happy Flower","Bag of Marbles","Velvet Choker","Toxic Egg 2","Matryoshka","Enchiridion","Busted Crown","Ginger","Red Skull","Red Mask","Strawberry","MawBank"],"potions_floor_usage":[6,16,24,31,35,46],"damage_taken":[{"damage":8,"enemies":"2 Louse","floor":1,"turns":3},{"damage":10,"enemies":"Cultist","floor":3,"turns":4},{"damage":10,"enemies":"Small Slimes","floor":5,"turns":5},{"damage":12,"enemies":"Gremlin Nob","floor":6,"turns":3},{"damage":9,"enemies":"Blue Slaver","floor":13,"turns":2},{"damage":11,"enemies":"Lots of Slimes","floor":14,"turns":3},{"damage":14,"enemies":"Slime Boss","floor":16,"turns":5},{"damage":0,"enemies":"3 Byrds","floor":18,"turns":3},{"damage":11,"enemies":"Shell Parasite","floor":22,"turns":3},{"damage":32,"enemies":"Book of Stabbing","floor":23,"turns":5},{"damage":11,"enemies":"Centurion and Healer","floor":24,"turns":4},{"damage":11,"enemies":"Snecko","floor":31,"turns":3},{"damage":18,"enemies":"Automaton","floor":33,"turns":6},{"damage":4,"enemies":"3 Shapes","floor":35,"turns":2},{"damage":0,"enemies":"Mind Bloom Boss Battle","floor":39,"turns":5},{"damage":35,"enemies":"Giant Head","floor":40,"turns":7},{"damage":27,"enemies":"3 Darklings","floor":41,"turns":4},{"damage":11,"enemies":"Jaw Worm Horde","floor":45,"turns":2},{"damage":57,"enemies":"Nemesis","floor":46,"turns":3}],"seed_played":"6927168895143328221","potions_obtained":[{"floor":1,"key":"SteroidPotion"},{"floor":3,"key":"SkillPotion"},{"floor":21,"key":"Regen Potion"},{"floor":22,"key":"AttackPotion"},{"floor":33,"key":"BloodPotion"},{"floor":39,"key":"LiquidBronze"},{"floor":45,"key":"EssenceOfSteel"}],"is_trial":false,"path_per_floor":["M","?","M","$","M","E","?","R","T","R","$","R","M","M","R","B",null,"M","?","$","?","M","E","M","R","T","R","$","?","?","M","R","B",null,"M","$","$","?","?","E","M","?","T","R","M","E"],"character_chosen":"IRONCLAD","items_purchased":["Whirlwind","True Grit","Metallicize","SteroidPotion","Metallicize","Feed","Pummel","Inflame"],"campfire_rested":3,"item_purchase_floors":[4,4,11,11,20,28,36,36],"current_hp_per_floor":[66,66,62,62,58,52,52,52,52,52,52,52,49,44,44,36,60,66,66,66,66,61,35,30,50,50,50,50,29,29,24,44,32,59,67,67,67,67,68,39,18,18,25,47,45,0],"gold":55,"neow_bonus":"ONE_RARE_RELIC","is_prod":false,"is_daily":false,"chose_seed":false,"campfire_upgraded":5,"win_rate":0,"timestamp":1555454879,"path_taken":["M","?","M","$","?","E","?","R","T","R","$","R","M","M","R","BOSS","M","?","$","?","?","E","M","R","T","R","$","?","?","M","R","BOSS","M","?","$","?","?","E","M","?","T","R","M","E"],"build_version":"2019-01-23","purchased_purges":2,"victory":false,"max_hp_per_floor":[68,68,68,68,68,68,68,68,68,68,68,68,68,68,68,68,68,68,68,68,68,68,68,68,68,68,68,68,68,68,68,68,68,68,68,68,68,68,68,68,68,68,75,75,78,78],"card_choices":[{"not_picked":["Combust","Entrench"],"picked":"Inflame","floor":1},{"not_picked":["True Grit","Twin Strike"],"picked":"Shockwave","floor":3},{"not_picked":["Anger","Heavy Blade"],"picked":"Sword Boomerang","floor":5},{"not_picked":["Flex","Evolve"],"picked":"Sword Boomerang","floor":6},{"not_picked":["Uppercut","Sword Boomerang","Infernal Blade"],"picked":"SKIP","floor":13},{"not_picked":["Clothesline","Perfected Strike"],"picked":"Cleave","floor":14},{"not_picked":["Barricade","Brutality"],"picked":"Immolate","floor":16},{"not_picked":["Body Slam+1","Havoc"],"picked":"Sword Boomerang","floor":18},{"not_picked":["Shockwave","Fire Breathing"],"picked":"Shrug It Off","floor":22},{"not_picked":["Blood for Blood","Rupture","Searing Blow"],"picked":"SKIP","floor":23},{"not_picked":["Headbutt","Rage+1"],"picked":"Heavy Blade","floor":24},{"not_picked":["Power Through+1","Thunderclap"],"picked":"Infernal Blade+1","floor":31},{"not_picked":["Bludgeon","Dark Embrace"],"picked":"Impervious+1","floor":33},{"not_picked":["Corruption"],"picked":"SKIP","floor":35},{"not_picked":[],"picked":"Inflame","floor":39},{"not_picked":[],"picked":"Whirlwind","floor":40},{"not_picked":["True Grit+1"],"picked":"SKIP","floor":41},{"not_picked":["Thunderclap"],"picked":"SKIP","floor":45}],"player_experience":446515,"relics_obtained":[{"floor":6,"key":"Happy Flower"},{"floor":9,"key":"Bag of Marbles"},{"floor":23,"key":"Toxic Egg 2"},{"floor":26,"key":"Matryoshka"},{"floor":29,"key":"Enchiridion"},{"floor":39,"key":"Ginger"},{"floor":40,"key":"Red Skull"},{"floor":43,"key":"Strawberry"},{"floor":43,"key":"MawBank"}],"event_choices":[{"damage_healed":0,"gold_gain":0,"player_choice":"Upgraded","damage_taken":0,"max_hp_gain":0,"max_hp_loss":0,"event_name":"Upgrade Shrine","floor":2,"gold_loss":0,"cards_upgraded":["Inflame"]},{"damage_healed":0,"gold_gain":150,"player_choice":"AGREE","damage_taken":0,"max_hp_gain":0,"max_hp_loss":0,"event_name":"Liars Game","floor":7,"gold_loss":0,"cards_obtained":["Doubt"]},{"damage_healed":0,"gold_gain":0,"player_choice":"Read","damage_taken":0,"max_hp_gain":0,"max_hp_loss":0,"event_name":"The Library","floor":19,"gold_loss":0,"cards_obtained":["Inflame"]},{"damage_healed":0,"gold_gain":0,"player_choice":"Got Potions","damage_taken":0,"max_hp_gain":0,"max_hp_loss":0,"event_name":"Lab","floor":21,"gold_loss":0},{"damage_healed":0,"gold_gain":0,"player_choice":"Obtained Book","damage_taken":21,"max_hp_gain":0,"max_hp_loss":0,"event_name":"Cursed Tome","floor":29,"gold_loss":0},{"damage_healed":0,"gold_gain":0,"player_choice":"1 cards matched","damage_taken":0,"max_hp_gain":0,"max_hp_loss":0,"event_name":"Match and Keep!","floor":30,"gold_loss":0,"cards_obtained":["Regret"]},{"damage_healed":0,"gold_gain":0,"player_choice":"Ignored","damage_taken":0,"max_hp_gain":0,"max_hp_loss":0,"event_name":"Mysterious Sphere","floor":38,"gold_loss":0},{"damage_healed":0,"gold_gain":0,"player_choice":"Fight","damage_taken":0,"max_hp_gain":0,"max_hp_loss":0,"event_name":"MindBloom","floor":39,"gold_loss":0},{"damage_healed":0,"gold_gain":0,"player_choice":"Paid","damage_taken":0,"relics_obtained":["Red Mask"],"max_hp_gain":0,"max_hp_loss":0,"event_name":"Tomb of Lord Red Mask","floor":42,"gold_loss":170}],"is_beta":false,"boss_relics":[{"not_picked":["Astrolabe","Snecko Eye"],"picked":"Velvet Choker"},{"not_picked":["Eternal Feather","Runic Pyramid"],"picked":"Busted Crown"}],"items_purged_floors":[11,20],"is_endless":false,"potions_floor_spawned":[1,3,14,22,33,39,45],"killed_by":"Nemesis","ascension_level":15}