{"gold_per_floor":[117,48,120,120,140,140,168,182,182,211,211,229,247,258,258,355,355,367,147,159,84,84,111,131,131,131,150,150],"floor_reached":28,"playtime":1412,"items_purged":["Strike_R"],"score":263,"play_id":"eeb524d2-f4e6-470a-9b8d-8a008375e584","local_time":"20190403214209","is_ascension_mode":true,"campfire_choices":[{"data":"Spot Weakness","floor":6,"key":"SMITH"},{"data":"Demon Form","floor":11,"key":"SMITH"},{"data":"Spot Weakness","floor":15,"key":"SMITH"}],"neow_cost":"PERCENT_DAMAGE","seed_source_timestamp":1994941487062498,"circlet_count":0,"master_deck":["Strike_R","Defend_R","Defend_R","Defend_R","Defend_R","Bash","Immolate+1","Thunderclap","Spot Weakness+1","Intimidate","Clothesline","Demon Form+1","Spot Weakness+1","Ghostly Armor","Reaper","Cleave","Cleave","Seeing Red","Fiend Fire"],"relics":["Burning Blood","Gambling Chip","Pantograph","Sundial","Empty Cage","Bag of Preparation","PreservedInsect","Gremlin Horn"],"potions_floor_usage":[10,20,28],"damage_taken":[{"damage":0,"enemies":"Small Slimes","floor":1,"turns":2},{"damage":0,"enemies":"2 Louse","floor":5,"turns":2},{"damage":9,"enemies":"3 Sentries","floor":7,"turns":3},{"damage":0,"enemies":"Cultist","floor":8,"turns":2},{"damage":21,"enemies":"Gremlin Nob","floor":10,"turns":4},{"damage":11,"enemies":"Blue Slaver","floor":12,"turns":3},{"damage":0,"enemies":"3 Louse","floor":13,"turns":1},{"damage":5,"enemies":"Exordium Thugs","floor":14,"turns":2},{"damage":30,"enemies":"Slime Boss","floor":16,"turns":5},{"damage":0,"enemies":"Chosen","floor":18,"turns":4},{"damage":17,"enemies":"Spheric Guardian","floor":20,"turns":5},{"damage":56,"enemies":"Book of Stabbing","floor":23,"turns":6},{"damage":50,"enemies":"Snake Plant","floor":24,"turns":7},{"damage":22,"enemies":"Shelled Parasite and Fungi","floor":27,"turns":5},{"damage":31,"enemies":"Centurion and Healer","floor":28,"turns":6}],"seed_played":"5088329554684825241","potions_obtained":[{"floor":7,"key":"Explosive Potion"},{"floor":10,"key":"Dexterity Potion"},{"floor":13,"key":"SkillPotion"},{"floor":16,"key":"LiquidBronze"},{"floor":23,"key":"SteroidPotion"}],"is_trial":false,"path_per_floor":["M","$","?","?","M","R","E","M","T","E","R","M","M","M","R","B",null,"M","$","M","?","$","E","M","?","T","M","M"],"character_chosen":"IRONCLAD","items_purchased":["Spot Weakness","Bag of Preparation"],"campfire_rested":0,"item_purchase_floors":[2,19],"current_hp_per_floor":[62,62,62,62,68,68,65,71,71,56,56,51,57,58,58,56,80,80,80,69,69,69,62,40,40,40,28,0],"gold":150,"neow_bonus":"THREE_RARE_CARDS","is_prod":false,"is_daily":false,"chose_seed":false,"campfire_upgraded":3,"win_rate":0,"timestamp":1554324129,"path_taken":["M","$","?","?","M","R","E","M","T","E","R","M","?","M","R","BOSS","M","$","M","?","$","E","M","?","T","?","M"],"build_version":"2019-01-23","purchased_purges":1,"victory":false,"max_hp_per_floor":[80,80,80,80,80,80,80,80,80,80,80,80,80,80,80,80,80,80,80,80,80,80,80,80,80,80,80,80],"card_choices":[{"not_picked":["Brutality","Berserk"],"picked":"Immolate","floor":0},{"not_picked":["Combust","Clash"],"picked":"Thunderclap","floor":1},{"not_picked":["Heavy Blade","Bloodletting"],"picked":"Intimidate","floor":5},{"not_picked":["Rampage","Shrug It Off"],"picked":"Clothesline","floor":7},{"not_picked":["Rampage","Shrug It Off"],"picked":"Demon Form","floor":8},{"not_picked":["Searing Blow","Juggernaut","Entrench"],"picked":"SKIP","floor":10},{"not_picked":["Searing Blow","Body Slam"],"picked":"Spot Weakness","floor":12},{"not_picked":["Warcry","Clash","Pommel Strike"],"picked":"SKIP","floor":13},{"not_picked":["Body Slam","Dual Wield"],"picked":"Ghostly Armor","floor":14},{"not_picked":["Bludgeon","Berserk"],"picked":"Reaper","floor":16},{"not_picked":["Shrug It Off","True Grit+1"],"picked":"Cleave","floor":18},{"not_picked":["Dark Embrace","Wild Strike","Thunderclap+1"],"picked":"SKIP","floor":20},{"not_picked":["Rupture+1","Uppercut"],"picked":"Cleave","floor":23},{"not_picked":["Corruption","Perfected Strike+1"],"picked":"Seeing Red","floor":24},{"not_picked":["Thunderclap+1","Body Slam","Ghostly Armor"],"picked":"SKIP","floor":27}],"player_experience":1702322,"relics_obtained":[{"floor":7,"key":"Gambling Chip"},{"floor":9,"key":"Pantograph"},{"floor":10,"key":"Sundial"},{"floor":23,"key":"PreservedInsect"},{"floor":26,"key":"Gremlin Horn"}],"event_choices":[{"damage_healed":0,"gold_gain":72,"player_choice":"Gained Gold","damage_taken":0,"max_hp_gain":0,"max_hp_loss":0,"event_name":"Golden Wing","floor":3,"gold_loss":0},{"damage_healed":0,"gold_gain":0,"player_choice":"Upgraded","damage_taken":0,"max_hp_gain":0,"max_hp_loss":0,"event_name":"Upgrade Shrine","floor":4,"gold_loss":0,"cards_upgraded":["Immolate"]},{"cards_removed":["Strike_R"],"damage_healed":0,"gold_gain":0,"player_choice":"Gave Gold","damage_taken":0,"max_hp_gain":0,"max_hp_loss":0,"event_name":"Beggar","floor":21,"gold_loss":75},{"damage_healed":0,"gold_gain":0,"player_choice":"1 cards matched","damage_taken":0,"max_hp_gain":0,"max_hp_loss":0,"event_name":"Match and Keep!","floor":25,"gold_loss":0,"cards_obtained":["Fiend Fire"]}],"is_beta":false,"boss_relics":[{"not_picked":["Pandora\u0027s Box","Velvet Choker"],"picked":"Empty Cage"}],"items_purged_floors":[19],"is_endless":false,"potions_floor_spawned":[7,10,13,16,23],"killed_by":"Centurion and Healer","ascension_level":1}