{"gold_per_floor":[113,113,124,124,138,171,171,72,72,72,87,98,112,123,123,218,218,232,248,24,38,48,48,76,102,138,150,173,185],"floor_reached":29,"playtime":1268,"items_purged":["Strike_R"],"score":251,"play_id":"249d36e0-c9e8-46a2-913f-31fab2ef07d5","local_time":"20180913150509","is_ascension_mode":false,"campfire_choices":[{"data":"Limit Break","floor":7,"key":"SMITH"},{"data":"Armaments","floor":15,"key":"SMITH"},{"floor":23,"key":"REST"}],"neow_cost":"NONE","seed_source_timestamp":930438903591353,"circlet_count":0,"master_deck":["Strike_R","Strike_R","Strike_R","Defend_R","Defend_R","Defend_R","Defend_R","Bash","Limit Break+1","Armaments+1","Headbutt","Spot Weakness","True Grit","Flame Barrier","Iron Wave","Limit Break","Whirlwind","Flame Barrier"],"relics":["Burning Blood","Sundial","Magic Flower","Art of War","Sozu","Orichalcum","MawBank","Centennial Puzzle"],"potions_floor_usage":[6,11,16,29],"damage_taken":[{"damage":8,"enemies":"Jaw Worm","floor":1,"turns":4},{"damage":0,"enemies":"2 Louse","floor":3,"turns":4},{"damage":0,"enemies":"Small Slimes","floor":5,"turns":4},{"damage":29,"enemies":"3 Sentries","floor":6,"turns":12},{"damage":16,"enemies":"Exordium Wildlife","floor":11,"turns":7},{"damage":5,"enemies":"Looter","floor":12,"turns":3},{"damage":2,"enemies":"2 Fungi Beasts","floor":13,"turns":4},{"damage":0,"enemies":"3 Louse","floor":14,"turns":2},{"damage":31,"enemies":"Hexaghost","floor":16,"turns":8},{"damage":5,"enemies":"3 Byrds","floor":18,"turns":4},{"damage":5,"enemies":"Shell Parasite","floor":19,"turns":5},{"damage":40,"enemies":"Cultist and Chosen","floor":21,"turns":7},{"damage":38,"enemies":"Snecko","floor":22,"turns":8},{"damage":27,"enemies":"Book of Stabbing","floor":24,"turns":5},{"damage":24,"enemies":"Snake Plant","floor":25,"turns":6},{"damage":9,"enemies":"Centurion and Healer","floor":28,"turns":11},{"damage":16,"enemies":"Colosseum Slavers","floor":29,"turns":3},{"damage":35,"enemies":"Colosseum Nobs","floor":29,"turns":3}],"seed_played":"-730467651883615158","potions_obtained":[{"floor":1,"key":"LiquidBronze"},{"floor":6,"key":"Regen Potion"},{"floor":13,"key":"SpeedPotion"},{"floor":14,"key":"SteroidPotion"}],"is_trial":false,"path_per_floor":["M","?","M","?","M","E","R","$","T","?","M","M","M","M","R","B",null,"M","M","$","M","M","R","E","M","T","?","M"],"character_chosen":"IRONCLAD","items_purchased":["Spot Weakness","True Grit","Orichalcum"],"campfire_rested":1,"item_purchase_floors":[8,8,20],"current_hp_per_floor":[78,71,77,74,80,57,57,57,57,57,72,76,80,80,80,58,80,80,80,80,49,20,44,26,11,11,37,37,0],"gold":185,"neow_bonus":"ONE_RANDOM_RARE_CARD","is_prod":false,"is_daily":false,"chose_seed":false,"campfire_upgraded":2,"win_rate":0,"timestamp":1536876309,"path_taken":["M","?","M","?","M","E","R","$","T","?","M","M","M","M","R","BOSS","M","M","$","M","?","R","E","M","T","?","?","?"],"build_version":"2018-09-06","purchased_purges":1,"victory":false,"max_hp_per_floor":[80,80,80,80,80,80,80,80,80,80,80,80,80,80,80,80,80,80,80,80,80,80,80,80,80,80,80,80,80],"card_choices":[{"not_picked":["Evolve","Burning Pact"],"picked":"Armaments","floor":1},{"not_picked":["Entrench","Second Wind","Havoc"],"picked":"SKIP","floor":3},{"not_picked":["Thunderclap","Sword Boomerang"],"picked":"Headbutt","floor":5},{"not_picked":["Evolve","Rupture","Havoc"],"picked":"SKIP","floor":6},{"not_picked":["True Grit","Heavy Blade","Rupture"],"picked":"SKIP","floor":11},{"not_picked":["Armaments","Pommel Strike","Wild Strike"],"picked":"SKIP","floor":12},{"not_picked":["Warcry","Infernal Blade"],"picked":"Flame Barrier","floor":13},{"not_picked":["Bludgeon","Armaments"],"picked":"Iron Wave","floor":14},{"not_picked":["Berserk","Offering"],"picked":"Limit Break","floor":16},{"not_picked":["Sword Boomerang","Bloodletting","Feel No Pain"],"picked":"SKIP","floor":18},{"not_picked":["Clothesline","Flex"],"picked":"Whirlwind","floor":19},{"not_picked":["Thunderclap","Heavy Blade","Twin Strike"],"picked":"SKIP","floor":21},{"not_picked":["Anger","Thunderclap","Flex"],"picked":"SKIP","floor":22},{"not_picked":["Entrench","Havoc"],"picked":"Flame Barrier","floor":24},{"not_picked":["Havoc+1","Carnage","Burning Pact"],"picked":"SKIP","floor":25},{"not_picked":["Intimidate","Body Slam","Pommel Strike"],"picked":"SKIP","floor":28}],"player_experience":216522,"relics_obtained":[{"floor":6,"key":"Magic Flower"},{"floor":9,"key":"Art of War"},{"floor":24,"key":"MawBank"},{"floor":26,"key":"Centennial Puzzle"}],"event_choices":[{"event_name":"Golden Wing","player_choice":"Card Removal","floor":2,"damage_taken":0},{"event_name":"Scrap Ooze","player_choice":"success","floor":4,"damage_taken":3},{"event_name":"Liars Game","player_choice":"disagreed","floor":10,"damage_taken":0},{"event_name":"The Library","player_choice":"Heal","floor":27,"damage_taken":0},{"event_name":"Colosseum","player_choice":"Fight","floor":29,"damage_taken":0},{"event_name":"Colosseum","player_choice":"Fought Nobs","floor":29,"damage_taken":0}],"is_beta":false,"boss_relics":[{"not_picked":["Eternal Feather","Busted Crown"],"picked":"Sozu"}],"items_purged_floors":[20],"is_endless":false,"potions_floor_spawned":[1,6,13,14,18,21,28],"killed_by":"Colosseum Nobs","ascension_level":0}