{"gold_per_floor":[109,120,195,215,235,263,263,363,440,440,466,466,481,194,194,289,289,299,15,32,43,55,55,55,55,79,79,99,9,9,26,26,26],"floor_reached":33,"playtime":1134,"items_purged":["Strike_R"],"score":257,"play_id":"f00b3d0f-0a65-4d9f-ab52-d1761f5ef4d8","local_time":"20180917141032","is_ascension_mode":false,"campfire_choices":[{"data":"Juggernaut","floor":7,"key":"SMITH"},{"floor":10,"key":"REST"},{"data":"Entrench","floor":12,"key":"SMITH"},{"data":"Bash","floor":15,"key":"SMITH"},{"data":"Feel No Pain","floor":23,"key":"SMITH"},{"data":"Dark Embrace","floor":25,"key":"SMITH"},{"data":"Metallicize","floor":27,"key":"SMITH"},{"data":"True Grit","floor":32,"key":"SMITH"}],"neow_cost":"NONE","seed_source_timestamp":315399171490043,"circlet_count":0,"master_deck":["Strike_R+1","Strike_R","Strike_R","Defend_R","Defend_R","Defend_R","Defend_R","Bash+1","Juggernaut+1","Clash","Entrench+1","Feel No Pain+1","Dark Embrace+1","Sentinel","Juggernaut+1","Metallicize+1","Shrug It Off","Sentinel+1","True Grit+1"],"relics":["Burning Blood","Letter Opener","Tiny Chest","Bronze Scales","Orichalcum","Black Star","DollysMirror","Pen Nib"],"potions_floor_usage":[11,16,28,33,33],"damage_taken":[{"damage":1,"enemies":"2 Louse","floor":1,"turns":3},{"damage":6,"enemies":"Jaw Worm","floor":2,"turns":4},{"damage":1,"enemies":"Cultist","floor":4,"turns":3},{"damage":10,"enemies":"Looter","floor":5,"turns":3},{"damage":34,"enemies":"3 Sentries","floor":6,"turns":8},{"damage":20,"enemies":"Lagavulin","floor":11,"turns":6},{"damage":11,"enemies":"Lots of Slimes","floor":13,"turns":4},{"damage":35,"enemies":"Hexaghost","floor":16,"turns":10},{"damage":17,"enemies":"3 Byrds","floor":18,"turns":3},{"damage":5,"enemies":"Chosen","floor":20,"turns":4},{"damage":23,"enemies":"Snake Plant","floor":21,"turns":5},{"damage":5,"enemies":"Cultist and Chosen","floor":22,"turns":4},{"damage":21,"enemies":"Centurion and Healer","floor":28,"turns":5},{"damage":1,"enemies":"Sentry and Sphere","floor":31,"turns":4},{"damage":63,"enemies":"Collector","floor":33,"turns":6}],"seed_played":"6639493276438977015","potions_obtained":[{"floor":5,"key":"SneckoOil"},{"floor":6,"key":"PowerPotion"},{"floor":13,"key":"Strength Potion"},{"floor":16,"key":"GamblersBrew"},{"floor":21,"key":"FearPotion"},{"floor":22,"key":"AttackPotion"}],"is_trial":false,"path_per_floor":["M","M","?","M","M","E","R","?","T","R","E","R","M","$","R","B",null,"M","$","M","M","M","R","?","R","T","R","M","?","$","M","R"],"character_chosen":"IRONCLAD","items_purchased":["Orichalcum","Feel No Pain","DollysMirror","Metallicize"],"campfire_rested":1,"item_purchase_floors":[14,14,19,19],"current_hp_per_floor":[80,80,69,74,70,42,42,42,42,66,52,52,47,47,47,18,80,69,69,70,53,54,54,54,54,54,54,39,39,39,44,44,0],"gold":26,"neow_bonus":"ONE_RANDOM_RARE_CARD","is_prod":false,"is_daily":false,"chose_seed":false,"campfire_upgraded":7,"win_rate":0,"timestamp":1537218632,"path_taken":["M","M","?","M","M","E","R","?","T","R","E","R","M","$","R","BOSS","M","$","M","M","M","R","?","R","T","R","?","?","?","?","R","BOSS"],"build_version":"2018-09-06","purchased_purges":1,"victory":false,"max_hp_per_floor":[80,80,80,80,80,80,80,80,80,80,80,80,80,80,80,80,80,80,80,80,80,80,80,80,80,80,80,80,80,80,80,80,80],"card_choices":[{"not_picked":["Clothesline","Warcry","Cleave"],"picked":"SKIP","floor":1},{"not_picked":["Wild Strike","Havoc"],"picked":"Clash","floor":2},{"not_picked":["Havoc","Dropkick","Heavy Blade"],"picked":"SKIP","floor":4},{"not_picked":["Brutality","Anger","Thunderclap"],"picked":"SKIP","floor":5},{"not_picked":["Flex","Brutality","Dual Wield"],"picked":"SKIP","floor":6},{"not_picked":["Second Wind","Sever Soul"],"picked":"Entrench","floor":11},{"not_picked":["Flex","Sever Soul","True Grit"],"picked":"SKIP","floor":13},{"not_picked":["Bludgeon","Limit Break"],"picked":"Dark Embrace","floor":16},{"not_picked":["Flex","Body Slam"],"picked":"Sentinel","floor":18},{"not_picked":["Perfected Strike+1","Pummel+1"],"picked":"Shrug It Off","floor":20},{"not_picked":["Uppercut+1","Clash"],"picked":"Sentinel+1","floor":21},{"not_picked":["Dual Wield","Warcry","Dropkick+1"],"picked":"SKIP","floor":22},{"not_picked":["Perfected Strike+1","Sword Boomerang"],"picked":"True Grit","floor":28},{"not_picked":["Carnage+1","Cleave+1","True Grit"],"picked":"SKIP","floor":31}],"player_experience":238835,"relics_obtained":[{"floor":6,"key":"Letter Opener"},{"floor":9,"key":"Tiny Chest"},{"floor":11,"key":"Bronze Scales"},{"floor":26,"key":"Pen Nib"}],"event_choices":[{"event_name":"World of Goop","player_choice":"Gather Gold","floor":3,"damage_taken":0},{"event_name":"Golden Shrine","player_choice":"Pray","floor":8,"damage_taken":0},{"event_name":"The Woman in Blue","player_choice":"Bought 0 Potions","floor":24,"damage_taken":0},{"event_name":"Designer","player_choice":"Full Service","floor":29,"damage_taken":0}],"is_beta":false,"boss_relics":[{"not_picked":["Lizard Tail","Mark of Pain"],"picked":"Black Star"}],"items_purged_floors":[14],"is_endless":false,"potions_floor_spawned":[5,6,13,16,21,22],"killed_by":"Collector","ascension_level":0}