{"gold_per_floor":[218,17,17,17,37,68,42,42,96,96,96,112,112,131,131,252,252,266,279,279,279,299,299,299],"floor_reached":24,"playtime":1635,"items_purged":["Zap"],"score":262,"play_id":"a102d110-7310-4680-b684-934e850de4f2","local_time":"20181202205719","is_ascension_mode":true,"campfire_choices":[{"floor":8,"key":"REST"},{"floor":11,"key":"REST"},{"data":"Consume","floor":13,"key":"SMITH"},{"data":"Coolheaded","floor":15,"key":"SMITH"},{"floor":23,"key":"REST"}],"neow_cost":"NONE","seed_source_timestamp":136474369720504,"circlet_count":0,"master_deck":["Strike_B","Strike_B","Strike_B","Strike_B","Defend_B","Defend_B","Defend_B","Defend_B","Dualcast","Cold Snap","Cold Snap","Self Repair","Consume+1","Coolheaded+1","Cold Snap"],"relics":["Cracked Core","Golden Idol","Bronze Scales","Tiny Chest","Pocketwatch","Bag of Marbles"],"potions_floor_usage":[14,16],"damage_taken":[{"damage":1,"enemies":"Cultist","floor":1,"turns":4},{"damage":4,"enemies":"Small Slimes","floor":5,"turns":4},{"damage":27,"enemies":"3 Sentries","floor":6,"turns":14},{"damage":3,"enemies":"Jaw Worm","floor":12,"turns":3},{"damage":0,"enemies":"2 Fungi Beasts","floor":14,"turns":3},{"damage":47,"enemies":"Slime Boss","floor":16,"turns":10},{"damage":8,"enemies":"Shell Parasite","floor":18,"turns":11},{"damage":11,"enemies":"3 Byrds","floor":19,"turns":4},{"damage":38,"enemies":"Colosseum Slavers","floor":21,"turns":7},{"damage":26,"enemies":"Snecko","floor":22,"turns":10},{"damage":33,"enemies":"Book of Stabbing","floor":24,"turns":5}],"seed_played":"6449546303056077447","potions_obtained":[{"floor":6,"key":"Fire Potion"},{"floor":14,"key":"Fire Potion"}],"is_trial":false,"path_per_floor":["M","$","?","?","M","E","$","R","T","?","R","M","R","M","R","B",null,"M","M","T","?","M","R","E"],"character_chosen":"DEFECT","items_purchased":["Cold Snap","Self Repair","Coolheaded"],"campfire_rested":3,"item_purchase_floors":[2,2,7],"current_hp_per_floor":[67,67,67,49,52,32,32,54,54,42,64,68,68,68,68,28,63,62,58,58,27,8,30,0],"gold":299,"neow_bonus":"HUNDRED_GOLD","is_prod":false,"is_daily":false,"chose_seed":false,"campfire_upgraded":2,"win_rate":0,"timestamp":1543780639,"path_taken":["M","$","?","?","M","E","?","R","T","?","R","?","R","M","R","BOSS","M","M","?","?","M","R","E"],"build_version":"2018-11-15","purchased_purges":1,"victory":false,"max_hp_per_floor":[75,75,75,75,75,75,75,75,75,75,75,75,75,75,75,75,75,75,75,75,75,75,75,75],"card_choices":[{"not_picked":["Turbo","Rebound"],"picked":"Cold Snap","floor":1},{"not_picked":["Stack","Gash"],"picked":"Consume","floor":5},{"not_picked":["Double Energy","All For One","Heatsinks"],"picked":"SKIP","floor":6},{"not_picked":["Go for the Eyes","Static Discharge","Hologram"],"picked":"SKIP","floor":12},{"not_picked":["Scrape","Sweeping Beam"],"picked":"Cold Snap","floor":14},{"not_picked":["Leap","Genetic Algorithm+1","Chaos+1"],"picked":"SKIP","floor":18},{"not_picked":["Sunder","Cold Snap+1","Gash"],"picked":"SKIP","floor":19},{"not_picked":["Undo+1","Cold Snap+1","Hello World"],"picked":"SKIP","floor":22}],"player_experience":325070,"relics_obtained":[{"floor":6,"key":"Bronze Scales"},{"floor":9,"key":"Tiny Chest"},{"floor":20,"key":"Bag of Marbles"}],"event_choices":[{"damage_healed":0,"gold_gain":0,"player_choice":"Ignored","damage_taken":0,"max_hp_gain":0,"max_hp_loss":0,"event_name":"Liars Game","floor":3,"gold_loss":0},{"damage_healed":0,"gold_gain":0,"player_choice":"Take Damage","damage_taken":18,"relics_obtained":["Golden Idol"],"max_hp_gain":0,"max_hp_loss":0,"event_name":"Golden Idol","floor":4,"gold_loss":0},{"damage_healed":0,"gold_gain":0,"player_choice":"Success","damage_taken":12,"relics_obtained":["Pocketwatch"],"max_hp_gain":0,"max_hp_loss":0,"event_name":"Scrap Ooze","floor":10,"gold_loss":0},{"damage_healed":0,"gold_gain":0,"player_choice":"Fight","damage_taken":0,"max_hp_gain":0,"max_hp_loss":0,"event_name":"Colosseum","floor":21,"gold_loss":0},{"damage_healed":0,"gold_gain":0,"player_choice":"Fled From Nobs","damage_taken":0,"max_hp_gain":0,"max_hp_loss":0,"event_name":"Colosseum","floor":21,"gold_loss":0}],"is_beta":false,"boss_relics":[{"not_picked":["Busted Crown","Cursed Key","Calling Bell"]}],"items_purged_floors":[2],"is_endless":false,"potions_floor_spawned":[6,14],"killed_by":"Book of Stabbing","ascension_level":7}