{"gold_per_floor":[115,40,40,40,53,53,53,53,53,88,9,9,27,57,69,160,172,195,482,98,110,125,125,22,32,32,50,75,23,23,23,23,23],"floor_reached":33,"playtime":1622,"items_purged":["Writhe","Regret"],"score":542,"play_id":"7f49231e-c633-4f64-a864-3a4883cb800c","local_time":"20190429161122","is_ascension_mode":true,"campfire_choices":[{"data":"1","floor":6,"key":"LIFT"},{"data":"2","floor":8,"key":"LIFT"},{"data":"3","floor":12,"key":"LIFT"},{"data":"Neutralize","floor":15,"key":"SMITH"},{"data":"Infinite Blades","floor":23,"key":"SMITH"},{"data":"Footwork","floor":30,"key":"SMITH"},{"data":"Backflip","floor":32,"key":"SMITH"}],"neow_cost":"CURSE","seed_source_timestamp":3175194598996585,"circlet_count":0,"master_deck":["AscendersBane","Defend_G","Defend_G","Defend_G","Defend_G","Defend_G","Strike_G","Strike_G","Strike_G","Strike_G","Survivor","Neutralize+1","Blade Dance","Poisoned Stab","Parasite","Backflip","Well Laid Plans","Malaise","Outmaneuver+1","Infinite Blades+1","Slice","Flechettes+1","Footwork+1","Deflect","Adrenaline","Backflip+1","Concentrate","Cloak And Dagger"],"relics":["Ring of the Snake","Girya","Pear","Meat on the Bone","MawBank","Runic Pyramid","Oddly Smooth Stone","Bottled Tornado","Strawberry"],"potions_floor_usage":[14,16,25,25,27,33,33],"damage_taken":[{"damage":8,"enemies":"Cultist","floor":1,"turns":5},{"damage":0,"enemies":"Jaw Worm","floor":5,"turns":6},{"damage":49,"enemies":"Gremlin Nob","floor":10,"turns":5},{"damage":0,"enemies":"2 Louse","floor":13,"turns":3},{"damage":10,"enemies":"Lagavulin","floor":14,"turns":7},{"damage":18,"enemies":"The Guardian","floor":16,"turns":17},{"damage":31,"enemies":"Spheric Guardian","floor":18,"turns":6},{"damage":29,"enemies":"Chosen","floor":21,"turns":7},{"damage":2,"enemies":"Centurion and Healer","floor":22,"turns":6},{"damage":3,"enemies":"Cultist and Chosen","floor":25,"turns":5},{"damage":17,"enemies":"Shelled Parasite and Fungi","floor":27,"turns":6},{"damage":15,"enemies":"Gremlin Leader","floor":28,"turns":9},{"damage":60,"enemies":"Collector","floor":33,"turns":21}],"seed_played":"7993927096068726018","potions_obtained":[{"floor":10,"key":"SkillPotion"},{"floor":13,"key":"Dexterity Potion"},{"floor":22,"key":"Poison Potion"},{"floor":25,"key":"Energy Potion"},{"floor":27,"key":"SteroidPotion"},{"floor":28,"key":"PowerPotion"}],"is_trial":false,"path_per_floor":["M","$","$","?","M","R","?","R","T","E","$","R","M","E","R","B",null,"M","?","$","M","M","R","$","M","T","M","E","$","R","?","R","B"],"character_chosen":"THE_SILENT","items_purchased":["Well Laid Plans","Oddly Smooth Stone","Infinite Blades","Slice","Deflect","Fire Potion","Cloak And Dagger"],"campfire_rested":0,"item_purchase_floors":[11,20,20,20,24,24,29],"current_hp_per_floor":[51,51,51,44,44,44,60,60,70,21,21,21,33,35,35,29,64,45,45,45,28,38,38,38,47,47,42,46,46,46,46,46,0],"gold":23,"neow_bonus":"ONE_RARE_RELIC","is_prod":false,"is_daily":false,"chose_seed":false,"campfire_upgraded":4,"win_rate":0,"timestamp":1556550682,"path_taken":["M","?","$","?","M","R","?","R","T","E","$","R","M","E","R","BOSS","M","?","$","M","M","R","?","M","T","M","E","$","R","?","R","BOSS"],"build_version":"2019-01-23","purchased_purges":2,"victory":false,"max_hp_per_floor":[66,66,66,66,66,66,66,66,76,76,76,76,76,76,76,76,76,76,76,76,76,76,76,76,76,76,76,83,83,83,83,83,83],"card_choices":[{"not_picked":["Outmaneuver","Deflect"],"picked":"Blade Dance","floor":1},{"not_picked":["Poisoned Stab","Dagger Throw","Outmaneuver"],"picked":"SKIP","floor":5},{"not_picked":["Dagger Throw","Outmaneuver"],"picked":"Poisoned Stab","floor":5},{"not_picked":["Bullet Time","Burst"],"picked":"Backflip","floor":10},{"not_picked":["All Out Attack","Outmaneuver","Catalyst"],"picked":"SKIP","floor":13},{"not_picked":["Quick Slash","Blade Dance","Heel Hook"],"picked":"SKIP","floor":14},{"not_picked":["Storm of Steel","Grand Finale"],"picked":"Malaise","floor":16},{"not_picked":["Prepared","Dodge and Roll"],"picked":"Outmaneuver+1","floor":18},{"not_picked":["Dagger Throw","Poisoned Stab"],"picked":"Flechettes+1","floor":21},{"not_picked":["Dagger Throw","Sucker Punch"],"picked":"Footwork","floor":22},{"not_picked":["Underhanded Strike+1","Dodge and Roll"],"picked":"Adrenaline","floor":25},{"not_picked":["Cloak And Dagger","Bane"],"picked":"Backflip","floor":27},{"not_picked":["Bane","Slice+1"],"picked":"Concentrate","floor":28}],"player_experience":254357,"relics_obtained":[{"floor":9,"key":"Pear"},{"floor":10,"key":"Meat on the Bone"},{"floor":14,"key":"MawBank"},{"floor":26,"key":"Bottled Tornado"},{"floor":28,"key":"Strawberry"}],"event_choices":[{"cards_removed":["Strike_G"],"damage_healed":0,"gold_gain":0,"player_choice":"Card Removal","damage_taken":7,"max_hp_gain":0,"max_hp_loss":0,"event_name":"Golden Wing","floor":4,"gold_loss":0},{"damage_healed":16,"gold_gain":0,"player_choice":"Healed and dodged fight","damage_taken":0,"max_hp_gain":0,"max_hp_loss":0,"event_name":"Mushrooms","floor":7,"gold_loss":0,"cards_obtained":["Parasite"]},{"damage_healed":0,"gold_gain":275,"player_choice":"Desecrate","damage_taken":0,"max_hp_gain":0,"max_hp_loss":0,"event_name":"Golden Shrine","floor":19,"gold_loss":0,"cards_obtained":["Regret"]},{"damage_healed":0,"gold_gain":0,"player_choice":"Ignored","damage_taken":0,"max_hp_gain":0,"max_hp_loss":0,"event_name":"Vampires","floor":31,"gold_loss":0}],"is_beta":false,"boss_relics":[{"not_picked":["Astrolabe","Runic Dome"],"picked":"Runic Pyramid"}],"items_purged_floors":[2,20],"is_endless":false,"potions_floor_spawned":[10,13,22,25,27,28],"killed_by":"Collector","ascension_level":20}