{"gold_per_floor":[112,128,144,144,158,190,39,64,64,64,81,93,93,93,93,198,198,216,233,4,22,22,38,73,73,119,119,218,251,261,277,277,375,375,395,395,395,143,153,153,172,172,172,190,190],"floor_reached":45,"playtime":2728,"items_purged":["Strike_G","Strike_G"],"score":609,"play_id":"4768cc25-cc11-45ed-81be-81827b306f73","local_time":"20180818223111","is_ascension_mode":true,"campfire_choices":[{"floor":10.0,"key":"REST"},{"data":"Noxious Fumes","floor":13.0,"key":"SMITH"},{"data":"Neutralize","floor":15.0,"key":"SMITH"},{"floor":25,"key":"REST"},{"data":"Malaise","floor":27,"key":"SMITH"},{"floor":32,"key":"REST"},{"floor":40,"key":"REST"}],"neow_cost":"NONE","seed_source_timestamp":0,"circlet_count":0,"master_deck":["Defend_G","Defend_G","Defend_G","Defend_G","Defend_G","Strike_G+1","Survivor","Neutralize+1","Doppelganger","Sucker Punch+1","Dagger Throw","Backflip","Dagger Spray","Noxious Fumes+1","Heel Hook","Deadly Poison","Malaise+1","Underhanded Strike+1","PiercingWail","Magnetism","Dash","Adrenaline","PiercingWail+1","Madness","Madness","Footwork","Bouncing Flask","Cloak And Dagger+1"],"special_seed":0,"relics":["Ring of the Snake","Blood Vial","Strawberry","Whetstone","Ninja Scroll","Busted Crown","Mercury Hourglass","Omamori","Singing Bowl","Eternal Feather","Sundial"],"potions_floor_usage":[31,33,44],"damage_taken":[{"damage":0.0,"enemies":"Cultist","floor":1.0,"turns":4.0},{"damage":0.0,"enemies":"Jaw Worm","floor":2.0,"turns":5.0},{"damage":0.0,"enemies":"2 Louse","floor":3.0,"turns":3.0},{"damage":3.0,"enemies":"Looter","floor":5.0,"turns":3.0},{"damage":36.0,"enemies":"Lagavulin","floor":6.0,"turns":12.0},{"damage":16.0,"enemies":"3 Sentries","floor":8.0,"turns":7.0},{"damage":1.0,"enemies":"2 Fungi Beasts","floor":11.0,"turns":2.0},{"damage":1.0,"enemies":"Blue Slaver","floor":12.0,"turns":3.0},{"damage":19.0,"enemies":"Slime Boss","floor":16.0,"turns":9.0},{"damage":0.0,"enemies":"3 Byrds","floor":18.0,"turns":4.0},{"damage":0.0,"enemies":"Chosen","floor":19.0,"turns":4.0},{"damage":24.0,"enemies":"Snecko","floor":21.0,"turns":7.0},{"damage":0,"enemies":"Snake Plant","floor":23,"turns":7},{"damage":23,"enemies":"Book of Stabbing","floor":24,"turns":8},{"damage":23,"enemies":"Gremlin Leader","floor":29,"turns":9},{"damage":9,"enemies":"Shelled Parasite and Fungi","floor":30,"turns":6},{"damage":14,"enemies":"Cultist and Chosen","floor":31,"turns":5},{"damage":43,"enemies":"Automaton","floor":33,"turns":10},{"damage":6,"enemies":"Flame Bruiser 1 Orb","floor":35,"turns":8},{"damage":12,"enemies":"Orb Walker","floor":39,"turns":3},{"damage":14,"enemies":"4 Shapes","floor":41,"turns":7},{"damage":31,"enemies":"Transient","floor":44,"turns":5},{"damage":54,"enemies":"2 Orb Walkers","floor":45,"turns":5}],"seed_played":"-7503617403769944128","potions_obtained":[{"floor":5.0,"key":"LiquidBronze"},{"floor":6.0,"key":"Dexterity Potion"},{"floor":11.0,"key":"GhostInAJar"},{"floor":18.0,"key":"FairyPotion"},{"floor":29,"key":"PowerPotion"},{"floor":30,"key":"GhostInAJar"},{"floor":35,"key":"FairyPotion"},{"floor":41,"key":"Fire Potion"}],"is_trial":false,"path_per_floor":["M","M","M","T","M","E","$","E","T","R","M","M","R","?","R","B",null,"M","M","$","M","?","M","E","R","T","R","?","E","M","M","R","B",null,"M","?","?","$","M","R","M","?","T","M"],"character_chosen":"THE_SILENT","items_purchased":["Noxious Fumes","PiercingWail","Magnetism","Footwork","Bouncing Flask"],"campfire_rested":4,"item_purchase_floors":[7,20,20,38,38],"current_hp_per_floor":[70,70,70,70,67,40,40,26,26,49,50,51,51,44,44,27,65,67,69,69,47,47,49,28,51,51,51,51,32,27,15,39,8,63,59,59,49,49,41,80,68,68,68,41,0],"gold":190,"neow_bonus":"ONE_RANDOM_RARE_CARD","is_prod":false,"is_daily":false,"chose_seed":false,"campfire_upgraded":3,"win_rate":0,"timestamp":1534656671,"path_taken":["M","M","M","?","M","E","?","E","T","R","M","?","R","?","R","BOSS","M","M","$","M","?","?","E","R","T","R","?","E","M","M","R","BOSS","M","?","?","$","M","R","M","?","T","M","E"],"build_version":"2018-08-16","purchased_purges":2,"victory":false,"max_hp_per_floor":[70,70,70,70,70,77,77,77,77,77,77,77,77,77,77,77,77,77,77,77,77,77,77,77,77,77,77,77,79,81,81,81,81,81,81,81,81,81,83,83,83,83,83,85,85],"card_choices":[{"not_picked":["PiercingWail","Blade Dance"],"picked":"Slice","floor":1.0},{"not_picked":["Prepared","Acrobatics"],"picked":"Sucker Punch","floor":2.0},{"not_picked":["Flechettes","Skewer"],"picked":"Dagger Throw","floor":3.0},{"not_picked":["Outmaneuver","Dagger Throw"],"picked":"Backflip","floor":5.0},{"not_picked":["Sucker Punch","Unload"],"picked":"Dagger Spray","floor":6.0},{"not_picked":["Dodge and Roll","Terror"],"picked":"Heel Hook","floor":8.0},{"not_picked":["Slice","Underhanded Strike","Outmaneuver"],"picked":"SKIP","floor":11.0},{"not_picked":["Outmaneuver","Die Die Die"],"picked":"Deadly Poison","floor":12.0},{"not_picked":["Storm of Steel","Grand Finale"],"picked":"Malaise","floor":16.0},{"not_picked":["Dagger Throw"],"picked":"SKIP","floor":18.0},{"not_picked":[],"picked":"Underhanded Strike+1","floor":19.0},{"not_picked":["Acrobatics"],"picked":"SKIP","floor":21.0},{"not_picked":["Prepared"],"picked":"SKIP","floor":23},{"not_picked":["Predator"],"picked":"SKIP","floor":24},{"not_picked":["Cloak And Dagger"],"picked":"Singing Bowl","floor":29},{"not_picked":["Masterful Stab+1"],"picked":"Singing Bowl","floor":30},{"not_picked":[],"picked":"Dash","floor":31},{"not_picked":[],"picked":"Adrenaline","floor":33},{"not_picked":[],"picked":"PiercingWail+1","floor":35},{"not_picked":["Prepared"],"picked":"Singing Bowl","floor":39},{"not_picked":[],"picked":"Cloak And Dagger+1","floor":41},{"not_picked":["Acrobatics"],"picked":"Singing Bowl","floor":44}],"player_experience":98732,"relics_obtained":[{"floor":4.0,"key":"Blood Vial"},{"floor":6.0,"key":"Strawberry"},{"floor":8.0,"key":"Whetstone"},{"floor":9.0,"key":"Ninja Scroll"},{"floor":24,"key":"Mercury Hourglass"},{"floor":26,"key":"Omamori"},{"floor":29,"key":"Singing Bowl"},{"floor":43,"key":"Sundial"}],"event_choices":[{"event_name":"Golden Wing","player_choice":"Card Removal","floor":14.0,"damage_taken":0.0},{"event_name":"Beggar","player_choice":"Ignored","floor":22.0,"damage_taken":0.0},{"event_name":"Nest","player_choice":"Stole From Cult","floor":28,"damage_taken":0},{"event_name":"Purifier","player_choice":"One Purge","floor":36,"damage_taken":0},{"event_name":"Winding Halls","player_choice":"Embrace Madness","floor":37,"damage_taken":0},{"event_name":"Falling","player_choice":"Removed Attack","floor":42,"damage_taken":0}],"is_beta":false,"boss_relics":[{"not_picked":["Astrolabe","Philosopher\u0027s Stone"],"picked":"Busted Crown"},{"not_picked":["Runic Pyramid","Pandora\u0027s Box"],"picked":"Eternal Feather"}],"items_purged_floors":[7,38],"is_endless":false,"potions_floor_spawned":[5,6,11,18,29,30,35,41],"killed_by":"2 Orb Walkers","ascension_level":5}