{"gold_per_floor":[118,193,3,3,23,50,50,50,50,76,88,88],"floor_reached":12,"playtime":262,"items_purged":[],"score":112,"play_id":"b395e6da-9a4f-4d09-aef0-ca302a6ab051","local_time":"20190501000857","is_ascension_mode":true,"campfire_choices":[{"data":"Defragment","floor":7,"key":"SMITH"}],"neow_cost":"TEN_PERCENT_HP_LOSS","seed_source_timestamp":87466081298800,"circlet_count":0,"master_deck":["Strike_B","Strike_B","Strike_B","Strike_B","Defend_B","Defend_B","Defend_B","Zap","Dualcast","Loop","Loop","Amplify","Leap","Defragment+1","Chill","Steam"],"relics":["Cracked Core","Du-Vu Doll","DollysMirror","Calipers","Bronze Scales","Symbiotic Virus","Pen Nib"],"potions_floor_usage":[6,6,10],"damage_taken":[{"damage":3,"enemies":"2 Louse","floor":1,"turns":3},{"damage":4,"enemies":"Jaw Worm","floor":5,"turns":4},{"damage":26,"enemies":"Gremlin Nob","floor":6,"turns":4},{"damage":18,"enemies":"3 Sentries","floor":10,"turns":5},{"damage":2,"enemies":"Cultist","floor":11,"turns":3},{"damage":3,"enemies":"3 Louse","floor":12,"turns":1}],"seed_played":"6720846213913141451","potions_obtained":[{"floor":1,"key":"SteroidPotion"},{"floor":5,"key":"Fire Potion"},{"floor":6,"key":"Dexterity Potion"}],"is_trial":false,"path_per_floor":["M","?","$","?","M","E","R","?","T","E","M","M"],"character_chosen":"DEFECT","items_purchased":["DollysMirror"],"campfire_rested":0,"item_purchase_floors":[3],"current_hp_per_floor":[65,54,54,54,50,24,24,21,21,3,1,0],"gold":88,"neow_bonus":"ONE_RARE_RELIC","is_prod":false,"is_daily":false,"chose_seed":false,"campfire_upgraded":1,"win_rate":0,"timestamp":1556662137,"path_taken":["M","?","$","?","M","E","R","?","T","E","M","?"],"build_version":"2019-01-23","purchased_purges":0,"victory":false,"max_hp_per_floor":[68,68,68,68,68,68,68,68,68,68,68,68],"card_choices":[{"not_picked":["Reinforced Body","Turbo"],"picked":"Loop","floor":1},{"not_picked":["Darkness","Streamline"],"picked":"Leap","floor":5},{"not_picked":["Self Repair","Go for the Eyes"],"picked":"Defragment","floor":6},{"not_picked":["Gash","Darkness"],"picked":"Chill","floor":10},{"not_picked":["Streamline","Aggregate"],"picked":"Steam","floor":11}],"player_experience":917000,"relics_obtained":[{"floor":6,"key":"Calipers"},{"floor":9,"key":"Symbiotic Virus"},{"floor":10,"key":"Pen Nib"}],"event_choices":[{"damage_healed":0,"gold_gain":75,"player_choice":"Gather Gold","damage_taken":11,"max_hp_gain":0,"max_hp_loss":0,"event_name":"World of Goop","floor":2,"gold_loss":0},{"damage_healed":0,"gold_gain":0,"cards_transformed":["Defend_B"],"player_choice":"Change","damage_taken":0,"max_hp_gain":0,"max_hp_loss":0,"event_name":"Living Wall","floor":4,"gold_loss":0,"cards_obtained":["Amplify"]},{"damage_healed":0,"gold_gain":0,"player_choice":"Success","damage_taken":3,"relics_obtained":["Bronze Scales"],"max_hp_gain":0,"max_hp_loss":0,"event_name":"Scrap Ooze","floor":8,"gold_loss":0}],"is_beta":false,"boss_relics":[],"items_purged_floors":[],"is_endless":false,"potions_floor_spawned":[1,5,6],"killed_by":"3 Louse","ascension_level":6}