{"gold_per_floor":[118,130,146,221,232,266,266,278,353,353,364,383,402,421,421,524,524,543,364,384,384,402,436,436,436,481,314,334,334,359,373,373,469,469,485,503,60,73,73,108,108,108,108,133,146,96,113,0,0,0],"floor_reached":51,"playtime":3249,"items_purged":["Strike_R","Strike_R","Strike_R"],"score":828,"play_id":"9945c460-8527-4655-a50b-42906f7d8f13","local_time":"20180827093303","is_ascension_mode":false,"campfire_choices":[{"data":"Barricade","floor":7,"key":"SMITH"},{"data":"Body Slam","floor":10,"key":"SMITH"},{"data":"True Grit","floor":15,"key":"SMITH"},{"floor":25,"key":"DIG"},{"floor":29,"key":"DIG"},{"floor":32,"key":"DIG"},{"floor":41,"key":"REST"},{"floor":49,"key":"REST"}],"neow_cost":"PERCENT_DAMAGE","seed_source_timestamp":763208502549927,"circlet_count":0,"master_deck":["Defend_R","Defend_R","Defend_R","Bash","Barricade+1","Iron Wave","True Grit+1","Clothesline","Headbutt","Shrug It Off","Body Slam+1","Armaments","Shrug It Off","Body Slam","Bludgeon","Shockwave","Enlightenment","Warcry","Iron Wave+1","Feel No Pain","True Grit+1","Warcry+1","Evolve","Disarm","Feel No Pain+1","Shrug It Off+1","Entrench+1"],"relics":["Burning Blood","Ancient Tea Set","Mercury Hourglass","Mark of Pain","Shovel","MutagenicStrength","Anchor","Juzu Bracelet","Dream Catcher","Happy Flower","Red Skull","Empty Cage","Dodecahedron","Regal Pillow","StoneCalendar","Meat on the Bone","Oddly Smooth Stone","Red Mask"],"potions_floor_usage":[5,16,18,22,28,33,36,40,40,40,40,44,45,50,50,50],"damage_taken":[{"damage":0,"enemies":"2 Louse","floor":1,"turns":3},{"damage":1,"enemies":"Jaw Worm","floor":2,"turns":5},{"damage":7,"enemies":"Small Slimes","floor":3,"turns":4},{"damage":8,"enemies":"Gremlin Gang","floor":5,"turns":5},{"damage":19,"enemies":"Gremlin Nob","floor":6,"turns":5},{"damage":0,"enemies":"3 Louse","floor":8,"turns":7},{"damage":5,"enemies":"Exordium Thugs","floor":11,"turns":4},{"damage":15,"enemies":"Exordium Wildlife","floor":12,"turns":6},{"damage":2,"enemies":"Looter","floor":13,"turns":3},{"damage":0,"enemies":"Large Slime","floor":14,"turns":6},{"damage":7,"enemies":"The Guardian","floor":16,"turns":10},{"damage":2,"enemies":"Spheric Guardian","floor":18,"turns":3},{"damage":0,"enemies":"Chosen","floor":20,"turns":4},{"damage":7,"enemies":"Centurion and Healer","floor":22,"turns":9},{"damage":0,"enemies":"Gremlin Leader","floor":23,"turns":9},{"damage":5,"enemies":"Sentry and Sphere","floor":28,"turns":6},{"damage":4,"enemies":"Slavers","floor":30,"turns":6},{"damage":10,"enemies":"Cultist and Chosen","floor":31,"turns":8},{"damage":41,"enemies":"Collector","floor":33,"turns":10},{"damage":6,"enemies":"3 Darklings","floor":35,"turns":7},{"damage":0,"enemies":"Flame Bruiser 1 Orb","floor":36,"turns":7},{"damage":27,"enemies":"Spire Growth","floor":38,"turns":8},{"damage":35,"enemies":"Nemesis","floor":40,"turns":11},{"damage":0,"enemies":"Mind Bloom Boss Battle","floor":42,"turns":5},{"damage":39,"enemies":"2 Orb Walkers","floor":44,"turns":7},{"damage":14,"enemies":"4 Shapes","floor":45,"turns":6},{"damage":18,"enemies":"3 Darklings","floor":47,"turns":7},{"damage":0,"enemies":"Donu and Deca","floor":50,"turns":8}],"seed_played":"-8569824193347780902","potions_obtained":[{"floor":2,"key":"SkillPotion"},{"floor":6,"key":"Fire Potion"},{"floor":8,"key":"SteroidPotion"},{"floor":12,"key":"FearPotion"},{"floor":14,"key":"SkillPotion"},{"floor":16,"key":"AttackPotion"},{"floor":21,"key":"EntropicBrew"},{"floor":23,"key":"Block Potion"},{"floor":28,"key":"Strength Potion"},{"floor":33,"key":"Ancient Potion"},{"floor":38,"key":"Regen Potion"},{"floor":40,"key":"AttackPotion"},{"floor":44,"key":"Poison Potion"},{"floor":45,"key":"LiquidBronze"}],"is_trial":false,"path_per_floor":["M","M","M","?","M","E","R","M","T","R","M","M","M","M","R","B",null,"M","$","M","?","M","E","?","R","T","$","M","R","E","M","R","B",null,"M","M","$","M","?","E","R","?","T","E","M","$","M","?","R","B"],"character_chosen":"IRONCLAD","items_purchased":["Enlightenment","Feel No Pain","Dodecahedron","Disarm","Dexterity Potion"],"campfire_rested":2,"item_purchase_floors":[19,27,37,37,46],"current_hp_per_floor":[62,67,66,55,53,40,40,46,46,46,47,38,42,48,48,47,80,80,80,80,80,79,80,80,80,80,80,80,80,80,76,76,41,80,80,80,80,59,59,45,80,80,80,47,51,51,51,51,80,80],"gold":0,"neow_bonus":"THREE_RARE_CARDS","is_prod":false,"is_daily":false,"chose_seed":false,"campfire_upgraded":3,"win_rate":0,"timestamp":1535387583,"path_taken":["M","M","M","?","M","E","R","M","T","R","M","M","M","?","R","BOSS","M","$","?","?","M","E","?","R","T","$","M","R","E","M","R","BOSS","M","M","$","M","?","E","R","?","T","E","M","$","M","?","R","BOSS"],"build_version":"2018-08-23v2","purchased_purges":3,"victory":true,"max_hp_per_floor":[80,80,80,80,80,80,80,80,80,80,80,80,80,80,80,80,80,80,80,80,80,80,80,80,80,80,80,80,80,80,80,80,80,80,80,80,80,80,80,80,80,80,80,80,80,80,80,80,80,80],"card_choices":[{"not_picked":["Impervious","Limit Break"],"picked":"Barricade","floor":0},{"not_picked":["Searing Blow","Intimidate"],"picked":"Iron Wave","floor":1},{"not_picked":["Entrench","Corruption"],"picked":"True Grit","floor":2},{"not_picked":["Ghostly Armor","Sentinel"],"picked":"Clothesline","floor":3},{"not_picked":["Pummel","Anger"],"picked":"Headbutt","floor":5},{"not_picked":["Warcry","Ghostly Armor"],"picked":"Shrug It Off","floor":6},{"not_picked":["Perfected Strike","Fiend Fire"],"picked":"Body Slam","floor":8},{"not_picked":["Body Slam","Clothesline"],"picked":"Armaments","floor":11},{"not_picked":["Thunderclap","Burning Pact"],"picked":"Shrug It Off","floor":12},{"not_picked":["Perfected Strike","Sword Boomerang","Cleave"],"picked":"SKIP","floor":13},{"not_picked":["Pummel","Clash"],"picked":"Body Slam","floor":14},{"not_picked":["Double Tap","Berserk"],"picked":"Bludgeon","floor":16},{"not_picked":["Thunderclap","Twin Strike"],"picked":"Shockwave","floor":18},{"not_picked":["Clothesline","Body Slam"],"picked":"Warcry","floor":20},{"not_picked":["Clothesline+1","Iron Wave","Clash+1"],"picked":"SKIP","floor":22},{"not_picked":["Offering","Sword Boomerang"],"picked":"Iron Wave+1","floor":23},{"not_picked":["Shrug It Off","Flex"],"picked":"True Grit+1","floor":28},{"not_picked":["Headbutt","Pommel Strike"],"picked":"Warcry+1","floor":30},{"not_picked":["Havoc","Thunderclap"],"picked":"Evolve","floor":31},{"not_picked":["Cleave+1","Clash","Spot Weakness+1"],"picked":"SKIP","floor":35},{"not_picked":["Fire Breathing","Dual Wield+1","Combust"],"picked":"SKIP","floor":36},{"not_picked":["Clash","Intimidate+1"],"picked":"Feel No Pain+1","floor":38},{"not_picked":["Warcry","Fire Breathing","Intimidate"],"picked":"SKIP","floor":40},{"not_picked":["Sever Soul","Intimidate+1","Evolve+1"],"picked":"SKIP","floor":44},{"not_picked":["Sword Boomerang","Clash"],"picked":"Shrug It Off+1","floor":45},{"not_picked":["Feel No Pain+1","Headbutt"],"picked":"Entrench+1","floor":47}],"player_experience":160941,"relics_obtained":[{"floor":6,"key":"Ancient Tea Set"},{"floor":9,"key":"Mercury Hourglass"},{"floor":23,"key":"Shovel"},{"floor":25,"key":"Anchor"},{"floor":26,"key":"Juzu Bracelet"},{"floor":29,"key":"Dream Catcher"},{"floor":30,"key":"Happy Flower"},{"floor":32,"key":"Red Skull"},{"floor":40,"key":"Regal Pillow"},{"floor":42,"key":"StoneCalendar"},{"floor":43,"key":"Meat on the Bone"},{"floor":44,"key":"Oddly Smooth Stone"}],"event_choices":[{"event_name":"World of Goop","player_choice":"Gather Gold","floor":4,"damage_taken":0},{"event_name":"The Lab","player_choice":"Got Potions","floor":21,"damage_taken":0},{"event_name":"Drug Dealer","player_choice":"Inject Mutagens","floor":24,"damage_taken":0},{"event_name":"Falling","player_choice":"Removed Skill","floor":39,"damage_taken":0},{"event_name":"MindBloom","player_choice":"Fight","floor":42,"damage_taken":0},{"event_name":"Tomb of Lord Red Mask","player_choice":"Paid","floor":48,"damage_taken":0}],"is_beta":false,"boss_relics":[{"not_picked":["Black Star","Black Blood"],"picked":"Mark of Pain"},{"not_picked":["Philosopher\u0027s Stone","Snecko Eye"],"picked":"Empty Cage"}],"items_purged_floors":[19,27,37],"is_endless":false,"potions_floor_spawned":[2,6,8,12,14,16,23,28,31,33,38,40,44,45],"ascension_level":0}