{"gold_per_floor":[109,121,141,157,19,19,49,65,91,91,91,91,104,115,115,211,211,230,242,167,186,186,218,218,235,235,235,235,160,173,186,186,285,285,302,402,154,154,169,169,129,149,199,229,229,276,48,58,58,58],"floor_reached":51,"playtime":4080,"items_purged":["Strike_R","Clash"],"score":699,"play_id":"7bccbd52-6fb8-4617-bb80-a9f296da3ae7","local_time":"20180824214929","is_ascension_mode":false,"campfire_choices":[{"data":"Clothesline","floor":6.0,"key":"SMITH"},{"data":"Shrug It Off","floor":10.0,"key":"SMITH"},{"data":"Iron Wave","floor":12.0,"key":"SMITH"},{"data":"Fire Breathing","floor":15.0,"key":"SMITH"},{"data":"Armaments","floor":24,"key":"SMITH"},{"data":"Evolve","floor":28,"key":"SMITH"},{"floor":32,"key":"REST"},{"data":"Fire Breathing","floor":40,"key":"SMITH"},{"floor":45,"key":"REST"},{"floor":49,"key":"REST"}],"neow_cost":"NONE","seed_source_timestamp":0,"circlet_count":0,"master_deck":["Strike_R+1","Strike_R+1","Defend_R","Defend_R+1","Defend_R","Defend_R+1","Bash+1","Headbutt","Clothesline+1","Iron Wave+1","Fire Breathing+1","Shrug It Off+1","Fire Breathing+1","Evolve+1","Feed","Armaments+1","Thunderclap+1","Disarm+1","Shrug It Off","Sword Boomerang+1","Offering","Reckless Charge+1","Madness","Madness","Metallicize","Shrug It Off+1","True Grit+1","Metallicize","Transmutation","Wild Strike+1","Metallicize"],"special_seed":0,"relics":["Burning Blood","Strawberry","Centennial Puzzle","GremlinMask","Mark of Pain","MutagenicStrength","Whetstone","Bag of Preparation","Velvet Choker","Juzu Bracelet","Orichalcum","Dream Catcher","Peace Pipe"],"potions_floor_usage":[23,33,33,39,44,50,50,50],"damage_taken":[{"damage":6.0,"enemies":"Cultist","floor":1.0,"turns":3.0},{"damage":0.0,"enemies":"Small Slimes","floor":2.0,"turns":3.0},{"damage":3.0,"enemies":"Jaw Worm","floor":3.0,"turns":4.0},{"damage":9.0,"enemies":"3 Louse","floor":4.0,"turns":3.0},{"damage":34.0,"enemies":"Lagavulin","floor":7.0,"turns":7.0},{"damage":2.0,"enemies":"Blue Slaver","floor":8.0,"turns":2.0},{"damage":0.0,"enemies":"2 Fungi Beasts","floor":13.0,"turns":3.0},{"damage":11.0,"enemies":"Large Slime","floor":14.0,"turns":7.0},{"damage":42.0,"enemies":"Slime Boss","floor":16.0,"turns":11.0},{"damage":11,"enemies":"Shell Parasite","floor":18,"turns":6},{"damage":20,"enemies":"3 Byrds","floor":19,"turns":7},{"damage":19,"enemies":"Centurion and Healer","floor":21,"turns":5},{"damage":31,"enemies":"Gremlin Leader","floor":23,"turns":6},{"damage":17,"enemies":"Snecko","floor":25,"turns":5},{"damage":5,"enemies":"Cultist and Chosen","floor":30,"turns":7},{"damage":2,"enemies":"Centurion and Healer","floor":31,"turns":7},{"damage":87,"enemies":"Automaton","floor":33,"turns":13},{"damage":0,"enemies":"3 Shapes","floor":35,"turns":6},{"damage":17,"enemies":"3 Darklings","floor":39,"turns":7},{"damage":28,"enemies":"Sphere and 2 Shapes","floor":42,"turns":10},{"damage":48,"enemies":"Nemesis","floor":44,"turns":11},{"damage":26,"enemies":"Mysterious Sphere","floor":46,"turns":6},{"damage":5,"enemies":"Transient","floor":48,"turns":5},{"damage":69,"enemies":"Donu and Deca","floor":50,"turns":12}],"seed_played":"2421470472079534925","potions_obtained":[{"floor":2.0,"key":"Ancient Potion"},{"floor":7.0,"key":"Fruit Juice"},{"floor":16.0,"key":"Dexterity Potion"},{"floor":19,"key":"GamblersBrew"},{"floor":31,"key":"Regen Potion"},{"floor":33,"key":"SkillPotion"},{"floor":35,"key":"SkillPotion"},{"floor":39,"key":"SpeedPotion"}],"is_trial":false,"path_per_floor":["M","M","M","M","$","R","E","M","T","R","?","R","M","M","R","B",null,"M","M","?","M","?","E","R","M","T","?","R","$","M","M","R","B",null,"M","?","$","?","M","R","?","M","T","E","R","?","$","M","R","B"],"character_chosen":"IRONCLAD","items_purchased":["Fruit Juice","Fire Breathing","Juzu Bracelet","Transmutation","Dexterity Potion"],"campfire_rested":3,"item_purchase_floors":[5,5,37,47,47],"current_hp_per_floor":[80,80,80,77,77,82,66,70,70,70,70,70,76,71,71,35,97,92,81,81,68,68,43,43,36,36,36,36,36,41,48,81,18,114,118,118,118,103,92,92,92,73,73,35,72,55,55,56,94,31],"gold":58,"neow_bonus":"UPGRADE_CARD","is_prod":false,"is_daily":false,"chose_seed":false,"campfire_upgraded":7,"win_rate":0,"timestamp":1535172569,"path_taken":["M","M","M","M","$","R","E","M","T","R","?","R","M","M","R","BOSS","M","M","?","M","?","E","R","M","T","?","R","$","M","?","R","BOSS","M","?","$","?","M","R","?","M","T","E","R","?","?","M","R","BOSS"],"build_version":"2018-08-23v2","purchased_purges":2,"victory":true,"max_hp_per_floor":[80,80,80,80,80,85,97,97,97,97,97,97,97,97,97,97,97,97,100,100,100,100,100,100,104,104,104,104,104,108,111,111,114,114,118,118,118,118,118,118,118,121,121,125,125,128,128,128,128,128],"card_choices":[{"not_picked":["Sword Boomerang","Corruption"],"picked":"Clash","floor":1.0},{"not_picked":["Sword Boomerang","Warcry"],"picked":"Headbutt","floor":2.0},{"not_picked":["Shrug It Off","Armaments"],"picked":"Clothesline","floor":3.0},{"not_picked":["Shrug It Off","Ghostly Armor"],"picked":"Iron Wave","floor":4.0},{"not_picked":["Thunderclap","Entrench","Rupture"],"picked":"SKIP","floor":7.0},{"not_picked":["Feel No Pain","Headbutt"],"picked":"Shrug It Off","floor":8.0},{"not_picked":["Sentinel","Perfected Strike"],"picked":"Fire Breathing","floor":13.0},{"not_picked":["Cleave","Pommel Strike"],"picked":"Evolve","floor":14.0},{"not_picked":["Exhume","Berserk"],"picked":"Feed","floor":16.0},{"not_picked":["Entrench","Carnage","Seeing Red"],"picked":"SKIP","floor":18},{"not_picked":["Feel No Pain","Combust"],"picked":"Armaments","floor":19},{"not_picked":["Clash","Sword Boomerang+1"],"picked":"Thunderclap+1","floor":21},{"not_picked":["Rupture","Clothesline+1","Dropkick"],"picked":"SKIP","floor":23},{"not_picked":["Sentinel+1","Cleave"],"picked":"Disarm+1","floor":25},{"not_picked":["Anger","Flex"],"picked":"Shrug It Off","floor":30},{"not_picked":["Rupture","Exhume"],"picked":"Sword Boomerang+1","floor":31},{"not_picked":["Feed","Berserk"],"picked":"Offering","floor":33},{"not_picked":["Sever Soul","Body Slam"],"picked":"Reckless Charge+1","floor":35},{"not_picked":["Sword Boomerang+1","Corruption","Sever Soul"],"picked":"SKIP","floor":39},{"not_picked":["Havoc","Evolve"],"picked":"Metallicize","floor":42},{"not_picked":["Anger","Burning Pact+1"],"picked":"Shrug It Off+1","floor":44},{"not_picked":["Second Wind+1","Sever Soul"],"picked":"True Grit+1","floor":45},{"not_picked":["Sentinel+1","Carnage"],"picked":"Metallicize","floor":46},{"not_picked":["Second Wind+1","True Grit+1"],"picked":"Wild Strike+1","floor":48},{"not_picked":["True Grit","Feel No Pain"],"picked":"Metallicize","floor":49}],"player_experience":139745,"relics_obtained":[{"floor":7.0,"key":"Strawberry"},{"floor":9.0,"key":"Centennial Puzzle"},{"floor":23,"key":"Whetstone"},{"floor":26,"key":"Bag of Preparation"},{"floor":43,"key":"Orichalcum"},{"floor":44,"key":"Dream Catcher"},{"floor":46,"key":"Peace Pipe"}],"event_choices":[{"event_name":"FaceTrader","player_choice":"Trade","floor":11.0,"damage_taken":0.0},{"event_name":"Beggar","player_choice":"Gave Gold","floor":20,"damage_taken":0},{"event_name":"Drug Dealer","player_choice":"Inject Mutagens","floor":22,"damage_taken":0},{"event_name":"Purifier","player_choice":"One Purge","floor":27,"damage_taken":0},{"event_name":"Golden Shrine","player_choice":"Pray","floor":36,"damage_taken":0},{"event_name":"Winding Halls","player_choice":"Embrace Madness","floor":38,"damage_taken":0},{"event_name":"Designer","player_choice":"Upgrade 2 Random Cards","floor":41,"damage_taken":0},{"event_name":"Mysterious Sphere","player_choice":"Fight","floor":46,"damage_taken":0}],"is_beta":false,"boss_relics":[{"not_picked":["Coffee Dripper","Busted Crown"],"picked":"Mark of Pain"},{"not_picked":["Runic Dome","Calling Bell"],"picked":"Velvet Choker"}],"items_purged_floors":[29,37],"is_endless":false,"potions_floor_spawned":[2,7,16,19,21,31,33,35,39],"ascension_level":0}