{"gold_per_floor":[112,40,51,27,27,27,65,65,65,133,158,158,182,213,213,213],"floor_reached":16,"playtime":509,"items_purged":[],"score":124,"play_id":"8c6e6586-ace0-4cfa-8be4-08affb98b556","local_time":"20181210232814","is_ascension_mode":true,"campfire_choices":[{"data":"Static Discharge","floor":6,"key":"SMITH"},{"floor":8,"key":"RECALL"},{"floor":15,"key":"REST"}],"neow_cost":"NONE","seed_source_timestamp":523072579831755,"circlet_count":0,"master_deck":["Strike_B","Strike_B","Strike_B","Strike_B","Defend_B","Defend_B","Defend_B","Defend_B","Zap","Dualcast","Chill","Static Discharge+1","Leap","Barrage","Injury","Go for the Eyes","Echo Form+1","Lockon","Leap","Conserve Battery"],"relics":["Cracked Core","Golden Idol","Omamori","Symbiotic Virus","Tiny Chest","Pen Nib"],"potions_floor_usage":[3,7,14],"damage_taken":[{"damage":7,"enemies":"Small Slimes","floor":1,"turns":3},{"damage":4,"enemies":"Cultist","floor":3,"turns":3},{"damage":20,"enemies":"Gremlin Nob","floor":7,"turns":4},{"damage":21,"enemies":"Lagavulin","floor":10,"turns":6},{"damage":1,"enemies":"Jaw Worm","floor":11,"turns":6},{"damage":9,"enemies":"Blue Slaver","floor":13,"turns":3},{"damage":3,"enemies":"Gremlin Nob","floor":14,"turns":3},{"damage":42,"enemies":"Slime Boss","floor":16,"turns":7}],"seed_played":"2440954503544977792","potions_obtained":[{"floor":1,"key":"FearPotion"},{"floor":3,"key":"FocusPotion"},{"floor":10,"key":"Poison Potion"}],"is_trial":false,"path_per_floor":["M","$","M","$","?","R","E","R","T","E","M","?","M","E","R","B"],"character_chosen":"DEFECT","items_purchased":["Static Discharge","Barrage"],"campfire_rested":1,"item_purchase_floors":[2,4],"current_hp_per_floor":[75,75,71,71,71,71,51,51,51,30,29,29,20,17,41,0],"gold":213,"neow_bonus":"TEN_PERCENT_HP_BONUS","is_prod":false,"is_daily":false,"chose_seed":false,"campfire_upgraded":1,"win_rate":0,"timestamp":1544513294,"path_taken":["M","$","M","$","?","R","E","R","T","E","M","?","M","E","R","BOSS"],"build_version":"2018-12-06","purchased_purges":0,"victory":false,"max_hp_per_floor":[82,82,82,82,82,82,82,82,82,82,82,82,82,82,82,82],"card_choices":[{"not_picked":["Chaos","Streamline"],"picked":"Chill","floor":1},{"not_picked":["Gash","Turbo"],"picked":"Leap","floor":3},{"not_picked":["Force Field","Aggregate"],"picked":"Go for the Eyes","floor":7},{"not_picked":["Steam","Fusion"],"picked":"Echo Form","floor":10},{"not_picked":["Beam Cell","Glacier"],"picked":"Lockon","floor":11},{"not_picked":["Coolheaded","Turbo"],"picked":"Leap","floor":13},{"not_picked":["Barrage","Redo"],"picked":"Conserve Battery","floor":14}],"player_experience":221163,"relics_obtained":[{"floor":7,"key":"Omamori"},{"floor":9,"key":"Symbiotic Virus"},{"floor":10,"key":"Tiny Chest"},{"floor":14,"key":"Pen Nib"}],"event_choices":[{"damage_healed":0,"gold_gain":0,"player_choice":"Take Wound","damage_taken":0,"relics_obtained":["Golden Idol"],"max_hp_gain":0,"max_hp_loss":0,"event_name":"Golden Idol","floor":5,"gold_loss":0,"cards_obtained":["Injury"]},{"damage_healed":0,"gold_gain":0,"player_choice":"Grow","damage_taken":0,"max_hp_gain":0,"max_hp_loss":0,"event_name":"Living Wall","floor":12,"gold_loss":0,"cards_upgraded":["Echo Form"]}],"is_beta":false,"boss_relics":[],"items_purged_floors":[],"is_endless":false,"potions_floor_spawned":[1,3,10],"killed_by":"Slime Boss","ascension_level":1}