{"gold_per_floor":[10,10,10,185,13,39,56,56,83,83,83,117,117,146,146,243,243,263,113,133,147,160,160,172,190,190,206,206,234,234,251,251,251],"floor_reached":33,"playtime":1182,"items_purged":["Doubt"],"score":406,"play_id":"88d026e0-7448-470a-8a61-fcf25a7f7aa2","local_time":"20190114172140","is_ascension_mode":true,"campfire_choices":[{"data":"Noxious Fumes","floor":8,"key":"SMITH"},{"data":"Neutralize","floor":11,"key":"SMITH"},{"data":"Malaise","floor":13,"key":"SMITH"},{"floor":15,"key":"REST"},{"floor":23,"key":"REST"},{"data":"Night Terror","floor":28,"key":"SMITH"},{"floor":32,"key":"REST"}],"neow_cost":"NO_GOLD","seed_source_timestamp":768018430197653,"circlet_count":0,"master_deck":["Defend_G+1","Defend_G","Defend_G","Defend_G+1","Defend_G","Strike_G","Strike_G","Strike_G","Strike_G","Survivor","Neutralize+1","Sucker Punch","Finisher","Poisoned Stab","Poisoned Stab","Noxious Fumes+1","Malaise+1","Malaise","Leg Sweep","Noxious Fumes","Deadly Poison","PiercingWail","Catalyst+1","Backflip","PiercingWail+1","Night Terror+1","Malaise+1","Catalyst+1"],"relics":["Ring of the Snake","Nunchaku","Omamori","War Paint","Bottled Flame","Snake Skull","Velvet Choker","Mango","Red Mask"],"potions_floor_usage":[6,14,29,29],"damage_taken":[{"damage":2,"enemies":"Cultist","floor":1,"turns":6},{"damage":40,"enemies":"Lagavulin","floor":6,"turns":6},{"damage":0,"enemies":"Small Slimes","floor":7,"turns":1},{"damage":17,"enemies":"Gremlin Nob","floor":12,"turns":4},{"damage":18,"enemies":"3 Sentries","floor":14,"turns":7},{"damage":8,"enemies":"The Guardian","floor":16,"turns":10},{"damage":0,"enemies":"Spheric Guardian","floor":18,"turns":5},{"damage":13,"enemies":"Chosen","floor":20,"turns":5},{"damage":18,"enemies":"Shelled Parasite and Fungi","floor":21,"turns":5},{"damage":7,"enemies":"Snecko","floor":22,"turns":5},{"damage":7,"enemies":"Chosen and Byrds","floor":24,"turns":7},{"damage":0,"enemies":"Snake Plant","floor":25,"turns":5},{"damage":5,"enemies":"Shelled Parasite and Fungi","floor":27,"turns":5},{"damage":15,"enemies":"Masked Bandits","floor":29,"turns":4},{"damage":0,"enemies":"Cultist and Chosen","floor":31,"turns":3},{"damage":73,"enemies":"Collector","floor":33,"turns":6}],"seed_played":"-3736290218381976702","potions_obtained":[{"floor":1,"key":"SkillPotion"},{"floor":12,"key":"Weak Potion"},{"floor":14,"key":"Fire Potion"},{"floor":20,"key":"Explosive Potion"},{"floor":24,"key":"EssenceOfSteel"}],"is_trial":false,"path_per_floor":["M","?","?","?","$","E","M","R","T","?","R","E","R","E","R","B",null,"M","$","M","M","M","R","M","M","T","M","R","?","?","M","R","B"],"character_chosen":"THE_SILENT","items_purchased":["Finisher","Poisoned Stab","Noxious Fumes","Deadly Poison","PiercingWail"],"campfire_rested":3,"item_purchase_floors":[5,5,19,19,19],"current_hp_per_floor":[61,54,54,54,54,14,14,14,14,37,37,20,20,2,23,15,56,56,56,43,25,18,39,32,32,46,41,41,26,26,26,51,0],"gold":251,"neow_bonus":"ONE_RARE_RELIC","is_prod":false,"is_daily":false,"chose_seed":false,"campfire_upgraded":4,"win_rate":0,"timestamp":1547486500,"path_taken":["M","?","?","?","$","E","M","R","T","?","R","E","R","E","R","BOSS","M","$","M","M","M","R","M","M","T","M","R","?","?","M","R","BOSS"],"build_version":"2019-01-10","purchased_purges":1,"victory":false,"max_hp_per_floor":[70,70,70,70,70,70,70,70,70,70,70,70,70,70,70,70,70,70,70,70,70,70,70,70,70,84,84,84,84,84,84,84,84],"card_choices":[{"not_picked":["Calculated Gamble","Tactician"],"picked":"Sucker Punch","floor":1},{"not_picked":["Underhanded Strike","Acrobatics"],"picked":"Poisoned Stab","floor":6},{"not_picked":["Backflip","Prepared"],"picked":"Noxious Fumes","floor":7},{"not_picked":["Blur","Backflip"],"picked":"Malaise","floor":12},{"not_picked":["Underhanded Strike","Bullet Time","Calculated Gamble"],"picked":"SKIP","floor":14},{"not_picked":["Doppelganger","Corpse Explosion"],"picked":"Malaise","floor":16},{"not_picked":["Finisher","Dodge and Roll"],"picked":"Leg Sweep","floor":18},{"not_picked":["Outmaneuver","Slice+1"],"picked":"Catalyst+1","floor":20},{"not_picked":["Calculated Gamble","Sucker Punch","Outmaneuver"],"picked":"SKIP","floor":21},{"not_picked":["All Out Attack+1","Expertise"],"picked":"Backflip","floor":22},{"not_picked":["Dodge and Roll","Cloak And Dagger"],"picked":"PiercingWail+1","floor":24},{"not_picked":["Well Laid Plans","Dagger Spray"],"picked":"Night Terror","floor":25},{"not_picked":["Quick Slash+1","Acrobatics","Blade Dance"],"picked":"SKIP","floor":27},{"not_picked":["Escape Plan","Dagger Spray"],"picked":"Catalyst+1","floor":31}],"player_experience":86488,"relics_obtained":[{"floor":6,"key":"Omamori"},{"floor":9,"key":"War Paint"},{"floor":12,"key":"Bottled Flame"},{"floor":14,"key":"Snake Skull"},{"floor":26,"key":"Mango"},{"floor":29,"key":"Red Mask"}],"event_choices":[{"cards_removed":["Strike_G"],"damage_healed":0,"gold_gain":0,"player_choice":"Card Removal","damage_taken":7,"max_hp_gain":0,"max_hp_loss":0,"event_name":"Golden Wing","floor":2,"gold_loss":0},{"damage_healed":0,"gold_gain":0,"player_choice":"Leave","damage_taken":0,"max_hp_gain":0,"max_hp_loss":0,"event_name":"The Cleric","floor":3,"gold_loss":0},{"damage_healed":0,"gold_gain":175,"player_choice":"AGREE","damage_taken":0,"max_hp_gain":0,"max_hp_loss":0,"event_name":"Liars Game","floor":4,"gold_loss":0,"cards_obtained":["Doubt"]},{"damage_healed":23,"gold_gain":0,"player_choice":"Banana","damage_taken":0,"max_hp_gain":0,"max_hp_loss":0,"event_name":"Big Fish","floor":10,"gold_loss":0},{"damage_healed":0,"gold_gain":0,"player_choice":"Fought Bandits","damage_taken":0,"max_hp_gain":0,"max_hp_loss":0,"event_name":"Masked Bandits","floor":29,"gold_loss":0},{"damage_healed":0,"gold_gain":0,"player_choice":"Copied","damage_taken":0,"max_hp_gain":0,"max_hp_loss":0,"event_name":"Duplicator","floor":30,"gold_loss":0,"cards_obtained":["Malaise"]}],"is_beta":false,"boss_relics":[{"not_picked":["Lizard Tail","Pandora\u0027s Box"],"picked":"Velvet Choker"}],"items_purged_floors":[5],"is_endless":false,"potions_floor_spawned":[1,12,14,20,24,27],"killed_by":"Collector","ascension_level":8}