{"gold_per_floor":[123,149,173,185,197,209,260,272,309,321,333,359,395,432,444,575,587,613,650,572,597,181,212,212,243,243,266,289,289,214,250,250,376,376,394,415,105,105,133,133,193,193,193,193,226,280,280,313,313,313],"floor_reached":51,"playtime":4037,"items_purged":["Strike_R","Strike_R"],"score":815,"play_id":"e3e43753-cced-4635-be14-92c2d2401d29","local_time":"20180825175827","is_ascension_mode":false,"campfire_choices":[{"data":"Iron Wave","floor":6,"key":"SMITH"},{"data":"Armaments","floor":8,"key":"SMITH"},{"data":"Disarm","floor":10,"key":"SMITH"},{"data":"Shrug It Off","floor":15,"key":"SMITH"},{"floor":24,"key":"REST"},{"floor":32,"key":"REST"},{"floor":40,"key":"REST"},{"floor":42,"key":"REST"},{"floor":44,"key":"REST"},{"floor":49,"key":"REST"}],"neow_cost":"NONE","seed_source_timestamp":619907474420335,"circlet_count":0,"master_deck":["Strike_R+1","Defend_R","Defend_R","Defend_R","Defend_R","Bash+1","Cleave","Armaments+1","Iron Wave+1","Disarm+1","Shrug It Off+1","Battle Trance","Barricade","Shockwave","Entrench","Metallicize","Disarm","Clothesline+1","Reaper+1","Demon Form","Warcry+1","Metallicize+1","Disarm+1","Mind Blast","HandOfGreed+1","Blind","True Grit+1"],"relics":["Burning Blood","MawBank","Golden Idol","Regal Pillow","Anchor","Odd Mushroom","Fusion Hammer","Gremlin Horn","Mummified Hand","Bottled Flame","Pear","Darkstone Periapt","Happy Flower","Black Star","DollysMirror","Letter Opener","Ornamental Fan","Whetstone","Kunai","Shuriken","Bottled Tornado"],"potions_floor_usage":[14,14,16,16,35,46,50,50],"damage_taken":[{"damage":2,"enemies":"Small Slimes","floor":1,"turns":5},{"damage":7,"enemies":"2 Louse","floor":2,"turns":3},{"damage":6,"enemies":"Jaw Worm","floor":3,"turns":3},{"damage":28,"enemies":"Lagavulin","floor":7,"turns":7},{"damage":3,"enemies":"Exordium Wildlife","floor":12,"turns":5},{"damage":0,"enemies":"Large Slime","floor":13,"turns":5},{"damage":9,"enemies":"The Mushroom Lair","floor":14,"turns":3},{"damage":18,"enemies":"The Guardian","floor":16,"turns":15},{"damage":6,"enemies":"Spheric Guardian","floor":18,"turns":9},{"damage":0,"enemies":"Chosen","floor":19,"turns":6},{"damage":2,"enemies":"Snake Plant","floor":21,"turns":8},{"damage":0,"enemies":"Book of Stabbing","floor":23,"turns":10},{"damage":0,"enemies":"Gremlin Leader","floor":25,"turns":10},{"damage":0,"enemies":"Snecko","floor":27,"turns":7},{"damage":5,"enemies":"Centurion and Healer","floor":28,"turns":12},{"damage":4,"enemies":"Book of Stabbing","floor":31,"turns":11},{"damage":14,"enemies":"Champ","floor":33,"turns":31},{"damage":5,"enemies":"3 Darklings","floor":35,"turns":11},{"damage":0,"enemies":"Orb Walker","floor":36,"turns":5},{"damage":21,"enemies":"4 Shapes","floor":39,"turns":14},{"damage":22,"enemies":"Nemesis","floor":41,"turns":13},{"damage":0,"enemies":"Maw","floor":45,"turns":11},{"damage":0,"enemies":"Giant Head","floor":46,"turns":15},{"damage":6,"enemies":"Sphere and 2 Shapes","floor":48,"turns":12},{"damage":26,"enemies":"Awakened One","floor":50,"turns":22}],"seed_played":"-4617149516679238753","potions_obtained":[{"floor":3,"key":"GamblersBrew"},{"floor":7,"key":"SteroidPotion"},{"floor":12,"key":"Dexterity Potion"},{"floor":14,"key":"Regen Potion"},{"floor":21,"key":"Ancient Potion"},{"floor":27,"key":"GamblersBrew"},{"floor":31,"key":"GamblersBrew"},{"floor":33,"key":"Regen Potion"},{"floor":35,"key":"SkillPotion"}],"is_trial":false,"path_per_floor":["M","M","M","?","?","R","E","R","T","R","$","M","M","?","R","B",null,"M","M","?","M","$","E","R","E","T","M","M","?","?","E","R","B",null,"M","M","$","?","M","R","E","R","T","R","M","E","T","M","R","B"],"character_chosen":"IRONCLAD","items_purchased":["Metallicize","Disarm","Gremlin Horn","DollysMirror"],"campfire_rested":6,"item_purchase_floors":[22,22,22,37],"current_hp_per_floor":[80,79,79,79,59,59,37,37,37,37,37,40,46,43,43,46,80,80,80,80,80,80,80,80,80,90,90,90,90,90,90,90,89,90,90,90,90,80,90,90,90,90,90,90,90,90,90,90,90,90],"gold":313,"neow_bonus":"RANDOM_COMMON_RELIC","is_prod":false,"is_daily":false,"chose_seed":false,"campfire_upgraded":4,"win_rate":0,"timestamp":1535245107,"path_taken":["M","M","M","?","?","R","E","R","T","R","?","?","M","?","R","BOSS","M","M","?","M","$","E","R","E","T","?","M","?","?","E","R","BOSS","M","M","$","?","?","R","E","R","T","R","M","E","?","M","R","BOSS"],"build_version":"2018-08-23v2","purchased_purges":2,"victory":true,"max_hp_per_floor":[80,80,80,80,80,80,80,80,80,80,80,80,80,80,80,80,80,80,80,80,80,80,80,80,80,90,90,90,90,90,90,90,90,90,90,90,90,90,90,90,90,90,90,90,90,90,90,90,90,90],"card_choices":[{"not_picked":["Hemokinesis","Carnage"],"picked":"Cleave","floor":1},{"not_picked":["Ghostly Armor","Sever Soul"],"picked":"Armaments","floor":2},{"not_picked":["Carnage","Hemokinesis"],"picked":"Iron Wave","floor":3},{"not_picked":["Pommel Strike","Warcry"],"picked":"Disarm","floor":7},{"not_picked":["Feel No Pain","Cleave"],"picked":"Shrug It Off","floor":12},{"not_picked":["Cleave","Dark Embrace"],"picked":"Battle Trance","floor":13},{"not_picked":["Berserk","Impervious"],"picked":"Barricade","floor":16},{"not_picked":["Perfected Strike","Warcry"],"picked":"Shockwave","floor":18},{"not_picked":["Body Slam","Carnage","Headbutt"],"picked":"SKIP","floor":19},{"not_picked":["Headbutt+1","Reckless Charge"],"picked":"Entrench","floor":21},{"not_picked":["True Grit","Twin Strike"],"picked":"Clothesline+1","floor":23},{"not_picked":["Flex","Pommel Strike"],"picked":"Reaper","floor":25},{"not_picked":["Perfected Strike","Clothesline+1","Warcry"],"picked":"SKIP","floor":27},{"not_picked":["Thunderclap","Headbutt","Armaments"],"picked":"SKIP","floor":28},{"not_picked":["Searing Blow","Shrug It Off","Warcry"],"picked":"SKIP","floor":31},{"not_picked":["Impervious","Feed"],"picked":"Demon Form","floor":33},{"not_picked":["Carnage+1","Anger+1"],"picked":"Warcry+1","floor":35},{"not_picked":["Shrug It Off+1","Rupture"],"picked":"Metallicize+1","floor":36},{"not_picked":["Forethought","Swift Strike"],"picked":"Mind Blast","floor":38},{"not_picked":["Good Instincts","Jack Of All Trades"],"picked":"HandOfGreed","floor":38},{"not_picked":["Trip","Impatience"],"picked":"Blind","floor":38},{"not_picked":["Hemokinesis","Sword Boomerang","Armaments"],"picked":"SKIP","floor":39},{"not_picked":["Dropkick","Power Through"],"picked":"True Grit+1","floor":41},{"not_picked":["Rupture+1","Dropkick","Perfected Strike"],"picked":"SKIP","floor":45},{"not_picked":["Burning Pact","Twin Strike","Offering"],"picked":"SKIP","floor":46},{"not_picked":["Clothesline+1","Sword Boomerang","Flame Barrier"],"picked":"SKIP","floor":48}],"player_experience":149083,"relics_obtained":[{"floor":7,"key":"Regal Pillow"},{"floor":9,"key":"Anchor"},{"floor":14,"key":"Odd Mushroom"},{"floor":23,"key":"Mummified Hand"},{"floor":25,"key":"Bottled Flame"},{"floor":26,"key":"Pear"},{"floor":29,"key":"Darkstone Periapt"},{"floor":31,"key":"Happy Flower"},{"floor":41,"key":"Letter Opener"},{"floor":41,"key":"Ornamental Fan"},{"floor":43,"key":"Whetstone"},{"floor":46,"key":"Kunai"},{"floor":46,"key":"Shuriken"},{"floor":47,"key":"Bottled Tornado"}],"event_choices":[{"event_name":"Living Wall","player_choice":"Grow","floor":4,"damage_taken":0},{"event_name":"Golden Idol","player_choice":"Take Damage","floor":5,"damage_taken":0},{"event_name":"Mushrooms","player_choice":"Fought Mushrooms","floor":14,"damage_taken":0},{"event_name":"Designer","player_choice":"Full Service","floor":20,"damage_taken":0},{"event_name":"Wheel of Change","player_choice":"Relic","floor":29,"damage_taken":0},{"event_name":"Beggar","player_choice":"Gave Gold","floor":30,"damage_taken":0},{"event_name":"SensoryStone","player_choice":"Memory 3","floor":38,"damage_taken":0}],"is_beta":false,"boss_relics":[{"not_picked":["Calling Bell","Runic Cube"],"picked":"Fusion Hammer"},{"not_picked":["Runic Pyramid","Orrery"],"picked":"Black Star"}],"items_purged_floors":[22,37],"is_endless":false,"potions_floor_spawned":[3,7,12,14,21,27,31,33,35,36,41],"ascension_level":0}