{"gold_per_floor":[115,125,136,136,156,156,166,498,498,511,540,640,640,246,246,349,349,361,261,279,279,378,378,395,407,478,512,528,540,556,556,556,556],"floor_reached":33,"playtime":1049,"items_purged":["Strike_R","Defend_R"],"score":306,"play_id":"1f2168f4-1de3-4c72-8345-ae717b915eba","local_time":"20180908183610","is_ascension_mode":false,"campfire_choices":[{"data":"Bash","floor":13,"key":"SMITH"},{"data":"Spot Weakness","floor":15,"key":"SMITH"},{"data":"Reaper","floor":23,"key":"SMITH"},{"floor":32,"key":"REST"}],"neow_cost":"NONE","seed_source_timestamp":511313251501039,"circlet_count":0,"master_deck":["Strike_R+1","Strike_R+1","Strike_R+1","Strike_R+1","Defend_R+1","Defend_R+1","Defend_R+1","Bash+1","Headbutt","Pommel Strike","Anger","Spot Weakness+1","Dropkick","Shrug It Off","Metallicize","Reaper+1","Writhe","True Grit+1","Necronomicurse"],"relics":["Burning Blood","NeowsBlessing","PreservedInsect","Old Coin","Blue Candle","Mummified Hand","Paper Frog","Cursed Key","Darkstone Periapt","Mango","Necronomicon"],"potions_floor_usage":[8,11,16,18,25,28,33,33],"damage_taken":[{"damage":0,"enemies":"Cultist","floor":1,"turns":1},{"damage":0,"enemies":"2 Louse","floor":2,"turns":1},{"damage":0,"enemies":"Jaw Worm","floor":3,"turns":1},{"damage":1,"enemies":"Exordium Wildlife","floor":5,"turns":3},{"damage":8,"enemies":"3 Louse","floor":7,"turns":4},{"damage":18,"enemies":"3 Sentries","floor":8,"turns":5},{"damage":6,"enemies":"Large Slime","floor":10,"turns":2},{"damage":18,"enemies":"Lagavulin","floor":11,"turns":5},{"damage":35,"enemies":"Slime Boss","floor":16,"turns":11},{"damage":10,"enemies":"2 Thieves","floor":18,"turns":3},{"damage":14,"enemies":"Spheric Guardian","floor":20,"turns":4},{"damage":12,"enemies":"Centurion and Healer","floor":24,"turns":4},{"damage":30,"enemies":"Sentry and Sphere","floor":25,"turns":6},{"damage":11,"enemies":"Book of Stabbing","floor":27,"turns":4},{"damage":7,"enemies":"3 Cultists","floor":28,"turns":4},{"damage":23,"enemies":"Snake Plant","floor":29,"turns":3},{"damage":16,"enemies":"Chosen and Byrds","floor":30,"turns":5},{"damage":89,"enemies":"Collector","floor":33,"turns":6}],"seed_played":"1971427812982651770","potions_obtained":[{"floor":3,"key":"PowerPotion"},{"floor":5,"key":"EssenceOfSteel"},{"floor":7,"key":"SpeedPotion"},{"floor":8,"key":"Poison Potion"},{"floor":11,"key":"Block Potion"},{"floor":20,"key":"GamblersBrew"},{"floor":25,"key":"Explosive Potion"},{"floor":28,"key":"GamblersBrew"},{"floor":30,"key":"SteroidPotion"}],"is_trial":false,"path_per_floor":["M","M","M","?","M","?","M","E","T","M","E","?","R","$","R","B",null,"M","$","M","?","?","R","M","M","T","E","M","M","M","?","R"],"character_chosen":"IRONCLAD","items_purchased":["Paper Frog","Metallicize"],"campfire_rested":1,"item_purchase_floors":[14,14],"current_hp_per_floor":[80,80,80,73,78,83,81,69,69,69,57,57,57,57,57,28,85,85,85,85,85,85,85,85,61,61,70,69,52,42,32,63,0],"gold":556,"neow_bonus":"THREE_ENEMY_KILL","is_prod":false,"is_daily":false,"chose_seed":false,"campfire_upgraded":3,"win_rate":0,"timestamp":1536456970,"path_taken":["M","?","M","?","M","?","M","E","T","M","E","?","R","$","R","BOSS","M","?","?","?","?","R","?","M","T","E","M","M","?","?","R","BOSS"],"build_version":"2018-09-06","purchased_purges":2,"victory":false,"max_hp_per_floor":[80,80,80,80,80,85,85,85,85,85,85,85,85,85,85,85,85,85,85,85,85,85,85,85,85,85,99,99,99,99,105,105,105],"card_choices":[{"not_picked":["Armaments","Sword Boomerang"],"picked":"Headbutt","floor":1},{"not_picked":["Armaments","Rupture","Iron Wave"],"picked":"SKIP","floor":2},{"not_picked":["Ghostly Armor","Shrug It Off"],"picked":"Pommel Strike","floor":3},{"not_picked":["Shrug It Off","Fire Breathing"],"picked":"Anger","floor":5},{"not_picked":["Second Wind","Feel No Pain"],"picked":"Spot Weakness","floor":7},{"not_picked":["Heavy Blade","Power Through"],"picked":"Dropkick","floor":8},{"not_picked":["Thunderclap","Hemokinesis"],"picked":"Shrug It Off","floor":10},{"not_picked":["Sword Boomerang","Immolate","Blood for Blood"],"picked":"SKIP","floor":11},{"not_picked":["Exhume","Berserk"],"picked":"Reaper","floor":16},{"not_picked":["Heavy Blade","Perfected Strike","Pommel Strike"],"picked":"SKIP","floor":18},{"not_picked":["Body Slam","Armaments","Searing Blow"],"picked":"SKIP","floor":20},{"not_picked":["Headbutt","Twin Strike","Flex"],"picked":"SKIP","floor":24},{"not_picked":["Heavy Blade","Anger","Cleave"],"picked":"SKIP","floor":25},{"not_picked":["Seeing Red","Combust+1","Evolve"],"picked":"SKIP","floor":27},{"not_picked":["Perfected Strike","Immolate","Warcry"],"picked":"SKIP","floor":28},{"not_picked":["Evolve+1","Headbutt+1","Second Wind"],"picked":"SKIP","floor":29},{"not_picked":["Inflame","Shrug It Off"],"picked":"True Grit+1","floor":30}],"player_experience":193861,"relics_obtained":[{"floor":8,"key":"Old Coin"},{"floor":9,"key":"Blue Candle"},{"floor":11,"key":"Mummified Hand"},{"floor":26,"key":"Darkstone Periapt"},{"floor":27,"key":"Mango"},{"floor":31,"key":"Necronomicon"}],"event_choices":[{"event_name":"Scrap Ooze","player_choice":"success","floor":4,"damage_taken":7},{"event_name":"Big Fish","player_choice":"Donut","floor":6,"damage_taken":0},{"event_name":"Golden Shrine","player_choice":"Pray","floor":12,"damage_taken":0},{"event_name":"Back to Basics","player_choice":"Simplicity","floor":21,"damage_taken":0},{"event_name":"Nest","player_choice":"Stole From Cult","floor":22,"damage_taken":0},{"event_name":"Cursed Tome","player_choice":"Obtained Book","floor":31,"damage_taken":0}],"is_beta":false,"boss_relics":[{"not_picked":["Black Star","White Beast Statue"],"picked":"Cursed Key"}],"items_purged_floors":[14,19],"is_endless":false,"potions_floor_spawned":[3,5,7,8,11,20,25,28,30],"killed_by":"Collector","ascension_level":0}