{"gold_per_floor":[109,109,109,119,119,147,147,157,157,177,177,327,327],"floor_reached":13,"playtime":241,"items_purged":[],"score":194,"play_id":"2b537fdd-87b6-4f3a-8407-63552a679d84","local_time":"20190504204244","is_ascension_mode":true,"campfire_choices":[{"data":"Entrench","floor":7,"key":"SMITH"},{"data":"Flame Barrier","floor":11,"key":"SMITH"}],"neow_cost":"NONE","seed_source_timestamp":420714282657100,"circlet_count":0,"master_deck":["AscendersBane","Strike_R","Strike_R","Strike_R","Strike_R","Strike_R","Defend_R","Defend_R","Defend_R","Bash","Ghostly Armor","Entrench+1","Uppercut","Flame Barrier+1","Doubt"],"relics":["Burning Blood","NeowsBlessing","FaceOfCleric","Question Card","Champion Belt","Ornamental Fan"],"potions_floor_usage":[],"damage_taken":[{"damage":0,"enemies":"Jaw Worm","floor":1,"turns":1},{"damage":0,"enemies":"2 Louse","floor":4,"turns":1},{"damage":0,"enemies":"Gremlin Nob","floor":6,"turns":1},{"damage":0,"enemies":"Cultist","floor":8,"turns":5},{"damage":9,"enemies":"Looter","floor":10,"turns":4},{"damage":47,"enemies":"3 Sentries","floor":13,"turns":8}],"seed_played":"-2195599727350833710","potions_obtained":[{"floor":1,"key":"SpeedPotion"},{"floor":4,"key":"Ancient Potion"}],"is_trial":false,"path_per_floor":["M","?","?","M","?","E","R","M","T","M","R","?","E"],"character_chosen":"IRONCLAD","items_purchased":[],"campfire_rested":0,"item_purchase_floors":[],"current_hp_per_floor":[74,67,67,74,39,46,46,53,53,51,51,51,4],"gold":327,"neow_bonus":"THREE_ENEMY_KILL","is_prod":false,"is_daily":false,"chose_seed":false,"campfire_upgraded":2,"win_rate":0,"timestamp":1556995364,"path_taken":["M","?","?","?","?","E","R","M","T","M","R","?","E"],"build_version":"2019-01-23","purchased_purges":0,"victory":false,"max_hp_per_floor":[75,75,75,76,76,77,77,78,78,79,79,79,79],"card_choices":[{"not_picked":["Fire Breathing","Pommel Strike"],"picked":"Ghostly Armor","floor":1},{"not_picked":["Armaments","Wild Strike","Cleave"],"picked":"SKIP","floor":4},{"not_picked":["Brutality","Wild Strike","Searing Blow"],"picked":"Entrench","floor":6},{"not_picked":["Clothesline","Iron Wave","Burning Pact"],"picked":"Uppercut","floor":8},{"not_picked":["Dual Wield","Wild Strike","Clash"],"picked":"Flame Barrier","floor":10}],"player_experience":1089079,"relics_obtained":[{"floor":6,"key":"Champion Belt"},{"floor":9,"key":"Ornamental Fan"}],"event_choices":[{"cards_removed":["Defend_R"],"damage_healed":0,"gold_gain":0,"player_choice":"Card Removal","damage_taken":7,"max_hp_gain":0,"max_hp_loss":0,"event_name":"Golden Wing","floor":2,"gold_loss":0},{"damage_healed":0,"gold_gain":0,"player_choice":"Trade","damage_taken":0,"relics_obtained":["FaceOfCleric"],"max_hp_gain":0,"max_hp_loss":0,"event_name":"FaceTrader","floor":3,"gold_loss":0},{"damage_healed":0,"gold_gain":0,"player_choice":"Success","damage_taken":35,"relics_obtained":["Question Card"],"max_hp_gain":0,"max_hp_loss":0,"event_name":"Scrap Ooze","floor":5,"gold_loss":0},{"damage_healed":0,"gold_gain":150,"player_choice":"AGREE","damage_taken":0,"max_hp_gain":0,"max_hp_loss":0,"event_name":"Liars Game","floor":12,"gold_loss":0,"cards_obtained":["Doubt"]}],"is_beta":false,"boss_relics":[],"items_purged_floors":[],"is_endless":false,"potions_floor_spawned":[1,4],"killed_by":"3 Sentries","ascension_level":16}