{"gold_per_floor":[17,28,203,53,65,65,93,107,182,24,53,67,95,108,108,209,209,226,237,237,250,12,12,12,12,35,35,47,47,65,82,82,178,178,190,41,57,157,174,174,228,241,241,241,256,256,275,0,0,0],"floor_reached":51,"playtime":5449,"items_purged":["Doubt"],"score":760,"play_id":"57ba8a1e-7cfd-4efe-b44a-5b176bc7edd4","local_time":"20190425000409","is_ascension_mode":true,"campfire_choices":[{"data":"Streamline","floor":6,"key":"SMITH"},{"floor":15,"key":"DIG"},{"data":"Magnetism","floor":23,"key":"SMITH"},{"floor":25,"key":"DIG"},{"floor":27,"key":"DIG"},{"floor":29,"key":"DIG"},{"floor":32,"key":"DIG"},{"floor":40,"key":"DIG"},{"floor":44,"key":"REST"},{"floor":46,"key":"REST"},{"floor":49,"key":"DIG"}],"neow_cost":"NO_GOLD","seed_source_timestamp":862048629884804,"circlet_count":0,"master_deck":["Strike_B","Strike_B","Defend_B","Defend_B","Defend_B","Zap","Dualcast","Hologram","Fusion","Streamline+1","Steam","Sweeping Beam","BootSequence","Cold Snap","Seek+1","Darkness+1","Reinforced Body+1","Gash","Hologram+1","Creative AI","Coolheaded+1","Gash","Magnetism+1","Chaos+1","Gash","Redo+1","Defragment+1","Redo+1","Echo Form","Rebound+1","Cold Snap+1","Conserve Battery+1","Steam+1","Defragment+1","Glacier+1"],"relics":["Cracked Core","Thread and Needle","Toxic Egg 2","Omamori","Shovel","Ornamental Fan","Sozu","Matryoshka","Bronze Scales","Oddly Smooth Stone","Centennial Puzzle","Prayer Wheel","Blood Vial","Dodecahedron","Astrolabe","PreservedInsect","Incense Burner","Lantern","Ancient Tea Set","Art of War","Meat on the Bone","Red Mask","Symbiotic Virus"],"potions_floor_usage":[7,13,16,18,35],"damage_taken":[{"damage":0,"enemies":"2 Louse","floor":1,"turns":4},{"damage":2,"enemies":"Small Slimes","floor":2,"turns":5},{"damage":1,"enemies":"Jaw Worm","floor":5,"turns":3},{"damage":8,"enemies":"3 Sentries","floor":7,"turns":6},{"damage":0,"enemies":"3 Louse","floor":8,"turns":3},{"damage":19,"enemies":"Lagavulin","floor":11,"turns":7},{"damage":0,"enemies":"Looter","floor":12,"turns":2},{"damage":0,"enemies":"Gremlin Nob","floor":13,"turns":3},{"damage":0,"enemies":"Large Slime","floor":14,"turns":5},{"damage":5,"enemies":"Slime Boss","floor":16,"turns":7},{"damage":0,"enemies":"2 Thieves","floor":18,"turns":4},{"damage":0,"enemies":"Shell Parasite","floor":19,"turns":7},{"damage":2,"enemies":"Snake Plant","floor":21,"turns":4},{"damage":0,"enemies":"Centurion and Healer","floor":28,"turns":7},{"damage":0,"enemies":"3 Cultists","floor":30,"turns":6},{"damage":5,"enemies":"Shelled Parasite and Fungi","floor":31,"turns":6},{"damage":35,"enemies":"Automaton","floor":33,"turns":9},{"damage":7,"enemies":"3 Darklings","floor":35,"turns":7},{"damage":14,"enemies":"Orb Walker","floor":37,"turns":3},{"damage":0,"enemies":"Mind Bloom Boss Battle","floor":38,"turns":6},{"damage":19,"enemies":"Spire Growth","floor":39,"turns":7},{"damage":12,"enemies":"Nemesis","floor":41,"turns":9},{"damage":29,"enemies":"Writhing Mass","floor":42,"turns":7},{"damage":1,"enemies":"Sphere and 2 Shapes","floor":45,"turns":5},{"damage":11,"enemies":"Jaw Worm Horde","floor":47,"turns":4},{"damage":14,"enemies":"Time Eater","floor":50,"turns":10}],"seed_played":"-6257083422525622503","potions_obtained":[{"floor":1,"key":"SpeedPotion"},{"floor":2,"key":"Energy Potion"},{"floor":5,"key":"FearPotion"},{"floor":13,"key":"SkillPotion"},{"floor":16,"key":"Fire Potion"}],"is_trial":false,"path_per_floor":["M","M","?","$","M","R","E","M","T","$","E","M","E","M","R","B",null,"M","M","$","M","$","R","?","R","T","R","M","R","M","M","R","B",null,"M","$","M","?","M","R","E","M","T","R","M","R","M","?","R","B",null],"character_chosen":"DEFECT","items_purchased":["Streamline","Steam","Seek+1","Gash","Magnetism","PreservedInsect"],"campfire_rested":2,"item_purchase_floors":[4,4,10,22,22,36],"current_hp_per_floor":[89,87,87,87,86,86,78,78,78,78,59,59,59,59,59,54,89,89,89,89,87,87,87,87,87,87,87,87,87,89,84,84,51,89,82,82,70,72,55,55,45,18,18,44,45,71,62,62,62,50],"gold":0,"neow_bonus":"TWENTY_PERCENT_HP_BONUS","is_prod":false,"is_daily":false,"chose_seed":false,"campfire_upgraded":2,"win_rate":0,"timestamp":1556147049,"path_taken":["M","M","?","$","M","R","E","M","T","$","E","M","E","M","R","BOSS","M","M","$","M","$","R","?","R","T","R","M","R","M","M","R","BOSS","M","$","M","?","M","R","E","M","T","R","M","R","M","?","R","BOSS"],"build_version":"2019-01-23","purchased_purges":1,"victory":true,"max_hp_per_floor":[89,89,89,89,89,89,89,89,89,89,89,89,89,89,89,89,89,89,89,89,89,89,89,89,89,89,89,89,89,89,89,89,89,89,89,89,89,89,89,89,89,89,89,89,89,89,89,89,89,89],"card_choices":[{"not_picked":["Double Energy","Steam"],"picked":"Hologram","floor":1},{"not_picked":["Leap","Turbo"],"picked":"Fusion","floor":2},{"not_picked":["Conserve Battery","Rebound"],"picked":"Sweeping Beam","floor":5},{"not_picked":["Stack","Leap"],"picked":"BootSequence","floor":7},{"not_picked":["BootSequence","Recycle"],"picked":"Cold Snap","floor":8},{"not_picked":["Gash","Recycle+1"],"picked":"Darkness+1","floor":11},{"not_picked":["Recycle+1","Compile Driver"],"picked":"Reinforced Body+1","floor":12},{"not_picked":["Go for the Eyes","Hologram+1"],"picked":"Gash","floor":13},{"not_picked":["Rebound","BootSequence+1"],"picked":"Hologram+1","floor":14},{"not_picked":["Meteor Strike","Rainbow+1"],"picked":"Creative AI","floor":16},{"not_picked":["Lockon","Compile Driver","Double Energy+1"],"picked":"SKIP","floor":18},{"not_picked":["Doom and Gloom","Heatsinks"],"picked":"Coolheaded+1","floor":19},{"not_picked":["Sweeping Beam","Hologram+1","Conserve Battery+1"],"picked":"SKIP","floor":21},{"not_picked":["Genetic Algorithm+1","Thunder Strike"],"picked":"Chaos+1","floor":28},{"not_picked":["Cold Snap+1","Steam+1","Stack+1"],"picked":"SKIP","floor":28},{"not_picked":["Barrage","Turbo+1"],"picked":"Gash","floor":30},{"not_picked":["Force Field+1","Rip and Tear+1"],"picked":"Redo+1","floor":30},{"not_picked":["Doom and Gloom","Stack+1"],"picked":"Defragment+1","floor":31},{"not_picked":["Rebound","Capacitor"],"picked":"Redo+1","floor":31},{"not_picked":["Electrodynamics","All For One"],"picked":"Echo Form","floor":33},{"not_picked":["Melter+1","Steam Power+1"],"picked":"Steam+1","floor":35},{"not_picked":["Cold Snap+1","Conserve Battery+1","Force Field+1"],"picked":"SKIP","floor":35},{"not_picked":["Hologram+1","Redo+1","Compile Driver+1"],"picked":"SKIP","floor":37},{"not_picked":["BootSequence+1","Streamline+1","Rebound+1"],"picked":"SKIP","floor":37},{"not_picked":["Undo+1","Conserve Battery+1","Sweeping Beam+1"],"picked":"SKIP","floor":39},{"not_picked":["Hologram+1","Consume+1","Force Field+1"],"picked":"SKIP","floor":39},{"not_picked":["Compile Driver+1","Stack+1","Auto Shields+1"],"picked":"SKIP","floor":41},{"not_picked":["All For One","Rip and Tear+1"],"picked":"Defragment+1","floor":42},{"not_picked":["Melter+1","Static Discharge","Chaos+1"],"picked":"SKIP","floor":42},{"not_picked":["Chaos+1","Cold Snap","Ball Lightning+1"],"picked":"SKIP","floor":45},{"not_picked":["Consume+1","Auto Shields+1","Ball Lightning+1"],"picked":"SKIP","floor":45},{"not_picked":["Sweeping Beam+1","Rebound+1"],"picked":"Glacier+1","floor":47},{"not_picked":["Rebound","Skim+1","Self Repair+1"],"picked":"SKIP","floor":47}],"player_experience":1835428,"relics_obtained":[{"floor":7,"key":"Thread and Needle"},{"floor":9,"key":"Toxic Egg 2"},{"floor":11,"key":"Omamori"},{"floor":13,"key":"Shovel"},{"floor":15,"key":"Ornamental Fan"},{"floor":25,"key":"Bronze Scales"},{"floor":26,"key":"Oddly Smooth Stone"},{"floor":26,"key":"Centennial Puzzle"},{"floor":27,"key":"Prayer Wheel"},{"floor":29,"key":"Blood Vial"},{"floor":32,"key":"Dodecahedron"},{"floor":38,"key":"Incense Burner"},{"floor":40,"key":"Lantern"},{"floor":41,"key":"Ancient Tea Set"},{"floor":43,"key":"Art of War"},{"floor":43,"key":"Meat on the Bone"},{"floor":49,"key":"Symbiotic Virus"}],"event_choices":[{"damage_healed":0,"gold_gain":175,"player_choice":"AGREE","damage_taken":0,"max_hp_gain":0,"max_hp_loss":0,"event_name":"Liars Game","floor":3,"gold_loss":0,"cards_obtained":["Doubt"]},{"damage_healed":0,"gold_gain":0,"player_choice":"Stole Relic","damage_taken":0,"relics_obtained":["Matryoshka"],"max_hp_gain":0,"max_hp_loss":0,"event_name":"Addict","floor":24,"gold_loss":0,"cards_obtained":["Shame"]},{"damage_healed":0,"gold_gain":0,"player_choice":"Fight","damage_taken":0,"max_hp_gain":0,"max_hp_loss":0,"event_name":"MindBloom","floor":38,"gold_loss":0},{"damage_healed":0,"gold_gain":0,"player_choice":"Paid","damage_taken":0,"relics_obtained":["Red Mask"],"max_hp_gain":0,"max_hp_loss":0,"event_name":"Tomb of Lord Red Mask","floor":48,"gold_loss":275}],"is_beta":false,"boss_relics":[{"not_picked":["Ectoplasm","Coffee Dripper"],"picked":"Sozu"},{"not_picked":["Pandora\u0027s Box","White Beast Statue"],"picked":"Astrolabe"}],"items_purged_floors":[4],"is_endless":false,"potions_floor_spawned":[1,2,5,13,16,19,31,33,35,38,41,45],"ascension_level":1}