{"gold_per_floor":[365,440,440,459,424,424,459,475,475,475,494,494,268,278,278,377,377,363,43,43,43,56,56,85,85,108,208,208,60,74,91,91,187,187,197,197,197,297,307,307,333,365,388,399,14,14,33,33,33,33],"floor_reached":51,"playtime":3370,"items_purged":["Strike_B","Meteor Strike+1","Zap"],"score":965,"play_id":"908bab00-16af-4403-89b8-7bb6096f85f7","local_time":"20181210191327","is_ascension_mode":true,"campfire_choices":[{"floor":6,"key":"REST"},{"floor":10,"key":"REST"},{"data":"Scrape","floor":12,"key":"SMITH"},{"floor":15,"key":"REST"},{"floor":23,"key":"REST"},{"floor":25,"key":"REST"},{"data":"FTL","floor":28,"key":"SMITH"},{"data":"Self Repair","floor":32,"key":"SMITH"},{"data":"Gash","floor":40,"key":"SMITH"},{"data":"Seek","floor":49,"key":"SMITH"}],"neow_cost":"PERCENT_DAMAGE","seed_source_timestamp":479219472629853,"circlet_count":0,"master_deck":["Defend_B","Defend_B","Defend_B","Dualcast+1","Beam Cell+1","Scrape+1","Glacier","Conserve Battery","Gash+1","Self Repair+1","Genetic Algorithm+1","Streamline+1","FTL+1","FTL+1","Writhe","Conserve Battery+1","Gash+1","Turbo+1","Seek+1"],"relics":["Cracked Core","Du-Vu Doll","Mercury Hourglass","Bag of Preparation","Astrolabe","Vajra","Unceasing Top","Ancient Tea Set","Pen Nib","Nunchaku","Pear","Whetstone","White Beast Statue","Torii","Bag of Marbles","War Paint","Potion Belt","Membership Card","Pantograph"],"potions_floor_usage":[14,16,24,27,33,38,38,42,42,44,47,50],"damage_taken":[{"damage":16,"enemies":"Jaw Worm","floor":1,"turns":5},{"damage":7,"enemies":"Small Slimes","floor":4,"turns":3},{"damage":53,"enemies":"Gremlin Nob","floor":7,"turns":5},{"damage":0,"enemies":"Cultist","floor":8,"turns":3},{"damage":1,"enemies":"Blue Slaver","floor":11,"turns":2},{"damage":1,"enemies":"Looter","floor":14,"turns":3},{"damage":54,"enemies":"Hexaghost","floor":16,"turns":13},{"damage":15,"enemies":"2 Thieves","floor":18,"turns":4},{"damage":1,"enemies":"Chosen","floor":22,"turns":3},{"damage":41,"enemies":"Book of Stabbing","floor":24,"turns":5},{"damage":3,"enemies":"Colosseum Slavers","floor":27,"turns":3},{"damage":56,"enemies":"Colosseum Nobs","floor":27,"turns":5},{"damage":16,"enemies":"Snake Plant","floor":30,"turns":4},{"damage":0,"enemies":"Snecko","floor":31,"turns":4},{"damage":59,"enemies":"Champ","floor":33,"turns":9},{"damage":32,"enemies":"3 Darklings","floor":35,"turns":7},{"damage":0,"enemies":"Mind Bloom Boss Battle","floor":38,"turns":5},{"damage":1,"enemies":"3 Shapes","floor":39,"turns":4},{"damage":25,"enemies":"Reptomancer","floor":42,"turns":5},{"damage":0,"enemies":"Spire Growth","floor":44,"turns":3},{"damage":0,"enemies":"4 Shapes","floor":47,"turns":3},{"damage":128,"enemies":"Time Eater","floor":50,"turns":10}],"seed_played":"6096954915835670864","potions_obtained":[{"floor":11,"key":"Regen Potion"},{"floor":14,"key":"Fruit Juice"},{"floor":22,"key":"SteroidPotion"},{"floor":24,"key":"LiquidBronze"},{"floor":30,"key":"EssenceOfSteel"},{"floor":31,"key":"Explosive Potion"},{"floor":35,"key":"GamblersBrew"},{"floor":38,"key":"Explosive Potion"},{"floor":39,"key":"Strength Potion"},{"floor":42,"key":"Dexterity Potion"},{"floor":44,"key":"SteroidPotion"},{"floor":47,"key":"Strength Potion"}],"is_trial":false,"path_per_floor":["M","?","?","M","?","R","E","M","T","R","M","R","$","M","R","B",null,"M","$","?","?","M","R","E","R","T","?","R","$","M","M","R","B",null,"M","?","?","?","M","R","T","E","T","M","$","?","M","?","R","B",null],"character_chosen":"DEFECT","items_purchased":["Bag of Preparation","FTL","Vajra","Whetstone","Membership Card","Pantograph"],"campfire_rested":5,"item_purchase_floors":[13,19,19,29,45,45],"current_hp_per_floor":[34,23,23,16,34,56,3,3,3,25,24,24,24,28,52,20,65,57,57,42,42,41,66,25,50,50,66,66,66,57,57,57,95,95,73,73,73,73,82,82,82,67,67,67,67,67,77,90,90,35],"gold":33,"neow_bonus":"TWO_FIFTY_GOLD","is_prod":false,"is_daily":false,"chose_seed":false,"campfire_upgraded":5,"win_rate":0,"timestamp":1544465607,"path_taken":["M","?","?","M","?","R","E","M","T","R","M","R","?","?","R","BOSS","M","$","?","?","M","R","E","R","T","?","R","?","M","M","R","BOSS","M","?","?","?","M","R","?","E","T","?","$","?","M","?","R","BOSS"],"build_version":"2018-12-06","purchased_purges":3,"victory":true,"max_hp_per_floor":[75,75,75,75,75,75,75,75,75,75,75,75,75,80,80,80,80,80,80,85,85,85,85,85,85,85,95,95,95,95,95,95,95,95,95,95,95,95,95,95,95,95,95,95,95,90,90,90,90,90],"card_choices":[{"not_picked":["Barrage","Glacier"],"picked":"Beam Cell","floor":1},{"not_picked":["Hello World","Leap"],"picked":"Scrape","floor":4},{"not_picked":["Conserve Battery","Lockon"],"picked":"Glacier","floor":7},{"not_picked":["Creative AI","Turbo"],"picked":"Conserve Battery","floor":8},{"not_picked":["Turbo","Rebound"],"picked":"Gash","floor":11},{"not_picked":["Darkness","Fusion"],"picked":"Self Repair","floor":14},{"not_picked":["Steam","Stack"],"picked":"FTL","floor":18},{"not_picked":["Sweeping Beam+1","Stack+1"],"picked":"Conserve Battery","floor":22},{"not_picked":["Recycle","Melter","Conserve Battery"],"picked":"SKIP","floor":24},{"not_picked":["Thunder Strike","White Noise","Sweeping Beam+1"],"picked":"SKIP","floor":30},{"not_picked":["Beam Cell","Leap"],"picked":"Gash+1","floor":31},{"not_picked":["Skim","Fusion"],"picked":"Turbo+1","floor":35},{"not_picked":["Stack+1","Compile Driver","Steam"],"picked":"SKIP","floor":39},{"not_picked":["Chaos","Cold Snap+1"],"picked":"Seek","floor":42},{"not_picked":["Doom and Gloom","Turbo+1","Redo"],"picked":"SKIP","floor":44},{"not_picked":["Glacier","Sweeping Beam","White Noise"],"picked":"SKIP","floor":47}],"player_experience":402281,"relics_obtained":[{"floor":7,"key":"Du-Vu Doll"},{"floor":9,"key":"Mercury Hourglass"},{"floor":24,"key":"Ancient Tea Set"},{"floor":26,"key":"Pen Nib"},{"floor":27,"key":"Nunchaku"},{"floor":27,"key":"Pear"},{"floor":38,"key":"Torii"},{"floor":41,"key":"Bag of Marbles"},{"floor":42,"key":"War Paint"},{"floor":43,"key":"Potion Belt"}],"event_choices":[{"damage_healed":0,"gold_gain":75,"player_choice":"Gather Gold","damage_taken":11,"max_hp_gain":0,"max_hp_loss":0,"event_name":"World of Goop","floor":2,"gold_loss":0},{"damage_healed":0,"gold_gain":0,"player_choice":"Ignored","damage_taken":0,"max_hp_gain":0,"max_hp_loss":0,"event_name":"Shining Light","floor":3,"gold_loss":0},{"damage_healed":18,"gold_gain":0,"player_choice":"Healed","damage_taken":0,"max_hp_gain":0,"max_hp_loss":0,"event_name":"The Cleric","floor":5,"gold_loss":35},{"damage_healed":0,"gold_gain":0,"player_choice":"Shed Blood","damage_taken":20,"max_hp_gain":5,"max_hp_loss":0,"event_name":"Forgotten Altar","floor":20,"gold_loss":0},{"damage_healed":0,"gold_gain":0,"player_choice":"Opened","damage_taken":0,"relics_obtained":["Unceasing Top"],"max_hp_gain":0,"max_hp_loss":0,"event_name":"The Mausoleum","floor":21,"gold_loss":0,"cards_obtained":["Writhe"]},{"damage_healed":0,"gold_gain":0,"player_choice":"Fight","damage_taken":0,"max_hp_gain":0,"max_hp_loss":0,"event_name":"Colosseum","floor":27,"gold_loss":0},{"damage_healed":0,"gold_gain":0,"player_choice":"Fought Nobs","damage_taken":0,"max_hp_gain":0,"max_hp_loss":0,"event_name":"Colosseum","floor":27,"gold_loss":0},{"damage_healed":0,"gold_gain":0,"player_choice":"Ignored","damage_taken":0,"max_hp_gain":0,"max_hp_loss":0,"event_name":"Tomb of Lord Red Mask","floor":36,"gold_loss":0},{"cards_removed":["Defend_B"],"damage_healed":0,"gold_gain":0,"player_choice":"Removed Skill","damage_taken":0,"max_hp_gain":0,"max_hp_loss":0,"event_name":"Falling","floor":37,"gold_loss":0},{"damage_healed":0,"gold_gain":0,"player_choice":"Fight","damage_taken":0,"max_hp_gain":0,"max_hp_loss":0,"event_name":"MindBloom","floor":38,"gold_loss":0},{"damage_healed":0,"gold_gain":0,"player_choice":"Max HP","damage_taken":0,"max_hp_gain":0,"max_hp_loss":5,"event_name":"Winding Halls","floor":46,"gold_loss":0},{"damage_healed":13,"gold_gain":0,"player_choice":"Full Heal","damage_taken":0,"max_hp_gain":0,"max_hp_loss":0,"event_name":"Wheel of Change","floor":48,"gold_loss":0}],"is_beta":false,"boss_relics":[{"not_picked":["Busted Crown","Coffee Dripper"],"picked":"Astrolabe"},{"not_picked":["Sozu","Fusion Hammer"],"picked":"White Beast Statue"}],"items_purged_floors":[13,19,45],"is_endless":false,"potions_floor_spawned":[11,14,22,24,30,31,35,38,39,42,44,47],"ascension_level":7}