{"gold_per_floor":[17,44,64,79,179,208,220,220,244,208,240,240,260,274,274,274],"floor_reached":16,"playtime":830,"items_purged":[],"score":123,"play_id":"0ca5931f-c9be-41a8-a0ad-20fab01228ac","local_time":"20190318184503","is_ascension_mode":true,"campfire_choices":[{"floor":8,"key":"REST"},{"floor":15,"key":"REST"}],"neow_cost":"NO_GOLD","seed_source_timestamp":32134697199458,"circlet_count":0,"master_deck":["Strike_R","Strike_R","Strike_R","Strike_R","Strike_R","Defend_R","Defend_R","Defend_R","Defend_R","Bash","Body Slam","Flex","Clothesline","Iron Wave","Double Tap","Shrug It Off","Shrug It Off"],"relics":["Burning Blood","Ginger","Art of War","Centennial Puzzle","Bag of Marbles","Sundial"],"potions_floor_usage":[6,11,16],"damage_taken":[{"damage":0,"enemies":"Cultist","floor":1,"turns":4},{"damage":12,"enemies":"Small Slimes","floor":3,"turns":4},{"damage":13,"enemies":"Jaw Worm","floor":4,"turns":4},{"damage":37,"enemies":"3 Sentries","floor":6,"turns":7},{"damage":34,"enemies":"Exordium Wildlife","floor":7,"turns":6},{"damage":19,"enemies":"Lagavulin","floor":11,"turns":6},{"damage":6,"enemies":"Looter","floor":13,"turns":5},{"damage":8,"enemies":"3 Louse","floor":14,"turns":2},{"damage":49,"enemies":"Slime Boss","floor":16,"turns":9}],"seed_played":"3257300893474436468","potions_obtained":[{"floor":3,"key":"AttackPotion"},{"floor":7,"key":"Poison Potion"},{"floor":11,"key":"LiquidBronze"},{"floor":14,"key":"Fire Potion"}],"is_trial":false,"path_per_floor":["M","T","M","M","?","E","M","R","T","?","E","T","M","M","R","B"],"character_chosen":"IRONCLAD","items_purchased":[],"campfire_rested":2,"item_purchase_floors":[],"current_hp_per_floor":[80,80,74,67,67,36,8,32,32,32,19,19,19,17,41,0],"gold":274,"neow_bonus":"ONE_RARE_RELIC","is_prod":false,"is_daily":false,"chose_seed":false,"campfire_upgraded":0,"win_rate":0,"timestamp":1552931103,"path_taken":["M","?","M","M","?","E","?","R","T","?","E","?","?","M","R","BOSS"],"build_version":"2019-01-23","purchased_purges":0,"victory":false,"max_hp_per_floor":[80,80,80,80,80,80,80,80,80,80,80,80,80,80,80,80],"card_choices":[{"not_picked":["Heavy Blade","Clash"],"picked":"Body Slam","floor":1},{"not_picked":["Sentinel","Rupture","Heavy Blade"],"picked":"SKIP","floor":3},{"not_picked":["Rampage","Sword Boomerang"],"picked":"Flex","floor":4},{"not_picked":["Perfected Strike","Infernal Blade"],"picked":"Clothesline","floor":6},{"not_picked":["True Grit","Sword Boomerang"],"picked":"Iron Wave","floor":7},{"not_picked":["Pommel Strike","True Grit"],"picked":"Double Tap","floor":11},{"not_picked":["Thunderclap","Havoc"],"picked":"Shrug It Off","floor":13},{"not_picked":["Pommel Strike","Hemokinesis"],"picked":"Shrug It Off","floor":14}],"player_experience":163673,"relics_obtained":[{"floor":6,"key":"Art of War"},{"floor":9,"key":"Centennial Puzzle"},{"floor":11,"key":"Bag of Marbles"},{"floor":12,"key":"Sundial"}],"event_choices":[{"damage_healed":0,"gold_gain":100,"player_choice":"Pray","damage_taken":0,"max_hp_gain":0,"max_hp_loss":0,"event_name":"Golden Shrine","floor":5,"gold_loss":0},{"damage_healed":0,"gold_gain":0,"player_choice":"Left Gold","damage_taken":0,"max_hp_gain":0,"max_hp_loss":0,"event_name":"World of Goop","floor":10,"gold_loss":36}],"is_beta":false,"boss_relics":[],"items_purged_floors":[],"is_endless":false,"potions_floor_spawned":[3,7,11,14],"killed_by":"Slime Boss","ascension_level":2}