{"gold_per_floor":[117,132,132,151,168,194,194,220,220,220,145,105,30,81,81,81],"floor_reached":16,"playtime":711,"items_purged":["Strike_R"],"score":211,"play_id":"2c839283-e964-49c5-9492-409803241496","local_time":"20190428154308","is_ascension_mode":true,"campfire_choices":[{"data":"Armaments","floor":7,"key":"SMITH"},{"data":"True Grit","floor":10,"key":"SMITH"},{"data":"Body Slam","floor":15,"key":"SMITH"}],"neow_cost":"NONE","seed_source_timestamp":3087997269957247,"circlet_count":0,"master_deck":["AscendersBane","Strike_R","Strike_R","Strike_R","Defend_R","Defend_R","Defend_R","Bash","True Grit+1","Armaments+1","Body Slam+1","Dropkick","Clash+1","Headbutt+1"],"relics":["Burning Blood","Molten Egg 2","Omamori","Question Card","Regal Pillow"],"potions_floor_usage":[6,6,16],"damage_taken":[{"damage":2,"enemies":"Cultist","floor":1,"turns":4},{"damage":7,"enemies":"Small Slimes","floor":2,"turns":6},{"damage":7,"enemies":"Jaw Worm","floor":4,"turns":4},{"damage":19,"enemies":"Exordium Wildlife","floor":5,"turns":4},{"damage":35,"enemies":"Gremlin Nob","floor":6,"turns":6},{"damage":13,"enemies":"Lagavulin","floor":8,"turns":7},{"damage":7,"enemies":"Looter","floor":12,"turns":4},{"damage":27,"enemies":"The Guardian","floor":16,"turns":9}],"seed_played":"-8170930203196025021","potions_obtained":[{"floor":2,"key":"Weak Potion"},{"floor":4,"key":"Block Potion"},{"floor":8,"key":"Strength Potion"}],"is_trial":false,"path_per_floor":["M","M","?","M","M","E","R","E","T","R","?","M","$","T","R","B"],"character_chosen":"IRONCLAD","items_purchased":[],"campfire_rested":0,"item_purchase_floors":[],"current_hp_per_floor":[79,78,78,77,64,35,35,28,28,28,28,27,27,27,27,0],"gold":81,"neow_bonus":"TEN_PERCENT_HP_BONUS","is_prod":false,"is_daily":false,"chose_seed":false,"campfire_upgraded":3,"win_rate":0,"timestamp":1556462588,"path_taken":["M","M","?","M","?","E","R","E","T","R","?","M","?","?","R","BOSS"],"build_version":"2019-01-23","purchased_purges":1,"victory":false,"max_hp_per_floor":[82,82,82,82,82,82,82,82,82,82,82,82,82,82,82,82],"card_choices":[{"not_picked":["Spot Weakness","Clothesline"],"picked":"True Grit","floor":1},{"not_picked":["Rage","Uppercut"],"picked":"Armaments","floor":2},{"not_picked":["Iron Wave","Whirlwind"],"picked":"Body Slam","floor":4},{"not_picked":["Inflame","Clothesline"],"picked":"Dropkick","floor":5},{"not_picked":["Heavy Blade","Warcry"],"picked":"Clash","floor":6},{"not_picked":["True Grit","Iron Wave+1","Seeing Red"],"picked":"SKIP","floor":8},{"not_picked":["Dark Embrace","Evolve","Bloodletting"],"picked":"Headbutt+1","floor":12}],"player_experience":233379,"relics_obtained":[{"floor":6,"key":"Molten Egg 2"},{"floor":8,"key":"Omamori"},{"floor":9,"key":"Question Card"},{"floor":14,"key":"Regal Pillow"}],"event_choices":[{"cards_removed":["Defend_R"],"damage_healed":0,"gold_gain":0,"player_choice":"Purged","damage_taken":0,"max_hp_gain":0,"max_hp_loss":0,"event_name":"Purifier","floor":3,"gold_loss":0},{"cards_removed":["Strike_R"],"damage_healed":0,"gold_gain":0,"player_choice":"Card Removal","damage_taken":0,"max_hp_gain":0,"max_hp_loss":0,"event_name":"The Cleric","floor":11,"gold_loss":75}],"is_beta":false,"boss_relics":[],"items_purged_floors":[13],"is_endless":false,"potions_floor_spawned":[2,4,8],"killed_by":"The Guardian","ascension_level":19}