{"gold_per_floor":[119,25,44,44,54,86,97,22,22,36,56,56,119,172,184,196],"floor_reached":16,"playtime":574,"items_purged":["Strike_R"],"score":168,"play_id":"0b074dff-1f71-45ea-beae-5e2778f7b6ce","local_time":"20190503152645","is_ascension_mode":true,"campfire_choices":[{"data":"Metallicize","floor":12,"key":"SMITH"},{"data":"Dual Wield","floor":15,"key":"SMITH"}],"neow_cost":"NONE","seed_source_timestamp":315022274831900,"circlet_count":0,"master_deck":["AscendersBane","Strike_R","Strike_R","Strike_R","Strike_R","Defend_R","Defend_R","Defend_R","Bash","Uppercut","Shrug It Off","Clothesline","Shrug It Off","Dual Wield+1","Metallicize+1","Metallicize","Flame Barrier","Power Through"],"relics":["Burning Blood","NeowsBlessing","Pantograph","Unceasing Top","FossilizedHelix","MawBank"],"potions_floor_usage":[13,13,13],"damage_taken":[{"damage":0,"enemies":"Cultist","floor":1,"turns":1},{"damage":0,"enemies":"Jaw Worm","floor":3,"turns":1},{"damage":0,"enemies":"2 Louse","floor":5,"turns":1},{"damage":30,"enemies":"Gremlin Nob","floor":6,"turns":5},{"damage":16,"enemies":"Blue Slaver","floor":7,"turns":5},{"damage":10,"enemies":"2 Fungi Beasts","floor":10,"turns":4},{"damage":7,"enemies":"3 Louse","floor":11,"turns":7},{"damage":10,"enemies":"Lagavulin Event","floor":13,"turns":11},{"damage":62,"enemies":"Hexaghost","floor":16,"turns":16}],"seed_played":"-8357566303416224585","potions_obtained":[{"floor":1,"key":"EntropicBrew"},{"floor":3,"key":"Block Potion"}],"is_trial":false,"path_per_floor":["M","$","M","?","M","E","M","$","T","M","M","R","?","T","R","B"],"character_chosen":"IRONCLAD","items_purchased":["Shrug It Off","Clothesline"],"campfire_rested":0,"item_purchase_floors":[2,2],"current_hp_per_floor":[78,78,80,80,80,56,46,46,46,42,41,41,37,37,37,0],"gold":196,"neow_bonus":"THREE_ENEMY_KILL","is_prod":false,"is_daily":false,"chose_seed":false,"campfire_upgraded":2,"win_rate":0,"timestamp":1556890005,"path_taken":["M","$","?","?","M","E","M","?","T","M","M","R","?","?","R","BOSS"],"build_version":"2019-01-23","purchased_purges":1,"victory":false,"max_hp_per_floor":[80,80,80,80,80,80,80,80,80,80,80,80,80,80,80,80],"card_choices":[{"not_picked":["Blood for Blood","Corruption"],"picked":"Uppercut","floor":1},{"not_picked":["Hemokinesis","Flex"],"picked":"Shrug It Off","floor":3},{"not_picked":["Thunderclap","Perfected Strike","Twin Strike"],"picked":"SKIP","floor":5},{"not_picked":["Havoc","Corruption"],"picked":"Dual Wield","floor":6},{"not_picked":["Hemokinesis","Wild Strike"],"picked":"Metallicize","floor":7},{"not_picked":["Shrug It Off","True Grit"],"picked":"Metallicize","floor":10},{"not_picked":["Carnage","Blood for Blood"],"picked":"Flame Barrier","floor":11},{"not_picked":["Clothesline","Rupture"],"picked":"Power Through","floor":13}],"player_experience":1028055,"relics_obtained":[{"floor":6,"key":"Pantograph"},{"floor":9,"key":"Unceasing Top"},{"floor":14,"key":"MawBank"}],"event_choices":[{"cards_removed":["Defend_R"],"damage_healed":0,"gold_gain":0,"player_choice":"Offered Basic","damage_taken":0,"max_hp_gain":0,"max_hp_loss":0,"event_name":"Bonfire Elementals","floor":4,"gold_loss":0},{"damage_healed":0,"gold_gain":0,"player_choice":"Searched \u00273\u0027 times","damage_taken":0,"relics_obtained":["FossilizedHelix"],"max_hp_gain":0,"max_hp_loss":0,"event_name":"Dead Adventurer","floor":13,"gold_loss":0}],"is_beta":false,"boss_relics":[],"items_purged_floors":[8],"is_endless":false,"potions_floor_spawned":[1,3,6],"killed_by":"Hexaghost","ascension_level":13}