{"gold_per_floor":[112,187,187,202,202,232,242,254,278,278,278,179,196,0,0,98,98,111,11,11,111,127,142,142,169,275,275,288,300,310,322,322,420,420,439,493,168,168,180,180,206,206],"floor_reached":42,"playtime":3526,"items_purged":["Strike_R","Strike_R","Defend_R+1"],"score":453,"play_id":"0598c573-d269-4f18-96c7-e102d1630ed6","local_time":"20181009212727","is_ascension_mode":false,"campfire_choices":[{"data":"Limit Break","floor":11,"key":"SMITH"},{"data":"Flex","floor":15,"key":"SMITH"},{"floor":24,"key":"REST"},{"data":"Limit Break","floor":27,"key":"SMITH"},{"floor":32,"key":"REST"},{"floor":40,"key":"REST"}],"neow_cost":"NONE","seed_source_timestamp":1394128195330611,"circlet_count":0,"master_deck":["Defend_R+1","Defend_R+1","Defend_R+1","Bash+1","Spot Weakness+1","Iron Wave","Limit Break+1","Flex+1","Limit Break+1","True Grit+1","Flex+1"],"relics":["Burning Blood","Art of War","Lantern","Matryoshka","Lee\u0027s Waffle","Empty Cage","Mango","Sundial","Bronze Scales","PreservedInsect","Tiny Chest","Mummified Hand","Fusion Hammer","Charon\u0027s Ashes","Medical Kit","Unceasing Top"],"potions_floor_usage":[16,21,21,31,33,33,41,41],"damage_taken":[{"damage":0,"enemies":"Small Slimes","floor":1,"turns":3},{"damage":1,"enemies":"Jaw Worm","floor":4,"turns":5},{"damage":31,"enemies":"Lagavulin","floor":6,"turns":7},{"damage":0,"enemies":"2 Louse","floor":7,"turns":2},{"damage":8,"enemies":"Red Slaver","floor":8,"turns":3},{"damage":18,"enemies":"Large Slime","floor":13,"turns":7},{"damage":45,"enemies":"Slime Boss","floor":16,"turns":8},{"damage":23,"enemies":"Spheric Guardian","floor":18,"turns":5},{"damage":32,"enemies":"Colosseum Slavers","floor":21,"turns":8},{"damage":39,"enemies":"Colosseum Nobs","floor":21,"turns":7},{"damage":0,"enemies":"Chosen","floor":22,"turns":3},{"damage":12,"enemies":"Snecko","floor":23,"turns":8},{"damage":22,"enemies":"Sentry and Sphere","floor":28,"turns":5},{"damage":14,"enemies":"3 Cultists","floor":29,"turns":6},{"damage":17,"enemies":"Shelled Parasite and Fungi","floor":30,"turns":8},{"damage":1,"enemies":"Snake Plant","floor":31,"turns":3},{"damage":36,"enemies":"Automaton","floor":33,"turns":8},{"damage":43,"enemies":"3 Shapes","floor":35,"turns":4},{"damage":21,"enemies":"Mysterious Sphere","floor":36,"turns":5},{"damage":2,"enemies":"Orb Walker","floor":39,"turns":3},{"damage":60,"enemies":"2 Orb Walkers","floor":41,"turns":5},{"damage":42,"enemies":"Spire Growth","floor":42,"turns":3}],"seed_played":"-4538847276381692440","potions_obtained":[{"floor":1,"key":"GamblersBrew"},{"floor":8,"key":"Weak Potion"},{"floor":13,"key":"EssenceOfSteel"},{"floor":18,"key":"Block Potion"},{"floor":21,"key":"Block Potion"},{"floor":28,"key":"Dexterity Potion"},{"floor":33,"key":"BloodPotion"},{"floor":39,"key":"Explosive Potion"},{"floor":41,"key":"SteroidPotion"}],"is_trial":false,"path_per_floor":["M","?","?","M","?","E","M","M","T","T","R","$","M","$","R","B",null,"M","$","?","?","M","M","R","T","T","R","M","M","M","M","R","B",null,"M","?","$","?","M","R","E"],"character_chosen":"IRONCLAD","items_purchased":["Flex","Lee\u0027s Waffle","Medical Kit"],"campfire_rested":3,"item_purchase_floors":[12,14,37],"current_hp_per_floor":[80,69,69,74,67,42,48,46,46,46,46,46,34,87,87,48,87,70,70,70,25,31,25,55,55,55,55,39,31,20,25,55,25,101,64,49,49,88,88,88,42,0],"gold":206,"neow_bonus":"UPGRADE_CARD","is_prod":false,"is_daily":false,"chose_seed":false,"campfire_upgraded":3,"win_rate":0,"timestamp":1539145647,"path_taken":["M","?","?","M","?","E","?","M","T","?","R","$","M","$","R","BOSS","M","$","?","?","?","M","R","?","T","R","M","M","?","M","R","BOSS","M","?","?","?","M","R","E","?"],"build_version":"2018-10-04v2","purchased_purges":3,"victory":false,"max_hp_per_floor":[80,80,80,80,80,80,80,80,80,80,80,80,80,87,87,87,87,87,87,87,101,101,101,101,101,101,101,101,101,101,101,101,101,101,101,101,101,88,88,88,88,88],"card_choices":[{"not_picked":["Headbutt","Armaments"],"picked":"Spot Weakness","floor":1},{"not_picked":["Perfected Strike","Bloodletting"],"picked":"Iron Wave","floor":4},{"not_picked":["Dual Wield","Burning Pact","Wild Strike"],"picked":"SKIP","floor":6},{"not_picked":["Brutality","Body Slam","Cleave"],"picked":"SKIP","floor":7},{"not_picked":["Body Slam","Clash"],"picked":"Limit Break","floor":8},{"not_picked":["Bloodletting","Sword Boomerang","Body Slam"],"picked":"SKIP","floor":13},{"not_picked":["Feed","Bludgeon"],"picked":"Limit Break","floor":16},{"not_picked":["Reckless Charge","True Grit","Combust"],"picked":"SKIP","floor":18},{"not_picked":["Searing Blow+1","Wild Strike","Sword Boomerang"],"picked":"SKIP","floor":22},{"not_picked":["Disarm","Flame Barrier","Pommel Strike"],"picked":"SKIP","floor":23},{"not_picked":["Evolve","Clothesline","Thunderclap+1"],"picked":"SKIP","floor":28},{"not_picked":["Heavy Blade","Cleave","Armaments"],"picked":"SKIP","floor":29},{"not_picked":["Cleave","Rupture","Reckless Charge"],"picked":"SKIP","floor":30},{"not_picked":["Flex","Headbutt"],"picked":"True Grit+1","floor":31},{"not_picked":["Infernal Blade+1","Heavy Blade","Warcry+1"],"picked":"SKIP","floor":35},{"not_picked":["Clothesline","Pummel+1"],"picked":"Flex+1","floor":36},{"not_picked":["Warcry+1","Armaments","Headbutt+1"],"picked":"SKIP","floor":39},{"not_picked":["Disarm","Burning Pact+1","Warcry+1"],"picked":"SKIP","floor":41}],"player_experience":276869,"relics_obtained":[{"floor":6,"key":"Art of War"},{"floor":9,"key":"Lantern"},{"floor":10,"key":"Matryoshka"},{"floor":21,"key":"Mango"},{"floor":21,"key":"Sundial"},{"floor":25,"key":"Bronze Scales"},{"floor":25,"key":"PreservedInsect"},{"floor":26,"key":"Tiny Chest"},{"floor":26,"key":"Mummified Hand"},{"floor":36,"key":"Charon\u0027s Ashes"},{"floor":41,"key":"Unceasing Top"}],"event_choices":[{"event_name":"World of Goop","player_choice":"Gather Gold","floor":2,"damage_taken":0},{"event_name":"Living Wall","player_choice":"Grow","floor":3,"damage_taken":0},{"event_name":"Golden Wing","player_choice":"Card Removal","floor":5,"damage_taken":0},{"event_name":"Back to Basics","player_choice":"Simplicity","floor":20,"damage_taken":0},{"event_name":"Colosseum","player_choice":"Fight","floor":21,"damage_taken":0},{"event_name":"Colosseum","player_choice":"Fought Nobs","floor":21,"damage_taken":0},{"event_name":"Mysterious Sphere","player_choice":"Fight","floor":36,"damage_taken":0},{"event_name":"The Moai Head","player_choice":"Heal","floor":38,"damage_taken":0}],"is_beta":false,"boss_relics":[{"not_picked":["Astrolabe","Pandora\u0027s Box"],"picked":"Empty Cage"},{"not_picked":["Black Blood","Philosopher\u0027s Stone"],"picked":"Fusion Hammer"}],"items_purged_floors":[12,19,37],"is_endless":false,"potions_floor_spawned":[1,8,13,18,21,21,28,33,39,41],"killed_by":"Spire Growth","ascension_level":0}