{"gold_per_floor":[110,32,63,95,107,151,163,185,197,234,260,297,324,336,348,360],"floor_reached":16,"playtime":569,"items_purged":[],"score":207,"play_id":"f3f33f9a-4cf3-475e-b601-cd36eff96211","local_time":"20190409222819","is_ascension_mode":true,"campfire_choices":[{"data":"Fiend Fire","floor":7,"key":"SMITH"},{"floor":15,"key":"REST"}],"neow_cost":"NONE","seed_source_timestamp":131591299363,"circlet_count":0,"master_deck":["AscendersBane","Strike_R","Strike_R","Strike_R","Strike_R","Strike_R","Defend_R","Defend_R","Defend_R","Defend_R","Bash","Cleave","Pommel Strike","Pommel Strike","Fiend Fire+1","True Grit","Pummel","Rampage","Metallicize","Clothesline"],"relics":["Burning Blood","Regal Pillow","MawBank","Pear","Bronze Scales","Toxic Egg 2","Du-Vu Doll"],"potions_floor_usage":[12,12,16],"damage_taken":[{"damage":7,"enemies":"2 Louse","floor":1,"turns":3},{"damage":1,"enemies":"Cultist","floor":3,"turns":4},{"damage":11,"enemies":"Small Slimes","floor":4,"turns":4},{"damage":40,"enemies":"Lagavulin","floor":6,"turns":7},{"damage":7,"enemies":"Exordium Thugs","floor":8,"turns":4},{"damage":8,"enemies":"Gremlin Nob","floor":10,"turns":3},{"damage":6,"enemies":"Blue Slaver","floor":11,"turns":3},{"damage":28,"enemies":"Lagavulin","floor":12,"turns":5},{"damage":11,"enemies":"Looter","floor":13,"turns":1},{"damage":55,"enemies":"The Guardian","floor":16,"turns":9}],"seed_played":"3127790257401293644","potions_obtained":[{"floor":3,"key":"Block Potion"},{"floor":6,"key":"SpeedPotion"},{"floor":11,"key":"Strength Potion"},{"floor":13,"key":"SteroidPotion"}],"is_trial":false,"path_per_floor":["M","?","M","M","$","E","R","M","T","E","M","E","M","$","R","B"],"character_chosen":"IRONCLAD","items_purchased":[],"campfire_rested":1,"item_purchase_floors":[],"current_hp_per_floor":[67,67,72,67,67,43,43,42,42,40,40,18,13,13,53,0],"gold":360,"neow_bonus":"RANDOM_COMMON_RELIC","is_prod":false,"is_daily":false,"chose_seed":false,"campfire_upgraded":1,"win_rate":0,"timestamp":1554874099,"path_taken":["M","?","M","M","$","E","R","M","T","E","M","E","?","$","R","BOSS"],"build_version":"2019-01-23","purchased_purges":0,"victory":false,"max_hp_per_floor":[75,75,75,75,75,85,85,85,85,85,85,85,85,85,85,85],"card_choices":[{"not_picked":["Sword Boomerang","Wild Strike"],"picked":"Cleave","floor":1},{"not_picked":["Sever Soul","Cleave"],"picked":"Pommel Strike","floor":3},{"not_picked":["Warcry","Body Slam"],"picked":"Pommel Strike","floor":4},{"not_picked":["Burning Pact","Clothesline"],"picked":"Fiend Fire","floor":6},{"not_picked":["Warcry","Rampage"],"picked":"True Grit","floor":8},{"not_picked":["Corruption","Evolve"],"picked":"Pummel","floor":10},{"not_picked":["Anger","Perfected Strike"],"picked":"Rampage","floor":11},{"not_picked":["Combust","Headbutt"],"picked":"Metallicize","floor":12},{"not_picked":["Searing Blow","Flex+1"],"picked":"Clothesline","floor":13}],"player_experience":410503,"relics_obtained":[{"floor":6,"key":"Pear"},{"floor":9,"key":"Bronze Scales"},{"floor":10,"key":"Toxic Egg 2"},{"floor":12,"key":"Du-Vu Doll"}],"event_choices":[{"damage_healed":0,"gold_gain":0,"player_choice":"Paid Gold","damage_taken":0,"relics_obtained":["MawBank"],"max_hp_gain":0,"max_hp_loss":0,"event_name":"WeMeetAgain","floor":2,"gold_loss":78}],"is_beta":false,"boss_relics":[],"items_purged_floors":[],"is_endless":false,"potions_floor_spawned":[3,6,11,13],"killed_by":"The Guardian","ascension_level":14}