{"gold_per_floor":[16,34,51,126,32,32,65,65,91,91,121,121,146,217,229,318,330,352,364,81,91,191,191,191],"floor_reached":24,"playtime":940,"items_purged":["Strike_R"],"score":410,"play_id":"581d399b-a645-4c31-9ed0-3984ca2724bf","local_time":"20190429140420","is_ascension_mode":true,"campfire_choices":[{"data":"Whirlwind","floor":6,"key":"SMITH"},{"data":"Shrug It Off","floor":8,"key":"SMITH"},{"data":"Inflame","floor":10,"key":"SMITH"},{"data":"Shrug It Off","floor":15,"key":"SMITH"},{"data":"1","floor":23,"key":"LIFT"}],"neow_cost":"NO_GOLD","seed_source_timestamp":3167425334751437,"circlet_count":0,"master_deck":["AscendersBane","Strike_R","Defend_R","Defend_R","Defend_R","Defend_R","Bash","Metallicize","Headbutt","Whirlwind+1","Shrug It Off+1","Shrug It Off+1","Inflame+1","Thunderclap","Metallicize","Demon Form","Shrug It Off"],"special_seed":0,"relics":["Burning Blood","Centennial Puzzle","Red Skull","Ancient Tea Set","MawBank","Juzu Bracelet","Philosopher\u0027s Stone","MutagenicStrength","Lantern","Girya","Kunai"],"potions_floor_usage":[7,13,16,24],"damage_taken":[{"damage":4.0,"enemies":"Jaw Worm","floor":1.0,"turns":6.0},{"damage":7.0,"enemies":"2 Louse","floor":2.0,"turns":2.0},{"damage":0.0,"enemies":"Small Slimes","floor":3.0,"turns":5.0},{"damage":32,"enemies":"Gremlin Nob","floor":7,"turns":4},{"damage":3,"enemies":"Lagavulin","floor":11,"turns":10},{"damage":5,"enemies":"Gremlin Nob","floor":13,"turns":3},{"damage":12,"enemies":"3 Sentries","floor":14,"turns":3},{"damage":3,"enemies":"The Guardian","floor":16,"turns":14},{"damage":19,"enemies":"Shell Parasite","floor":18,"turns":4},{"damage":18,"enemies":"Chosen","floor":21,"turns":4},{"damage":0,"enemies":"Colosseum Slavers","floor":22,"turns":1},{"damage":17,"enemies":"Colosseum Nobs","floor":22,"turns":3},{"damage":36,"enemies":"Book of Stabbing","floor":24,"turns":4}],"seed_played":"8497872716563228417","potions_obtained":[{"floor":1.0,"key":"PowerPotion"},{"floor":3.0,"key":"Block Potion"},{"floor":7,"key":"GamblersBrew"},{"floor":11,"key":"Swift Potion"},{"floor":13,"key":"Explosive Potion"}],"is_trial":false,"path_per_floor":["M","M","M","?","$","R","E","R","T","R","E","?","E","?","R","B",null,"M","?","$","M","?","R","E"],"character_chosen":"IRONCLAD","items_purchased":["Inflame","Thunderclap","Lantern","Shrug It Off"],"campfire_rested":0,"item_purchase_floors":[5,5,20,20],"current_hp_per_floor":[70,69,75,64,64,64,38,38,38,38,41,34,35,29,29,32,64,51,51,51,39,34,34,0],"gold":191,"neow_bonus":"TRANSFORM_TWO_CARDS","is_prod":false,"is_daily":false,"chose_seed":false,"campfire_upgraded":4,"win_rate":0,"timestamp":1556543060,"path_taken":["M","M","M","?","$","R","E","R","T","R","E","?","E","?","R","BOSS","M","?","$","M","?","R","E"],"build_version":"2019-01-23","purchased_purges":1,"victory":false,"max_hp_per_floor":[75,75,75,75,75,75,75,75,75,75,75,75,75,75,75,75,75,75,75,75,75,75,75,75],"card_choices":[{"not_picked":["Fire Breathing","Intimidate"],"picked":"Whirlwind","floor":1.0},{"not_picked":["Infernal Blade","Flame Barrier"],"picked":"Shrug It Off","floor":2.0},{"not_picked":["Heavy Blade","Twin Strike"],"picked":"Shrug It Off","floor":3.0},{"not_picked":["Clothesline","Uppercut"],"picked":"Metallicize","floor":7},{"not_picked":["Sentinel","Bludgeon","Twin Strike"],"picked":"SKIP","floor":11},{"not_picked":["Sentinel","Bludgeon","Twin Strike"],"picked":"SKIP","floor":11},{"not_picked":["Warcry","Carnage","Anger"],"picked":"SKIP","floor":13},{"not_picked":["Impervious","Bludgeon"],"picked":"Demon Form","floor":16},{"not_picked":["Clash","Dual Wield","Twin Strike"],"picked":"SKIP","floor":18},{"not_picked":["Body Slam","Sword Boomerang","Metallicize"],"picked":"SKIP","floor":21}],"player_experience":247786,"relics_obtained":[{"floor":7,"key":"Centennial Puzzle"},{"floor":9,"key":"Red Skull"},{"floor":11,"key":"Ancient Tea Set"},{"floor":13,"key":"MawBank"},{"floor":14,"key":"Juzu Bracelet"},{"floor":22,"key":"Girya"},{"floor":22,"key":"Kunai"}],"event_choices":[{"damage_healed":0,"gold_gain":75,"player_choice":"Gather Gold","damage_taken":11,"max_hp_gain":0,"max_hp_loss":0,"event_name":"World of Goop","floor":4,"gold_loss":0},{"cards_removed":["Strike_R"],"damage_healed":0,"gold_gain":0,"player_choice":"Card Removal","damage_taken":7,"max_hp_gain":0,"max_hp_loss":0,"event_name":"Golden Wing","floor":12,"gold_loss":0},{"damage_healed":0,"gold_gain":0,"player_choice":"Searched \u00271\u0027 times","damage_taken":0,"max_hp_gain":0,"max_hp_loss":0,"event_name":"Dead Adventurer","floor":14,"gold_loss":0},{"damage_healed":0,"gold_gain":0,"player_choice":"Inject Mutagens","damage_taken":0,"relics_obtained":["MutagenicStrength"],"max_hp_gain":0,"max_hp_loss":0,"event_name":"Drug Dealer","floor":19,"gold_loss":0},{"damage_healed":0,"gold_gain":0,"player_choice":"Fight","damage_taken":0,"max_hp_gain":0,"max_hp_loss":0,"event_name":"Colosseum","floor":22,"gold_loss":0},{"damage_healed":0,"gold_gain":0,"player_choice":"Fought Nobs","damage_taken":0,"max_hp_gain":0,"max_hp_loss":0,"event_name":"Colosseum","floor":22,"gold_loss":0}],"is_beta":false,"boss_relics":[{"not_picked":["White Beast Statue","Lizard Tail"],"picked":"Philosopher\u0027s Stone"}],"items_purged_floors":[20],"is_endless":false,"potions_floor_spawned":[1,3,7,11,13,22],"killed_by":"Book of Stabbing","ascension_level":19}