{"gold_per_floor":[110,110,110,31,43,75,89,89,137,137,164,181,197,232,232,332,332,344,259,259,273,41,41],"floor_reached":23,"playtime":765,"items_purged":[],"score":316,"play_id":"2fef851d-0426-45eb-b7f0-20d365997e65","local_time":"20190402140323","is_ascension_mode":true,"campfire_choices":[{"data":"Perfected Strike","floor":8,"key":"SMITH"},{"data":"Inflame","floor":10,"key":"SMITH"},{"data":"Spot Weakness","floor":15,"key":"SMITH"}],"neow_cost":"NONE","seed_source_timestamp":242120950410310,"circlet_count":0,"master_deck":["Strike_R","Strike_R","Strike_R","Strike_R","Strike_R","Defend_R","Defend_R","Defend_R","Defend_R","Bash+1","Headbutt","Inflame+1","Perfected Strike+1","Impervious","Spot Weakness+1","Limit Break","Twin Strike+1","Armaments"],"relics":["Burning Blood","NeowsBlessing","Ornamental Fan","Omamori","Paper Frog","Art of War","Runic Pyramid","Pear","MutagenicStrength","OrangePellets"],"potions_floor_usage":[12,16,16,23],"damage_taken":[{"damage":0,"enemies":"Cultist","floor":1,"turns":1},{"damage":0,"enemies":"Jaw Worm","floor":5,"turns":1},{"damage":0,"enemies":"Lagavulin","floor":6,"turns":1},{"damage":5,"enemies":"Small Slimes","floor":7,"turns":4},{"damage":50,"enemies":"3 Sentries","floor":11,"turns":8},{"damage":3,"enemies":"3 Louse","floor":12,"turns":3},{"damage":14,"enemies":"Exordium Wildlife","floor":13,"turns":4},{"damage":20,"enemies":"Lagavulin","floor":14,"turns":4},{"damage":16,"enemies":"Hexaghost","floor":16,"turns":8},{"damage":1,"enemies":"Spheric Guardian","floor":18,"turns":4},{"damage":36,"enemies":"2 Thieves","floor":21,"turns":5},{"damage":50,"enemies":"Slavers","floor":23,"turns":4}],"seed_played":"-1572672260483324399","potions_obtained":[{"floor":1,"key":"Energy Potion"},{"floor":5,"key":"FearPotion"},{"floor":14,"key":"GamblersBrew"},{"floor":21,"key":"AttackPotion"}],"is_trial":false,"path_per_floor":["M","T","?","$","M","E","M","R","T","R","E","M","M","E","R","B",null,"M","?","?","M","$","E"],"character_chosen":"IRONCLAD","items_purchased":["Inflame","OrangePellets","Armaments"],"campfire_rested":0,"item_purchase_floors":[4,22,22],"current_hp_per_floor":[78,78,78,78,80,80,80,80,80,80,36,39,31,17,17,7,62,67,77,77,47,47,0],"gold":41,"neow_bonus":"THREE_ENEMY_KILL","is_prod":false,"is_daily":false,"chose_seed":false,"campfire_upgraded":3,"win_rate":0,"timestamp":1554239003,"path_taken":["M","?","?","$","?","E","M","R","T","R","E","M","M","E","R","BOSS","M","?","?","M","$","E"],"build_version":"2019-01-23","purchased_purges":0,"victory":false,"max_hp_per_floor":[80,80,80,80,80,80,80,80,80,80,80,80,80,80,80,80,80,80,90,90,90,90,90],"card_choices":[{"not_picked":["Fire Breathing","Havoc"],"picked":"Headbutt","floor":1},{"not_picked":["Flex","Warcry"],"picked":"Perfected Strike","floor":5},{"not_picked":["Entrench","Sever Soul","Havoc"],"picked":"SKIP","floor":6},{"not_picked":["Rupture","Bloodletting","Flex"],"picked":"SKIP","floor":7},{"not_picked":["True Grit","Body Slam"],"picked":"Impervious","floor":11},{"not_picked":["Combust","Twin Strike"],"picked":"Spot Weakness","floor":12},{"not_picked":["Fire Breathing","Wild Strike","Cleave"],"picked":"SKIP","floor":13},{"not_picked":["True Grit","Exhume","Hemokinesis"],"picked":"SKIP","floor":14},{"not_picked":["Bludgeon","Fiend Fire"],"picked":"Limit Break","floor":16},{"not_picked":["Havoc","Twin Strike","Blood for Blood"],"picked":"SKIP","floor":18},{"not_picked":["Hemokinesis","Anger"],"picked":"Twin Strike+1","floor":21}],"player_experience":130849,"relics_obtained":[{"floor":6,"key":"Ornamental Fan"},{"floor":9,"key":"Omamori"},{"floor":11,"key":"Paper Frog"},{"floor":14,"key":"Art of War"}],"event_choices":[{"damage_healed":0,"gold_gain":0,"player_choice":"Forge","damage_taken":0,"max_hp_gain":0,"max_hp_loss":0,"event_name":"Accursed Blacksmith","floor":3,"gold_loss":0,"cards_upgraded":["Bash"]},{"damage_healed":0,"gold_gain":0,"player_choice":"Obtained Relic","damage_taken":0,"relics_obtained":["Pear"],"max_hp_gain":0,"max_hp_loss":0,"event_name":"Addict","floor":19,"gold_loss":85},{"damage_healed":0,"gold_gain":0,"player_choice":"Inject Mutagens","damage_taken":0,"relics_obtained":["MutagenicStrength"],"max_hp_gain":0,"max_hp_loss":0,"event_name":"Drug Dealer","floor":20,"gold_loss":0}],"is_beta":false,"boss_relics":[{"not_picked":["Lizard Tail","Busted Crown"],"picked":"Runic Pyramid"}],"items_purged_floors":[],"is_endless":false,"potions_floor_spawned":[1,5,14,21],"killed_by":"Slavers","ascension_level":7}