{"gold_per_floor":[109,129,146,221,235,235,265,278,278,278,278,228,263,8,20,131,143,175,112,39,51,77,89,6,6,6,24,35,35,134,146,146,146],"floor_reached":33,"playtime":1561,"items_purged":["Strike_B","Strike_B","Defend_B"],"score":344,"play_id":"1ddfd7ee-f329-4274-aa25-ce8c85ada447","local_time":"20181204195049","is_ascension_mode":true,"campfire_choices":[{"floor":6,"key":"REST"},{"floor":10,"key":"REST"},{"floor":15,"key":"REST"},{"floor":23,"key":"REST"},{"floor":29,"key":"REST"},{"floor":32,"key":"REST"}],"neow_cost":"NONE","seed_source_timestamp":217248332166688,"circlet_count":0,"master_deck":["Strike_B","Strike_B","Defend_B","Defend_B","Zap","Dualcast","Gash","Go for the Eyes","Darkness","Self Repair","Scrape","Go for the Eyes","Seek","Beam Cell","Necronomicurse","Gash+1","Conserve Battery+1"],"relics":["Cracked Core","Smiling Mask","Meat on the Bone","Symbiotic Virus","MawBank","Eternal Feather","Mercury Hourglass","Necronomicon","Bronze Scales"],"potions_floor_usage":[2,3,5,13,27,31,33],"damage_taken":[{"damage":8,"enemies":"Jaw Worm","floor":1,"turns":4},{"damage":0,"enemies":"2 Louse","floor":2,"turns":1},{"damage":1,"enemies":"Small Slimes","floor":3,"turns":2},{"damage":1,"enemies":"2 Fungi Beasts","floor":5,"turns":3},{"damage":34,"enemies":"Gremlin Nob","floor":7,"turns":5},{"damage":7,"enemies":"Blue Slaver","floor":8,"turns":4},{"damage":35,"enemies":"3 Sentries","floor":13,"turns":6},{"damage":33,"enemies":"The Guardian","floor":16,"turns":9},{"damage":23,"enemies":"3 Byrds","floor":18,"turns":5},{"damage":35,"enemies":"2 Thieves","floor":22,"turns":4},{"damage":30,"enemies":"Snake Plant","floor":27,"turns":4},{"damage":22,"enemies":"Cultist and Chosen","floor":28,"turns":5},{"damage":48,"enemies":"Shelled Parasite and Fungi","floor":31,"turns":5},{"damage":88,"enemies":"Champ","floor":33,"turns":9}],"seed_played":"-5140662618856974354","potions_obtained":[{"floor":0,"key":"Explosive Potion"},{"floor":0,"key":"Energy Potion"},{"floor":0,"key":"Fire Potion"},{"floor":2,"key":"Fire Potion"},{"floor":8,"key":"Explosive Potion"},{"floor":22,"key":"Block Potion"},{"floor":31,"key":"LiquidBronze"}],"is_trial":false,"path_per_floor":["M","M","M","?","M","R","E","M","T","R","?","$","E","$","R","B",null,"M","?","?","?","M","R","$","?","T","M","M","R","?","M","R","B"],"character_chosen":"DEFECT","items_purchased":["Go for the Eyes","MawBank","Beam Cell"],"campfire_rested":6,"item_purchase_floors":[14,14,24],"current_hp_per_floor":[60,60,59,48,47,69,35,35,35,57,57,57,41,41,63,49,69,53,53,53,39,23,53,53,37,37,26,23,56,56,27,60,0],"gold":146,"neow_bonus":"THREE_SMALL_POTIONS","is_prod":false,"is_daily":false,"chose_seed":false,"campfire_upgraded":0,"win_rate":0,"timestamp":1543949449,"path_taken":["M","M","M","?","M","R","E","M","T","R","?","$","E","$","R","BOSS","M","?","?","?","M","R","$","?","T","M","M","R","?","?","R","BOSS"],"build_version":"2018-11-15","purchased_purges":3,"victory":false,"max_hp_per_floor":[75,75,75,75,75,75,75,75,75,75,75,75,75,75,75,75,75,75,75,75,80,80,80,80,80,80,80,80,80,80,80,80,80],"card_choices":[{"not_picked":["Steam","Go for the Eyes"],"picked":"Gash","floor":1},{"not_picked":["Beam Cell","Glacier"],"picked":"Go for the Eyes","floor":2},{"not_picked":["Leap","Ball Lightning"],"picked":"Darkness","floor":3},{"not_picked":["Static Discharge","Barrage","Ball Lightning"],"picked":"SKIP","floor":5},{"not_picked":["Hologram","White Noise"],"picked":"Self Repair","floor":7},{"not_picked":["Melter","Compile Driver","Capacitor"],"picked":"SKIP","floor":8},{"not_picked":["Consume","Recycle"],"picked":"Scrape","floor":13},{"not_picked":["Meteor Strike","Fission"],"picked":"Seek","floor":16},{"not_picked":["Ball Lightning","Rebound","Steam+1"],"picked":"SKIP","floor":18},{"not_picked":["Compile Driver","Redo","Chaos"],"picked":"SKIP","floor":22},{"not_picked":["Compile Driver","Rebound","Core Surge"],"picked":"SKIP","floor":27},{"not_picked":["Compile Driver","Hologram"],"picked":"Gash+1","floor":28},{"not_picked":["Doom and Gloom","Redo"],"picked":"Conserve Battery+1","floor":31}],"player_experience":342997,"relics_obtained":[{"floor":7,"key":"Smiling Mask"},{"floor":9,"key":"Meat on the Bone"},{"floor":13,"key":"Symbiotic Virus"},{"floor":25,"key":"Necronomicon"},{"floor":26,"key":"Bronze Scales"}],"event_choices":[{"damage_healed":0,"gold_gain":75,"player_choice":"Gather Gold","damage_taken":11,"max_hp_gain":0,"max_hp_loss":0,"event_name":"World of Goop","floor":4,"gold_loss":0},{"damage_healed":0,"gold_gain":0,"player_choice":"Ignored","damage_taken":0,"max_hp_gain":0,"max_hp_loss":0,"event_name":"Liars Game","floor":11,"gold_loss":0},{"cards_removed":["Defend_B"],"damage_healed":0,"gold_gain":0,"player_choice":"Gave Gold","damage_taken":0,"max_hp_gain":0,"max_hp_loss":0,"event_name":"Beggar","floor":19,"gold_loss":75},{"damage_healed":0,"gold_gain":0,"player_choice":"Obtained Relic","damage_taken":0,"relics_obtained":["Mercury Hourglass"],"max_hp_gain":0,"max_hp_loss":0,"event_name":"Addict","floor":20,"gold_loss":85},{"damage_healed":0,"gold_gain":0,"player_choice":"Shed Blood","damage_taken":19,"max_hp_gain":5,"max_hp_loss":0,"event_name":"Forgotten Altar","floor":21,"gold_loss":0},{"damage_healed":0,"gold_gain":0,"player_choice":"Obtained Book","damage_taken":16,"max_hp_gain":0,"max_hp_loss":0,"event_name":"Cursed Tome","floor":25,"gold_loss":0},{"damage_healed":0,"gold_gain":99,"player_choice":"Stole From Cult","damage_taken":0,"max_hp_gain":0,"max_hp_loss":0,"event_name":"Nest","floor":30,"gold_loss":0}],"is_beta":false,"boss_relics":[{"not_picked":["Astrolabe","Inserter"],"picked":"Eternal Feather"}],"items_purged_floors":[12,14,24],"is_endless":false,"potions_floor_spawned":[2,8,22,31],"killed_by":"Champ","ascension_level":7}