{"gold_per_floor":[119,135,146,161,177,212,212,242,242,242,273,249,267,277,277,277],"floor_reached":16,"playtime":805,"items_purged":[],"score":211,"play_id":"32884133-ce49-4ae9-9f72-39750d0e9782","local_time":"20190429163625","is_ascension_mode":true,"campfire_choices":[{"data":"Go for the Eyes","floor":7,"key":"SMITH"},{"floor":10,"key":"REST"},{"data":"Coolheaded","floor":15,"key":"SMITH"}],"neow_cost":"NONE","seed_source_timestamp":1401427215787371,"circlet_count":0,"master_deck":["AscendersBane","Strike_B","Strike_B","Strike_B","Defend_B+1","Defend_B","Defend_B+1","Zap","Dualcast","Gash","Coolheaded+1","Go for the Eyes+1","Coolheaded","FTL"],"relics":["Empty Cage","Symbiotic Virus","Oddly Smooth Stone","Matryoshka","War Paint"],"potions_floor_usage":[6,14,16],"damage_taken":[{"damage":1,"enemies":"Cultist","floor":1,"turns":4},{"damage":8,"enemies":"Jaw Worm","floor":2,"turns":4},{"damage":0,"enemies":"Small Slimes","floor":3,"turns":5},{"damage":6,"enemies":"Exordium Wildlife","floor":4,"turns":5},{"damage":8,"enemies":"Looter","floor":5,"turns":4},{"damage":13,"enemies":"Lagavulin","floor":6,"turns":10},{"damage":27,"enemies":"Gremlin Nob","floor":8,"turns":5},{"damage":13,"enemies":"Lagavulin","floor":11,"turns":9},{"damage":0,"enemies":"Red Slaver","floor":13,"turns":4},{"damage":0,"enemies":"Exordium Thugs","floor":14,"turns":4},{"damage":19,"enemies":"Slime Boss","floor":16,"turns":3}],"seed_played":"2224887156141897814","potions_obtained":[{"floor":2,"key":"Weak Potion"},{"floor":3,"key":"EssenceOfSteel"},{"floor":13,"key":"SteroidPotion"},{"floor":14,"key":"Energy Potion"}],"is_trial":false,"path_per_floor":["M","M","M","M","M","E","R","E","T","R","E","?","M","M","R","B"],"character_chosen":"DEFECT","items_purchased":[],"campfire_rested":1,"item_purchase_floors":[],"current_hp_per_floor":[63,55,55,49,41,28,28,1,1,22,9,9,9,9,9,0],"gold":277,"neow_bonus":"BOSS_RELIC","is_prod":false,"is_daily":false,"chose_seed":false,"campfire_upgraded":2,"win_rate":0,"timestamp":1556580985,"path_taken":["M","M","M","M","?","E","R","E","T","R","E","?","M","M","R","BOSS"],"build_version":"2019-01-23","purchased_purges":0,"victory":false,"max_hp_per_floor":[71,71,71,71,71,71,71,71,71,71,71,71,71,71,71,71],"card_choices":[{"not_picked":["Fusion","Hello World"],"picked":"Gash","floor":1},{"not_picked":["Turbo","Hologram"],"picked":"Coolheaded","floor":2},{"not_picked":["Heatsinks","Redo","Sweeping Beam"],"picked":"SKIP","floor":3},{"not_picked":["Darkness","Skim"],"picked":"Go for the Eyes","floor":4},{"not_picked":["Compile Driver","Rebound","Reinforced Body"],"picked":"SKIP","floor":5},{"not_picked":["BootSequence","Scrape"],"picked":"Coolheaded","floor":6},{"not_picked":["Lockon","Barrage","Cold Snap"],"picked":"SKIP","floor":8},{"not_picked":["Consume","Creative AI"],"picked":"FTL","floor":11},{"not_picked":["Stack","Skim","Sweeping Beam"],"picked":"SKIP","floor":13},{"not_picked":["Stack","Redo","Ball Lightning"],"picked":"SKIP","floor":14}],"player_experience":354274,"relics_obtained":[{"floor":6,"key":"Symbiotic Virus"},{"floor":8,"key":"Oddly Smooth Stone"},{"floor":9,"key":"Matryoshka"},{"floor":11,"key":"War Paint"}],"event_choices":[{"damage_healed":0,"gold_gain":0,"player_choice":"Left Gold","damage_taken":0,"max_hp_gain":0,"max_hp_loss":0,"event_name":"World of Goop","floor":12,"gold_loss":24}],"is_beta":false,"boss_relics":[],"items_purged_floors":[],"is_endless":false,"potions_floor_spawned":[2,3,13,14],"killed_by":"Slime Boss","ascension_level":14}