{"gold_per_floor":[115,115,115,61,78,78,110,110,110,126,201,376,394,428,428,531,531,550,550,640,651,651,651,48,48,78,78,90,106,121,121,121,219,219,234,334,334,345,122,148,160,160,160,180,180,180,195,210,210,210],"floor_reached":50,"playtime":3840,"items_purged":["Strike_R","Doubt"],"score":706,"play_id":"b0f63ac6-d41a-456e-b9bb-762af81f8ec1","local_time":"20190318114305","is_ascension_mode":true,"campfire_choices":[{"data":"Perfected Strike","floor":6,"key":"SMITH"},{"data":"Bash","floor":8,"key":"SMITH"},{"data":"Immolate","floor":15,"key":"SMITH"},{"data":"Barricade","floor":23,"key":"SMITH"},{"data":"Reaper","floor":25,"key":"SMITH"},{"data":"Perfected Strike","floor":27,"key":"SMITH"},{"floor":32,"key":"REST"},{"data":"Demon Form","floor":42,"key":"SMITH"},{"data":"Perfected Strike","floor":45,"key":"SMITH"},{"floor":49,"key":"REST"}],"neow_cost":"NONE","seed_source_timestamp":408964770727274,"circlet_count":0,"master_deck":["Strike_R","Strike_R","Strike_R","Defend_R","Defend_R","Defend_R","Defend_R","Bash+1","Perfected Strike+1","Armaments+1","Flame Barrier+1","Metallicize","Immolate+1","Barricade+1","Perfected Strike+1","Perfected Strike+1","Juggernaut","True Grit+1","Armaments+1","Corruption","Reaper+1","Iron Wave+1","Iron Wave","Combust+1","Demon Form+1","Rupture+1","Perfected Strike+1","Perfected Strike","Ghostly Armor+1","Pommel Strike+1","Inflame+1","Pommel Strike+1","Feel No Pain","Headbutt+1","Twin Strike+1"],"relics":["Burning Blood","NeowsBlessing","Toxic Egg 2","Centennial Puzzle","Meat on the Bone","Juzu Bracelet","Bronze Scales","Velvet Choker","Mummified Hand","Tiny Chest","Nunchaku","Cursed Key","Champion Belt","Pen Nib"],"potions_floor_usage":[13,13,14,21,33,40,40,40,47,48],"damage_taken":[{"damage":0,"enemies":"Cultist","floor":1,"turns":1},{"damage":0,"enemies":"Small Slimes","floor":5,"turns":1},{"damage":0,"enemies":"Gremlin Nob","floor":7,"turns":1},{"damage":0,"enemies":"Jaw Worm","floor":10,"turns":6},{"damage":33,"enemies":"Gremlin Gang","floor":13,"turns":5},{"damage":17,"enemies":"3 Sentries","floor":14,"turns":10},{"damage":39,"enemies":"Hexaghost","floor":16,"turns":11},{"damage":12,"enemies":"Shell Parasite","floor":18,"turns":7},{"damage":12,"enemies":"Colosseum Slavers","floor":19,"turns":4},{"damage":5,"enemies":"2 Thieves","floor":21,"turns":4},{"damage":6,"enemies":"Sentry and Sphere","floor":28,"turns":3},{"damage":12,"enemies":"Cultist and Chosen","floor":29,"turns":4},{"damage":4,"enemies":"Centurion and Healer","floor":30,"turns":5},{"damage":44,"enemies":"Collector","floor":33,"turns":12},{"damage":34,"enemies":"3 Darklings","floor":35,"turns":6},{"damage":9,"enemies":"Mind Bloom Boss Battle","floor":36,"turns":7},{"damage":12,"enemies":"Orb Walker","floor":38,"turns":2},{"damage":38,"enemies":"Nemesis","floor":40,"turns":9},{"damage":23,"enemies":"4 Shapes","floor":41,"turns":7},{"damage":0,"enemies":"Maw","floor":44,"turns":6},{"damage":0,"enemies":"Sphere and 2 Shapes","floor":47,"turns":5},{"damage":28,"enemies":"3 Darklings","floor":48,"turns":4},{"damage":86,"enemies":"Awakened One","floor":50,"turns":6}],"seed_played":"-8848282901496964500","potions_obtained":[{"floor":5,"key":"BloodPotion"},{"floor":7,"key":"Block Potion"},{"floor":13,"key":"SkillPotion"},{"floor":16,"key":"SpeedPotion"},{"floor":30,"key":"Ancient Potion"},{"floor":33,"key":"SkillPotion"},{"floor":35,"key":"Regen Potion"},{"floor":38,"key":"Swift Potion"},{"floor":41,"key":"SkillPotion"},{"floor":44,"key":"LiquidBronze"}],"is_trial":false,"path_per_floor":["T","?","?","?","?","?","?","$","T","?","?","?"],"character_chosen":"IRONCLAD","items_purchased":["Armaments+1","Mummified Hand","True Grit+1","Armaments+1","Corruption","Reaper","Ghostly Armor+1","Pommel Strike"],"campfire_rested":2,"item_purchase_floors":[4,24,24,24,24,24,39,39],"current_hp_per_floor":[80,80,77,77,80,80,80,80,80,80,72,72,53,54,54,33,68,62,56,40,53,53,53,53,53,53,53,53,50,57,57,80,52,73,57,59,59,53,53,49,52,52,52,58,58,58,64,54,78,0],"gold":210,"neow_bonus":"THREE_ENEMY_KILL","is_prod":false,"is_daily":false,"chose_seed":false,"campfire_upgraded":8,"win_rate":0,"timestamp":1552930985,"path_taken":["M","?","?","$","M","R","E","R","T","M","?","?","M","E","R","BOSS","M","?","?","M","?","R","?","R","T","R","M","M","M","?","R","BOSS","M","?","?","M","$","E","M","R","T","M","R","?","M","M","R","BOSS"],"build_version":"2019-01-23","purchased_purges":2,"victory":false,"max_hp_per_floor":[80,80,80,80,80,80,80,80,80,80,80,80,80,80,80,80,80,80,80,80,80,80,80,80,80,80,80,80,80,80,80,80,80,80,80,80,80,80,80,80,80,80,80,80,80,80,80,80,80,80],"card_choices":[{"not_picked":["Clash","Rampage"],"picked":"Perfected Strike","floor":1},{"not_picked":["Shockwave+1","Battle Trance+1"],"picked":"Flame Barrier+1","floor":5},{"not_picked":["Flex+1","Clothesline"],"picked":"Rage+1","floor":7},{"not_picked":["Cleave","Body Slam","Flex+1"],"picked":"SKIP","floor":10},{"not_picked":["Rage+1","Warcry+1"],"picked":"Metallicize","floor":13},{"not_picked":["Spot Weakness+1","Armaments+1"],"picked":"Immolate","floor":14},{"not_picked":["Bludgeon","Dark Embrace"],"picked":"Barricade","floor":16},{"not_picked":["Infernal Blade+1","Warcry+1"],"picked":"Perfected Strike","floor":18},{"not_picked":["Ghostly Armor+1","Shrug It Off+1"],"picked":"Perfected Strike+1","floor":21},{"not_picked":["Searing Blow","Havoc+1"],"picked":"Iron Wave+1","floor":28},{"not_picked":["Cleave+1","Flex+1"],"picked":"Iron Wave","floor":29},{"not_picked":["Clothesline","Pommel Strike"],"picked":"Combust+1","floor":30},{"not_picked":["Dark Embrace","Bludgeon"],"picked":"Demon Form","floor":33},{"not_picked":["Clothesline+1","Armaments+1"],"picked":"Rupture+1","floor":35},{"not_picked":["Seeing Red+1","Thunderclap+1"],"picked":"Perfected Strike","floor":36},{"not_picked":["Inflame+1","Sword Boomerang+1"],"picked":"Perfected Strike","floor":38},{"not_picked":["Bloodletting+1","Dual Wield+1"],"picked":"Inflame+1","floor":40},{"not_picked":["Dual Wield+1","Havoc+1"],"picked":"Pommel Strike+1","floor":41},{"not_picked":["Flex+1","Power Through+1"],"picked":"Feel No Pain","floor":44},{"not_picked":["Clothesline","Havoc+1"],"picked":"Headbutt+1","floor":47},{"not_picked":["Headbutt+1","Pommel Strike+1"],"picked":"Twin Strike+1","floor":48}],"player_experience":301944,"relics_obtained":[{"floor":2,"key":"Toxic Egg 2"},{"floor":7,"key":"Meat on the Bone"},{"floor":9,"key":"Juzu Bracelet"},{"floor":14,"key":"Bronze Scales"},{"floor":26,"key":"Tiny Chest"},{"floor":31,"key":"Nunchaku"},{"floor":36,"key":"Champion Belt"},{"floor":40,"key":"Pen Nib"}],"event_choices":[{"damage_healed":0,"gold_gain":0,"player_choice":"Success","damage_taken":3,"relics_obtained":["Centennial Puzzle"],"max_hp_gain":0,"max_hp_loss":0,"event_name":"Scrap Ooze","floor":3,"gold_loss":0},{"damage_healed":0,"gold_gain":75,"player_choice":"Touch","damage_taken":8,"max_hp_gain":0,"max_hp_loss":0,"event_name":"FaceTrader","floor":11,"gold_loss":0},{"damage_healed":0,"gold_gain":175,"player_choice":"AGREE","damage_taken":0,"max_hp_gain":0,"max_hp_loss":0,"event_name":"Liars Game","floor":12,"gold_loss":0,"cards_obtained":["Doubt"]},{"damage_healed":0,"gold_gain":0,"player_choice":"Fight","damage_taken":0,"max_hp_gain":0,"max_hp_loss":0,"event_name":"Colosseum","floor":19,"gold_loss":0},{"damage_healed":0,"gold_gain":0,"player_choice":"Fled From Nobs","damage_taken":0,"max_hp_gain":0,"max_hp_loss":0,"event_name":"Colosseum","floor":19,"gold_loss":0},{"damage_healed":0,"gold_gain":90,"player_choice":"GOLD ","damage_taken":16,"max_hp_gain":0,"max_hp_loss":0,"event_name":"Knowing Skull","floor":20,"potions_obtained":[],"gold_loss":0,"cards_obtained":[]},{"damage_healed":0,"gold_gain":0,"cards_transformed":["Strike_R"],"player_choice":"Transformed","damage_taken":0,"max_hp_gain":0,"max_hp_loss":0,"event_name":"Transmorgrifier","floor":22,"gold_loss":0,"cards_obtained":["Juggernaut"]},{"damage_healed":0,"gold_gain":0,"player_choice":"Fight","damage_taken":0,"max_hp_gain":0,"max_hp_loss":0,"event_name":"MindBloom","floor":36,"gold_loss":0},{"cards_removed":["Rage"],"damage_healed":0,"gold_gain":0,"player_choice":"Removed Skill","damage_taken":0,"max_hp_gain":0,"max_hp_loss":0,"event_name":"Falling","floor":37,"gold_loss":0},{"damage_healed":0,"gold_gain":0,"player_choice":"Upgraded","damage_taken":0,"max_hp_gain":0,"max_hp_loss":0,"event_name":"Upgrade Shrine","floor":46,"gold_loss":0,"cards_upgraded":["Pommel Strike"]}],"is_beta":false,"boss_relics":[{"not_picked":["Runic Dome","Runic Pyramid"],"picked":"Velvet Choker"},{"not_picked":["Snecko Eye","Tiny House"],"picked":"Cursed Key"}],"items_purged_floors":[24,39],"is_endless":false,"potions_floor_spawned":[5,7,13,16,19,30,33,35,38,41,44],"killed_by":"Awakened One","ascension_level":5}