{"gold_per_floor":[114,114,39,54,71,71,103,115,115,150,150,181,28,40,40,116,116,130,148,198,210,235,266,266,266,266,282,315,331,360,360,360,360],"floor_reached":33,"playtime":1611,"items_purged":["Strike_R"],"score":648,"play_id":"a1bde56f-7c77-44cd-95bc-480bf4b9efb2","local_time":"20190501225311","is_ascension_mode":true,"campfire_choices":[{"data":"Bash","floor":6,"key":"SMITH"},{"floor":11,"key":"REST"},{"data":"Uppercut","floor":15,"key":"SMITH"},{"floor":24,"key":"REST"},{"data":"Corruption","floor":32,"key":"SMITH"}],"neow_cost":"NONE","seed_source_timestamp":60520584240445,"circlet_count":0,"master_deck":["AscendersBane","Defend_R","Defend_R","Defend_R","Defend_R","Bash+1","Uppercut+1","Battle Trance","Disarm","Twin Strike+1","Iron Wave+1","Fiend Fire+1","Battle Trance+1","Corruption+1","Shrug It Off+1","Immolate+1","Impervious+1","Offering+1","True Grit+1","Metallicize+1","Armaments+1","Feed+1","Sentinel+1","Feel No Pain","Disarm+1","Decay"],"relics":["Burning Blood","Molten Egg 2","Letter Opener","Toxic Egg 2","Bottled Flame","Astrolabe","Art of War","FossilizedHelix","Blue Candle","Kunai","Gremlin Horn"],"potions_floor_usage":[7,12,16,30,33,33],"damage_taken":[{"damage":10,"enemies":"2 Louse","floor":1,"turns":3},{"damage":4,"enemies":"Small Slimes","floor":4,"turns":3},{"damage":6,"enemies":"Jaw Worm","floor":5,"turns":4},{"damage":45,"enemies":"Lagavulin","floor":7,"turns":6},{"damage":21,"enemies":"Large Slime","floor":8,"turns":4},{"damage":16,"enemies":"Gremlin Nob","floor":10,"turns":4},{"damage":15,"enemies":"3 Sentries","floor":12,"turns":5},{"damage":8,"enemies":"Exordium Thugs","floor":14,"turns":4},{"damage":8,"enemies":"The Guardian","floor":16,"turns":11},{"damage":9,"enemies":"3 Byrds","floor":18,"turns":4},{"damage":9,"enemies":"Chosen","floor":19,"turns":4},{"damage":10,"enemies":"Centurion and Healer","floor":21,"turns":10},{"damage":32,"enemies":"Book of Stabbing","floor":23,"turns":5},{"damage":0,"enemies":"Snecko","floor":27,"turns":3},{"damage":16,"enemies":"Gremlin Leader","floor":28,"turns":5},{"damage":22,"enemies":"Snake Plant","floor":29,"turns":4},{"damage":0,"enemies":"Book of Stabbing","floor":30,"turns":2},{"damage":56,"enemies":"Automaton","floor":33,"turns":6}],"seed_played":"-6029807901138353943","potions_obtained":[{"floor":5,"key":"Regen Potion"},{"floor":10,"key":"SteroidPotion"},{"floor":12,"key":"Fire Potion"},{"floor":19,"key":"Poison Potion"},{"floor":23,"key":"SpeedPotion"},{"floor":27,"key":"Strength Potion"},{"floor":30,"key":"Explosive Potion"}],"is_trial":false,"path_per_floor":["M","?","?","M","M","R","E","M","T","E","R","E","$","M","R","B",null,"M","M","?","M","T","E","R","?","T","M","E","M","E","?","R","B"],"character_chosen":"IRONCLAD","items_purchased":["Corruption"],"campfire_rested":2,"item_purchase_floors":[13],"current_hp_per_floor":[71,71,71,73,73,73,49,34,34,24,48,39,39,37,37,35,70,67,64,64,60,60,34,58,58,58,64,54,42,48,48,48,0],"gold":360,"neow_bonus":"TEN_PERCENT_HP_BONUS","is_prod":false,"is_daily":false,"chose_seed":false,"campfire_upgraded":3,"win_rate":0,"timestamp":1556776391,"path_taken":["M","?","?","M","M","R","E","M","T","E","R","E","?","M","R","BOSS","M","M","?","M","?","E","R","?","T","M","E","M","E","?","R","BOSS"],"build_version":"2019-01-23","purchased_purges":1,"victory":false,"max_hp_per_floor":[82,82,82,82,82,82,82,82,82,82,82,82,82,82,82,82,82,82,82,82,82,82,82,82,82,82,82,82,86,86,86,86,86],"card_choices":[{"not_picked":["Havoc","Reckless Charge"],"picked":"Uppercut","floor":1},{"not_picked":["Body Slam","Anger"],"picked":"Battle Trance","floor":4},{"not_picked":["Flex","Thunderclap"],"picked":"Disarm","floor":5},{"not_picked":["True Grit","Rupture"],"picked":"Twin Strike","floor":7},{"not_picked":["Twin Strike+1","Dual Wield"],"picked":"Iron Wave+1","floor":8},{"not_picked":["True Grit","Sword Boomerang+1"],"picked":"Fiend Fire+1","floor":10},{"not_picked":["Iron Wave+1","Havoc+1"],"picked":"Battle Trance+1","floor":12},{"not_picked":["True Grit+1","Cleave+1"],"picked":"Shrug It Off+1","floor":14},{"not_picked":["Berserk","Fiend Fire+1"],"picked":"Immolate+1","floor":16},{"not_picked":["Sword Boomerang+1","Power Through+1"],"picked":"Metallicize+1","floor":18},{"not_picked":["Sentinel+1","Sword Boomerang+1"],"picked":"Armaments+1","floor":19},{"not_picked":["Flex+1","Searing Blow+1","Dual Wield+1"],"picked":"SKIP","floor":21},{"not_picked":["Perfected Strike+1","Iron Wave+1"],"picked":"Feed+1","floor":23},{"not_picked":["Rampage+1","Searing Blow+1","Headbutt+1"],"picked":"SKIP","floor":27},{"not_picked":["Clothesline+1","Power Through+1"],"picked":"Sentinel+1","floor":28},{"not_picked":["Warcry+1","Disarm+1"],"picked":"Feel No Pain","floor":29},{"not_picked":["True Grit+1","Combust"],"picked":"Disarm+1","floor":30}],"player_experience":527396,"relics_obtained":[{"floor":7,"key":"Molten Egg 2"},{"floor":9,"key":"Letter Opener"},{"floor":10,"key":"Toxic Egg 2"},{"floor":12,"key":"Bottled Flame"},{"floor":22,"key":"Art of War"},{"floor":23,"key":"FossilizedHelix"},{"floor":26,"key":"Blue Candle"},{"floor":28,"key":"Kunai"},{"floor":30,"key":"Gremlin Horn"}],"event_choices":[{"damage_healed":0,"gold_gain":0,"player_choice":"Ignored","damage_taken":0,"max_hp_gain":0,"max_hp_loss":0,"event_name":"Liars Game","floor":2,"gold_loss":0},{"cards_removed":["Strike_R"],"damage_healed":0,"gold_gain":0,"player_choice":"Card Removal","damage_taken":0,"max_hp_gain":0,"max_hp_loss":0,"event_name":"The Cleric","floor":3,"gold_loss":75},{"damage_healed":0,"gold_gain":50,"player_choice":"Stole From Cult","damage_taken":0,"max_hp_gain":0,"max_hp_loss":0,"event_name":"Nest","floor":20,"gold_loss":0},{"damage_healed":0,"gold_gain":0,"player_choice":"Ignored","damage_taken":0,"max_hp_gain":0,"max_hp_loss":0,"event_name":"The Mausoleum","floor":25,"gold_loss":0},{"damage_healed":0,"gold_gain":0,"player_choice":"Smashed Altar","damage_taken":0,"max_hp_gain":0,"max_hp_loss":0,"event_name":"Forgotten Altar","floor":31,"gold_loss":0,"cards_obtained":["Decay"]}],"is_beta":false,"boss_relics":[{"not_picked":["Ectoplasm","Runic Dome"],"picked":"Astrolabe"}],"items_purged_floors":[13],"is_endless":false,"potions_floor_spawned":[5,10,12,19,23,27,28,30],"killed_by":"Automaton","ascension_level":17}