{"gold_per_floor":[111,123,141,141,154,154,254,278,278,322,347,347],"floor_reached":12,"playtime":505,"items_purged":[],"score":82,"play_id":"e286b892-3ebc-40af-a7bb-e867ee4ebfa0","local_time":"20190204153023","is_ascension_mode":false,"campfire_choices":[{"data":"Dualcast","floor":6,"key":"SMITH"}],"neow_cost":"NONE","seed_source_timestamp":2228919786392352,"circlet_count":0,"master_deck":["Strike_B","Strike_B","Strike_B","Strike_B","Defend_B","Defend_B","Defend_B","Defend_B","Zap","Dualcast+1","Capacitor","Conserve Battery","Conserve Battery","Sweeping Beam","Reboot","Chill"],"relics":["Cracked Core","Juzu Bracelet","Golden Idol","Sundial","Oddly Smooth Stone"],"potions_floor_usage":[],"damage_taken":[{"damage":0,"enemies":"2 Louse","floor":1,"turns":3},{"damage":3,"enemies":"Cultist","floor":2,"turns":5},{"damage":4,"enemies":"Jaw Worm","floor":3,"turns":4},{"damage":0,"enemies":"Exordium Thugs","floor":5,"turns":4},{"damage":24,"enemies":"Large Slime","floor":8,"turns":6},{"damage":21,"enemies":"Lagavulin","floor":10,"turns":9},{"damage":0,"enemies":"2 Fungi Beasts","floor":11,"turns":4},{"damage":5,"enemies":"Exordium Wildlife","floor":12,"turns":1}],"seed_played":"3638070841020377287","potions_obtained":[{"floor":1,"key":"SteroidPotion"},{"floor":2,"key":"Block Potion"},{"floor":11,"key":"Poison Potion"}],"is_trial":false,"path_per_floor":["M","M","M","?","M","R","?","M","T","E","M","M"],"character_chosen":"DEFECT","items_purchased":[],"campfire_rested":0,"item_purchase_floors":[],"current_hp_per_floor":[75,72,68,50,50,50,50,26,26,5,5,0],"gold":347,"neow_bonus":"RANDOM_COMMON_RELIC","is_prod":false,"is_daily":false,"chose_seed":false,"campfire_upgraded":1,"win_rate":0,"timestamp":1549323023,"path_taken":["M","M","M","?","M","R","?","M","T","E","M","M"],"build_version":"2019-01-23","purchased_purges":0,"victory":false,"max_hp_per_floor":[75,75,75,75,75,75,75,75,75,75,75,75],"card_choices":[{"not_picked":["Darkness","Auto Shields"],"picked":"Capacitor","floor":1},{"not_picked":["Rebound","White Noise"],"picked":"Conserve Battery","floor":2},{"not_picked":["Go for the Eyes","Storm"],"picked":"Conserve Battery","floor":3},{"not_picked":["Go for the Eyes","Barrage"],"picked":"Sweeping Beam","floor":5},{"not_picked":["Force Field","Blizzard","Turbo"],"picked":"SKIP","floor":8},{"not_picked":["FTL","Rip and Tear"],"picked":"Reboot","floor":10},{"not_picked":["Reprogram","Leap"],"picked":"Chill","floor":11}],"player_experience":407870,"relics_obtained":[{"floor":9,"key":"Sundial"},{"floor":10,"key":"Oddly Smooth Stone"}],"event_choices":[{"damage_healed":0,"gold_gain":0,"player_choice":"Take Damage","damage_taken":18,"relics_obtained":["Golden Idol"],"max_hp_gain":0,"max_hp_loss":0,"event_name":"Golden Idol","floor":4,"gold_loss":0},{"damage_healed":0,"gold_gain":100,"player_choice":"Pray","damage_taken":0,"max_hp_gain":0,"max_hp_loss":0,"event_name":"Golden Shrine","floor":7,"gold_loss":0}],"is_beta":false,"boss_relics":[],"items_purged_floors":[],"is_endless":false,"potions_floor_spawned":[1,2,11],"killed_by":"Exordium Wildlife","ascension_level":0}