{"gold_per_floor":[115,128,146,158,158,192,192,205,229,229,229,179,206,226,226,321,321,335,335,335,434,203,233,233,247,247,3,19,34,46,79,79,184,184,203,216,140,31,44,44,73,0,24,70,82,108,133,164,176,188],"floor_reached":51,"playtime":2227,"items_purged":["Regret","Injury"],"score":1158,"play_id":"cb816825-e1b4-4dd3-b0a0-2cfe500dfc02","local_time":"20190402162933","is_ascension_mode":true,"campfire_choices":[{"floor":7,"key":"REST"},{"floor":10,"key":"REST"},{"floor":15,"key":"REST"},{"floor":24,"key":"REST"},{"data":"Evolve","floor":32,"key":"SMITH"},{"floor":40,"key":"REST"},{"floor":49,"key":"REST"}],"neow_cost":"NONE","seed_source_timestamp":40363721148961,"circlet_count":0,"master_deck":["Bash","Cleave","Inflame","Wild Strike","Carnage","Armaments","Pummel+1","Uppercut","Havoc","Fiend Fire","Parasite","Bite","Bite","Bite","Bite","Bite","Necronomicurse","Havoc","Intimidate","Anger","Impervious","True Grit","Pummel+1","Carnage+1","Whirlwind+1","Evolve+1","Bludgeon+1","Battle Trance","Sword Boomerang+1","Carnage+1","Flex","Shrug It Off","Disarm+1","Infernal Blade","Uppercut+1","Parasite","Pummel+1","Corruption","Sentinel+1","Warcry+1","Reaper+1"],"relics":["Burning Blood","Ancient Tea Set","Oddly Smooth Stone","Pen Nib","Calling Bell","Dead Branch","Singing Bowl","Regal Pillow","Necronomicon","Potion Belt","Molten Egg 2","Strawberry","Centennial Puzzle","Pandora\u0027s Box","Darkstone Periapt","Shuriken","Red Mask","MawBank","Anchor"],"potions_floor_usage":[6,14,16,23,23,33,33,33,33,33,41],"damage_taken":[{"damage":1,"enemies":"Cultist","floor":1,"turns":4},{"damage":0,"enemies":"Small Slimes","floor":2,"turns":2},{"damage":9,"enemies":"Jaw Worm","floor":3,"turns":3},{"damage":27,"enemies":"3 Louse","floor":4,"turns":4},{"damage":32,"enemies":"Gremlin Nob","floor":6,"turns":4},{"damage":11,"enemies":"Looter","floor":8,"turns":3},{"damage":25,"enemies":"Lagavulin","floor":13,"turns":5},{"damage":6,"enemies":"2 Fungi Beasts","floor":14,"turns":3},{"damage":24,"enemies":"Slime Boss","floor":16,"turns":8},{"damage":11,"enemies":"Chosen","floor":18,"turns":3},{"damage":44,"enemies":"Gremlin Leader","floor":23,"turns":5},{"damage":22,"enemies":"3 Byrds","floor":25,"turns":6},{"damage":6,"enemies":"Cultist and Chosen","floor":28,"turns":3},{"damage":23,"enemies":"Centurion and Healer","floor":29,"turns":6},{"damage":2,"enemies":"Snecko","floor":30,"turns":3},{"damage":22,"enemies":"Slavers","floor":31,"turns":5},{"damage":31,"enemies":"Automaton","floor":33,"turns":6},{"damage":4,"enemies":"Orb Walker","floor":35,"turns":2},{"damage":25,"enemies":"3 Shapes","floor":36,"turns":4},{"damage":15,"enemies":"Writhing Mass","floor":39,"turns":4},{"damage":15,"enemies":"Reptomancer","floor":41,"turns":2},{"damage":18,"enemies":"Giant Head","floor":44,"turns":5},{"damage":0,"enemies":"Transient","floor":46,"turns":5},{"damage":26,"enemies":"3 Darklings","floor":47,"turns":3},{"damage":38,"enemies":"Writhing Mass","floor":48,"turns":4},{"damage":1,"enemies":"Time Eater","floor":50,"turns":4}],"seed_played":"7674256066548586027","potions_obtained":[{"floor":3,"key":"Weak Potion"},{"floor":4,"key":"AttackPotion"},{"floor":6,"key":"Block Potion"},{"floor":13,"key":"Swift Potion"},{"floor":14,"key":"Strength Potion"},{"floor":16,"key":"AttackPotion"},{"floor":25,"key":"Energy Potion"},{"floor":29,"key":"BloodPotion"},{"floor":30,"key":"Dexterity Potion"},{"floor":31,"key":"EssenceOfSteel"},{"floor":35,"key":"FearPotion"},{"floor":36,"key":"Dexterity Potion"},{"floor":47,"key":"PowerPotion"}],"is_trial":false,"path_per_floor":["M","M","M","M","?","E","R","M","T","R","?","?","E","M","R","B",null,"M","?","?","?","$","E","R","M","T","$","M","M","M","E","R","B",null,"M","M","?","$","M","R","E","?","T","E","?","M","M","M","R","B",null],"character_chosen":"IRONCLAD","items_purchased":["Havoc","Intimidate","Anger","Strawberry","Infernal Blade","Uppercut+1"],"campfire_rested":6,"item_purchase_floors":[22,22,22,27,38,38],"current_hp_per_floor":[77,80,77,56,49,23,47,42,42,66,50,50,31,31,55,37,69,66,57,41,41,41,13,45,45,45,52,52,45,51,45,45,35,57,61,42,42,42,39,70,63,63,63,57,57,63,47,19,55,60],"gold":200,"neow_bonus":"TRANSFORM_CARD","is_prod":false,"is_daily":false,"chose_seed":false,"campfire_upgraded":1,"win_rate":0,"timestamp":1554247773,"path_taken":["M","?","M","M","?","E","R","M","T","R","?","?","E","M","R","BOSS","M","?","?","?","$","E","R","M","T","$","M","M","M","E","R","BOSS","M","M","?","?","?","R","E","?","T","E","?","M","M","M","R","BOSS"],"build_version":"2019-01-23","purchased_purges":2,"victory":true,"max_hp_per_floor":[80,80,80,80,80,80,80,80,80,80,80,80,80,80,80,80,80,82,57,57,57,57,57,57,57,57,64,64,64,64,64,64,64,64,64,64,64,64,70,70,70,70,70,70,70,70,70,72,72,72],"card_choices":[{"not_picked":["Iron Wave","Dual Wield"],"picked":"Inflame","floor":1},{"not_picked":["Rupture","Combust"],"picked":"Wild Strike","floor":2},{"not_picked":["Corruption","Warcry"],"picked":"Carnage","floor":3},{"not_picked":["Body Slam","Second Wind"],"picked":"Armaments","floor":4},{"not_picked":["Intimidate","Wild Strike"],"picked":"Perfected Strike","floor":6},{"not_picked":["Pommel Strike","Armaments"],"picked":"Pummel","floor":8},{"not_picked":["Havoc","Sentinel"],"picked":"Uppercut","floor":13},{"not_picked":["Bloodletting","Intimidate"],"picked":"Havoc","floor":14},{"not_picked":["Bludgeon","Juggernaut"],"picked":"Fiend Fire","floor":16},{"not_picked":["Flex","Heavy Blade","Cleave"],"picked":"Singing Bowl","floor":18},{"not_picked":["Fire Breathing","Dropkick+1"],"picked":"Impervious","floor":23},{"not_picked":["Pommel Strike","Power Through"],"picked":"True Grit","floor":25},{"not_picked":["Sever Soul+1","Warcry"],"picked":"Pummel+1","floor":28},{"not_picked":["Armaments+1","Dual Wield+1"],"picked":"Carnage+1","floor":29},{"not_picked":["Pommel Strike+1","Bloodletting"],"picked":"Whirlwind+1","floor":30},{"not_picked":["Thunderclap+1","Combust"],"picked":"Evolve","floor":31},{"not_picked":["Offering","Juggernaut"],"picked":"Bludgeon+1","floor":33},{"not_picked":["Anger+1","Twin Strike+1"],"picked":"Shrug It Off","floor":35},{"not_picked":["Carnage+1","Body Slam+1"],"picked":"Disarm+1","floor":36},{"not_picked":["Wild Strike+1","Twin Strike+1"],"picked":"Pummel+1","floor":39},{"not_picked":["Headbutt+1","Pommel Strike+1"],"picked":"Corruption","floor":41},{"not_picked":["Power Through","Rupture+1"],"picked":"Sentinel+1","floor":44},{"not_picked":["Perfected Strike+1","Wild Strike+1"],"picked":"Warcry+1","floor":46},{"not_picked":["Shrug It Off","Warcry+1"],"picked":"Reaper+1","floor":47},{"not_picked":["Body Slam+1","Flex+1","Clothesline+1"],"picked":"Singing Bowl","floor":48}],"player_experience":356733,"relics_obtained":[{"floor":6,"key":"Ancient Tea Set"},{"floor":9,"key":"Oddly Smooth Stone"},{"floor":13,"key":"Pen Nib"},{"floor":17,"key":"Dead Branch"},{"floor":17,"key":"Singing Bowl"},{"floor":17,"key":"Regal Pillow"},{"floor":20,"key":"Necronomicon"},{"floor":23,"key":"Potion Belt"},{"floor":26,"key":"Molten Egg 2"},{"floor":31,"key":"Centennial Puzzle"},{"floor":41,"key":"Shuriken"},{"floor":43,"key":"MawBank"},{"floor":44,"key":"Anchor"}],"event_choices":[{"cards_removed":["Strike_R"],"damage_healed":0,"gold_gain":0,"player_choice":"Card Removal","damage_taken":7,"max_hp_gain":0,"max_hp_loss":0,"event_name":"Golden Wing","floor":5,"gold_loss":0},{"damage_healed":0,"gold_gain":0,"player_choice":"Entered Light","damage_taken":16,"max_hp_gain":0,"max_hp_loss":0,"event_name":"Shining Light","floor":11,"gold_loss":0,"cards_upgraded":["Defend_R","Pummel"]},{"cards_removed":["Perfected Strike"],"damage_healed":0,"gold_gain":0,"player_choice":"Card Removal","damage_taken":0,"max_hp_gain":0,"max_hp_loss":0,"event_name":"The Cleric","floor":12,"gold_loss":50},{"damage_healed":0,"gold_gain":0,"player_choice":"Became a vampire","damage_taken":0,"max_hp_gain":0,"max_hp_loss":25,"event_name":"Vampires","floor":19,"gold_loss":0,"cards_obtained":["Bite","Bite","Bite","Bite","Bite"]},{"damage_healed":0,"gold_gain":0,"player_choice":"Obtained Book","damage_taken":16,"max_hp_gain":0,"max_hp_loss":0,"event_name":"Cursed Tome","floor":20,"gold_loss":0},{"damage_healed":0,"gold_gain":99,"player_choice":"Stole From Cult","damage_taken":0,"max_hp_gain":0,"max_hp_loss":0,"event_name":"Nest","floor":21,"gold_loss":0},{"damage_healed":0,"gold_gain":0,"player_choice":"Paid Gold","damage_taken":0,"relics_obtained":["Darkstone Periapt"],"max_hp_gain":0,"max_hp_loss":0,"event_name":"WeMeetAgain","floor":37,"gold_loss":76},{"damage_healed":0,"gold_gain":0,"player_choice":"Paid","damage_taken":0,"relics_obtained":["Red Mask"],"max_hp_gain":0,"max_hp_loss":0,"event_name":"Tomb of Lord Red Mask","floor":42,"gold_loss":73},{"damage_healed":0,"gold_gain":0,"player_choice":"Ignored","damage_taken":0,"max_hp_gain":0,"max_hp_loss":0,"event_name":"Mysterious Sphere","floor":45,"gold_loss":0}],"is_beta":false,"boss_relics":[{"not_picked":["Tiny House","Empty Cage"],"picked":"Calling Bell"},{"not_picked":["Coffee Dripper","Philosopher\u0027s Stone"],"picked":"Pandora\u0027s Box"}],"items_purged_floors":[22,27],"is_endless":false,"potions_floor_spawned":[3,4,6,13,14,16,25,29,30,31,35,36,47],"ascension_level":7}