{"gold_per_floor":[116,129,129,54,67,67,67,85,85,62,94,108,127,161,161,262,312,331,344,344,362,362,362,391,404,404,431,431],"floor_reached":28,"playtime":2325,"items_purged":[],"score":389,"play_id":"8596b07f-97f0-4722-95de-3c8b18c8a94e","local_time":"20190310210529","is_ascension_mode":true,"campfire_choices":[{"data":"Shrug It Off","floor":6,"key":"SMITH"},{"data":"Whirlwind","floor":15,"key":"SMITH"},{"data":"Double Tap","floor":23,"key":"SMITH"}],"neow_cost":"PERCENT_DAMAGE","seed_source_timestamp":0,"circlet_count":0,"master_deck":["Strike_R","Strike_R","Strike_R","Strike_R","Strike_R","Defend_R","Defend_R","Bash","Evolve","Pommel Strike","Pommel Strike+1","Shrug It Off+1","Ghostly Armor","Spot Weakness","Iron Wave","Twin Strike","Immolate","Warcry","Disarm","Clash","Whirlwind+1","Shrug It Off","Flame Barrier","Double Tap+1","Inflame","Headbutt","Burning Pact","Thunderclap","Reaper","Twin Strike","Whirlwind+1","Warcry","Battle Trance"],"special_seed":0,"relics":["Burning Blood","Prayer Wheel","Bottled Flame","Pocketwatch","Dream Catcher","Tiny House","Pantograph","PreservedInsect"],"potions_floor_usage":[14,21,21],"damage_taken":[{"damage":5,"enemies":"2 Louse","floor":1,"turns":4},{"damage":1,"enemies":"Cultist","floor":2,"turns":3},{"damage":1,"enemies":"Jaw Worm","floor":5,"turns":3},{"damage":0,"enemies":"Looter","floor":8,"turns":3},{"damage":10,"enemies":"Gremlin Nob","floor":11,"turns":4},{"damage":8,"enemies":"Blue Slaver","floor":12,"turns":3},{"damage":0,"enemies":"Lots of Slimes","floor":13,"turns":1},{"damage":9,"enemies":"3 Sentries","floor":14,"turns":3},{"damage":46,"enemies":"Slime Boss","floor":16,"turns":9},{"damage":26,"enemies":"Chosen","floor":18,"turns":5},{"damage":14,"enemies":"Shell Parasite","floor":19,"turns":6},{"damage":16,"enemies":"Centurion and Healer","floor":21,"turns":5},{"damage":38,"enemies":"Gremlin Leader","floor":24,"turns":7},{"damage":10,"enemies":"Cultist and Chosen","floor":25,"turns":4},{"damage":57,"enemies":"Slavers","floor":27,"turns":6}],"seed_played":"3606360815686736220","potions_obtained":[{"floor":2,"key":"SpeedPotion"},{"floor":8,"key":"Strength Potion"},{"floor":11,"key":"GamblersBrew"},{"floor":16,"key":"Block Potion"},{"floor":17,"key":"Weak Potion"},{"floor":18,"key":"SteroidPotion"}],"is_trial":false,"path_per_floor":["M","M","?","$","M","R","?","M","T","$","E","M","M","E","R","B",null,"M","M","?","M","?","R","E","M","T","E","?"],"character_chosen":"IRONCLAD","items_purchased":["Ghostly Armor","Warcry"],"campfire_rested":0,"item_purchase_floors":[4,10],"current_hp_per_floor":[57,62,62,62,67,67,60,66,66,66,62,60,66,63,63,23,85,65,57,57,47,75,75,52,48,48,9,0],"gold":431,"neow_bonus":"ONE_RARE_RELIC","is_prod":false,"is_daily":false,"chose_seed":false,"campfire_upgraded":3,"win_rate":0,"timestamp":1552219529,"path_taken":["M","M","?","$","?","R","?","M","T","$","E","M","M","E","R","BOSS","M","M","?","M","?","R","E","M","T","E","?"],"build_version":"2019-01-23","purchased_purges":0,"victory":false,"max_hp_per_floor":[80,80,80,80,80,80,80,80,80,80,80,80,80,80,80,80,85,85,85,85,85,85,85,85,85,85,85,85],"card_choices":[{"not_picked":["Heavy Blade","Carnage"],"picked":"Evolve","floor":1},{"not_picked":["Iron Wave","Cleave"],"picked":"Pommel Strike","floor":1},{"not_picked":["Iron Wave","Evolve"],"picked":"Pommel Strike","floor":2},{"not_picked":["Shockwave","Flex"],"picked":"Shrug It Off","floor":2},{"not_picked":["Sword Boomerang","Combust"],"picked":"Spot Weakness","floor":5},{"not_picked":["Body Slam","Rampage"],"picked":"Iron Wave","floor":5},{"not_picked":["Iron Wave","Cleave"],"picked":"Twin Strike","floor":8},{"not_picked":["Flame Barrier","Cleave"],"picked":"Immolate","floor":8},{"not_picked":["Wild Strike","Berserk"],"picked":"Disarm","floor":11},{"not_picked":["Heavy Blade","Shrug It Off"],"picked":"Clash","floor":12},{"not_picked":["Seeing Red","Pummel","Shockwave"],"picked":"SKIP","floor":12},{"not_picked":["Headbutt","Heavy Blade"],"picked":"Whirlwind","floor":13},{"not_picked":["Infernal Blade","Rampage"],"picked":"Shrug It Off","floor":13},{"not_picked":["Cleave","Combust"],"picked":"Flame Barrier","floor":14},{"not_picked":["Impervious","Dark Embrace"],"picked":"Double Tap","floor":16},{"not_picked":["Body Slam","Twin Strike"],"picked":"Inflame","floor":17},{"not_picked":["Spot Weakness+1","Rage"],"picked":"Headbutt","floor":18},{"not_picked":["Flame Barrier","Body Slam","Fire Breathing"],"picked":"SKIP","floor":18},{"not_picked":["Body Slam","Pummel"],"picked":"Burning Pact","floor":19},{"not_picked":["Intimidate","Wild Strike"],"picked":"Thunderclap","floor":19},{"not_picked":["Inflame","Warcry"],"picked":"Reaper","floor":21},{"not_picked":["Pommel Strike","Evolve"],"picked":"Twin Strike","floor":21},{"not_picked":["Pommel Strike","Shrug It Off"],"picked":"Whirlwind+1","floor":24},{"not_picked":["Cleave+1","Corruption+1"],"picked":"Warcry","floor":25},{"not_picked":["Reckless Charge","Bloodletting","Armaments+1"],"picked":"SKIP","floor":25},{"not_picked":["Cleave","Entrench+1"],"picked":"Battle Trance","floor":27}],"player_experience":69177,"relics_obtained":[{"floor":9,"key":"Bottled Flame"},{"floor":11,"key":"Pocketwatch"},{"floor":14,"key":"Dream Catcher"},{"floor":24,"key":"Pantograph"},{"floor":27,"key":"PreservedInsect"}],"event_choices":[{"cards_removed":["Defend_R"],"damage_healed":0,"gold_gain":0,"player_choice":"Purged","damage_taken":0,"max_hp_gain":0,"max_hp_loss":0,"event_name":"Purifier","floor":3,"gold_loss":0},{"cards_removed":["Defend_R"],"damage_healed":0,"gold_gain":0,"player_choice":"Card Removal","damage_taken":7,"max_hp_gain":0,"max_hp_loss":0,"event_name":"Golden Wing","floor":7,"gold_loss":0},{"damage_healed":0,"gold_gain":0,"player_choice":"Ignored","damage_taken":0,"max_hp_gain":0,"max_hp_loss":0,"event_name":"Ghosts","floor":20,"gold_loss":0},{"damage_healed":28,"gold_gain":0,"player_choice":"Heal","damage_taken":0,"max_hp_gain":0,"max_hp_loss":0,"event_name":"The Library","floor":22,"gold_loss":0}],"is_beta":false,"boss_relics":[{"not_picked":["Philosopher\u0027s Stone","Pandora\u0027s Box"],"picked":"Tiny House"}],"items_purged_floors":[],"is_endless":false,"potions_floor_spawned":[2,8,11,16,18,19],"ascension_level":1}