{"gold_per_floor":[110,122,47,47,47,78,78,78,101,111,139,158,172,182,182,282,282,293,318,134,153,166,166,180,196,196,196,213,213,230,242,242,242],"floor_reached":33,"playtime":1433,"items_purged":["Strike_B","Defend_B"],"score":288,"play_id":"843cfb66-04ae-4614-8834-4a9044c4161f","local_time":"20190222213550","is_ascension_mode":false,"campfire_choices":[{"data":"Beam Cell","floor":8,"key":"SMITH"},{"data":"Gash","floor":15,"key":"SMITH"},{"data":"Glacier","floor":23,"key":"SMITH"},{"floor":29,"key":"REST"},{"data":"Defend_B","floor":32,"key":"SMITH"}],"neow_cost":"NONE","seed_source_timestamp":187642864246679,"circlet_count":0,"master_deck":["Strike_B","Strike_B","Defend_B","Defend_B","Defend_B+1","Zap","Dualcast","Gash+1","Beam Cell+1","Glacier+1","Dramatic Entrance","Conserve Battery+1","Coolheaded+1"],"relics":["Cracked Core","NeowsBlessing","Calipers","Blood Vial","StoneCalendar","Eternal Feather","Pen Nib","Thread and Needle"],"potions_floor_usage":[13,16,30,31,33],"damage_taken":[{"damage":0,"enemies":"Cultist","floor":1,"turns":1},{"damage":0,"enemies":"Jaw Worm","floor":2,"turns":1},{"damage":0,"enemies":"Gremlin Nob","floor":6,"turns":1},{"damage":5,"enemies":"Small Slimes","floor":10,"turns":4},{"damage":15,"enemies":"Lagavulin","floor":11,"turns":8},{"damage":4,"enemies":"Red Slaver","floor":12,"turns":4},{"damage":20,"enemies":"Gremlin Gang","floor":13,"turns":6},{"damage":0,"enemies":"Exordium Thugs","floor":14,"turns":5},{"damage":3,"enemies":"Slime Boss","floor":16,"turns":8},{"damage":3,"enemies":"Shell Parasite","floor":18,"turns":7},{"damage":9,"enemies":"Spheric Guardian","floor":21,"turns":7},{"damage":8,"enemies":"Snecko","floor":22,"turns":7},{"damage":19,"enemies":"Cultist and Chosen","floor":24,"turns":7},{"damage":23,"enemies":"Snake Plant","floor":25,"turns":6},{"damage":0,"enemies":"Snecko","floor":28,"turns":9},{"damage":0,"enemies":"3 Cultists","floor":30,"turns":7},{"damage":10,"enemies":"Snake Plant","floor":31,"turns":5},{"damage":62,"enemies":"Champ","floor":33,"turns":19}],"seed_played":"-911251309821846394","potions_obtained":[{"floor":1,"key":"GamblersBrew"},{"floor":10,"key":"LiquidBronze"},{"floor":11,"key":"GamblersBrew"},{"floor":24,"key":"GamblersBrew"},{"floor":25,"key":"FocusPotion"},{"floor":30,"key":"SkillPotion"}],"is_trial":false,"path_per_floor":["M","M","$","?","$","E","?","R","T","M","E","M","M","M","R","B",null,"M","T","$","M","M","R","M","M","T","?","M","R","M","M","R","B"],"character_chosen":"DEFECT","items_purchased":["Dramatic Entrance"],"campfire_rested":1,"item_purchase_floors":[20],"current_hp_per_floor":[75,75,75,75,75,75,75,75,75,70,57,55,37,39,39,38,75,72,72,72,65,59,65,48,27,27,27,29,57,59,51,57,0],"gold":242,"neow_bonus":"THREE_ENEMY_KILL","is_prod":false,"is_daily":false,"chose_seed":false,"campfire_upgraded":4,"win_rate":0,"timestamp":1550900150,"path_taken":["M","?","$","?","?","E","?","R","T","?","E","M","M","M","R","BOSS","M","?","$","M","M","R","?","M","T","?","M","R","M","M","R","BOSS"],"build_version":"2019-01-23","purchased_purges":2,"victory":false,"max_hp_per_floor":[75,75,75,75,75,75,75,75,75,75,75,75,75,75,75,75,75,75,75,75,75,75,75,75,75,75,75,75,75,75,75,75,75],"card_choices":[{"not_picked":["Beam Cell","Darkness"],"picked":"Gash","floor":1},{"not_picked":["Compile Driver","Steam","Turbo"],"picked":"SKIP","floor":2},{"not_picked":["Self Repair","Ball Lightning"],"picked":"Beam Cell","floor":6},{"not_picked":["Stack","Hologram","Redo"],"picked":"SKIP","floor":10},{"not_picked":["Steam","Compile Driver","Defragment"],"picked":"SKIP","floor":11},{"not_picked":["Beam Cell","Steam Power","Ball Lightning"],"picked":"SKIP","floor":12},{"not_picked":["Hologram","Steam","Amplify"],"picked":"SKIP","floor":13},{"not_picked":["Blizzard","Ball Lightning","Beam Cell"],"picked":"SKIP","floor":14},{"not_picked":["Cold Snap+1","Hologram","FTL"],"picked":"SKIP","floor":18},{"not_picked":["Lockon","BootSequence+1"],"picked":"Conserve Battery+1","floor":21},{"not_picked":["Steam","Glacier","Heatsinks"],"picked":"SKIP","floor":22},{"not_picked":["Steam Power","Rebound"],"picked":"Coolheaded+1","floor":24},{"not_picked":["Auto Shields","Reinforced Body+1","Cold Snap+1"],"picked":"SKIP","floor":25},{"not_picked":["Coolheaded","Streamline","Ball Lightning"],"picked":"SKIP","floor":28},{"not_picked":["Storm","Auto Shields+1","White Noise"],"picked":"SKIP","floor":30},{"not_picked":["All For One","Steam","Conserve Battery"],"picked":"SKIP","floor":31}],"player_experience":443704,"relics_obtained":[{"floor":6,"key":"Calipers"},{"floor":9,"key":"Blood Vial"},{"floor":11,"key":"StoneCalendar"},{"floor":19,"key":"Pen Nib"},{"floor":26,"key":"Thread and Needle"}],"event_choices":[{"damage_healed":0,"gold_gain":0,"player_choice":"Ignored","damage_taken":0,"max_hp_gain":0,"max_hp_loss":0,"event_name":"Liars Game","floor":4,"gold_loss":0},{"damage_healed":0,"gold_gain":0,"cards_transformed":["Strike_B"],"player_choice":"Transformed","damage_taken":0,"max_hp_gain":0,"max_hp_loss":0,"event_name":"Transmorgrifier","floor":7,"gold_loss":0,"cards_obtained":["Glacier"]},{"damage_healed":0,"gold_gain":0,"player_choice":"Ignored","damage_taken":0,"max_hp_gain":0,"max_hp_loss":0,"event_name":"Vampires","floor":27,"gold_loss":0}],"is_beta":false,"boss_relics":[{"not_picked":["Fusion Hammer","Runic Dome"],"picked":"Eternal Feather"}],"items_purged_floors":[3,20],"is_endless":false,"potions_floor_spawned":[1,10,11,12,24,25,30],"killed_by":"Champ","ascension_level":0}