{"gold_per_floor":[110,128,128,78,95,130,143,155,155,155,167,187,157,176,176,176],"floor_reached":16,"playtime":1604,"items_purged":[],"score":131,"play_id":"ef50763f-1ef2-47d6-98d2-8815c3955ded","local_time":"20190404100735","is_ascension_mode":false,"campfire_choices":[{"data":"Creative AI","floor":10,"key":"SMITH"},{"data":"Double Energy","floor":15,"key":"SMITH"}],"neow_cost":"NONE","seed_source_timestamp":1124295657024900,"circlet_count":0,"master_deck":["Strike_B","Strike_B","Defend_B","Defend_B","Defend_B","Defend_B","Zap","Dualcast","Doom and Gloom","Capacitor","Genetic Algorithm","Glacier","Stack","Double Energy+1","Creative AI+1","Beam Cell","Force Field","Glacier","Conserve Battery"],"relics":["Cracked Core","Pear","Bottled Flame"],"potions_floor_usage":[],"damage_taken":[{"damage":5,"enemies":"Cultist","floor":1,"turns":4},{"damage":15,"enemies":"Jaw Worm","floor":2,"turns":4},{"damage":12,"enemies":"2 Louse","floor":5,"turns":2},{"damage":24,"enemies":"3 Sentries","floor":6,"turns":6},{"damage":2,"enemies":"Blue Slaver","floor":7,"turns":5},{"damage":3,"enemies":"Red Slaver","floor":8,"turns":5},{"damage":14,"enemies":"Large Slime","floor":11,"turns":7},{"damage":5,"enemies":"Blue Slaver","floor":12,"turns":4},{"damage":1,"enemies":"Looter","floor":13,"turns":4},{"damage":8,"enemies":"3 Louse","floor":14,"turns":5},{"damage":0,"enemies":"Slime Boss","floor":16,"turns":3}],"seed_played":"8069060489689745462","potions_obtained":[{"floor":2,"key":"Weak Potion"},{"floor":5,"key":"Block Potion"},{"floor":7,"key":"Swift Potion"}],"is_trial":false,"path_per_floor":["M","M","?","?","M","E","M","M","T","R","M","M","M","M","R","B"],"character_chosen":"DEFECT","items_purchased":[],"campfire_rested":0,"item_purchase_floors":[],"current_hp_per_floor":[70,55,60,60,48,34,32,29,29,29,15,10,9,1,1,1],"gold":176,"neow_bonus":"TRANSFORM_CARD","is_prod":false,"is_daily":false,"chose_seed":false,"campfire_upgraded":2,"win_rate":0.0,"timestamp":1554365255,"path_taken":["M","?","?","?","M","E","M","M","T","R","M","M","M","M","R","BOSS"],"build_version":"2019-01-23","purchased_purges":0,"victory":false,"max_hp_per_floor":[75,75,80,80,80,90,90,90,90,90,90,90,90,90,90,90],"card_choices":[{"not_picked":["Stack","Force Field"],"picked":"Capacitor","floor":1},{"not_picked":["Heatsinks","Sweeping Beam"],"picked":"Genetic Algorithm","floor":2},{"not_picked":["Melter","Auto Shields"],"picked":"Glacier","floor":5},{"not_picked":["Coolheaded","Static Discharge"],"picked":"Stack","floor":6},{"not_picked":["Steam","Hologram"],"picked":"Double Energy","floor":7},{"not_picked":["Doom and Gloom","Steam"],"picked":"Creative AI","floor":8},{"not_picked":["Static Discharge","Leap"],"picked":"Beam Cell","floor":11},{"not_picked":["Reinforced Body","Streamline"],"picked":"Force Field","floor":12},{"not_picked":["Fission","Leap"],"picked":"Glacier","floor":13},{"not_picked":["Storm","Scrape"],"picked":"Conserve Battery","floor":14}],"player_experience":21120,"relics_obtained":[{"floor":6,"key":"Pear"},{"floor":9,"key":"Bottled Flame"}],"event_choices":[{"damage_healed":0,"gold_gain":0,"player_choice":"Donut","damage_taken":0,"max_hp_gain":5,"max_hp_loss":0,"event_name":"Big Fish","floor":3,"gold_loss":0},{"cards_removed":["Strike_B"],"damage_healed":0,"gold_gain":0,"player_choice":"Card Removal","damage_taken":0,"max_hp_gain":0,"max_hp_loss":0,"event_name":"The Cleric","floor":4,"gold_loss":50}],"is_beta":false,"boss_relics":[],"items_purged_floors":[],"is_endless":false,"potions_floor_spawned":[2,5,7],"killed_by":"Slime Boss","ascension_level":0}