{"gold_per_floor":[110,130,145,156,170,198,198,226,250,285,29,29],"floor_reached":12,"playtime":835,"items_purged":[],"score":105,"play_id":"689d470f-dc29-4cb1-bc56-f1fc586823c0","local_time":"20190313135406","is_ascension_mode":true,"campfire_choices":[{"floor":7,"key":"REST"}],"neow_cost":"PERCENT_DAMAGE","seed_source_timestamp":999495500649876,"circlet_count":0,"master_deck":["Defend_G","Defend_G","Defend_G","Defend_G","Defend_G","Strike_G","Strike_G","Strike_G","Strike_G","Strike_G","Survivor","Neutralize","Purity","Magnetism","PiercingWail","Terror","Noxious Fumes","A Thousand Cuts","Well Laid Plans"],"relics":["Ring of the Snake","Vajra","Gremlin Horn","Centennial Puzzle","Boot","Meat on the Bone"],"potions_floor_usage":[6,12],"damage_taken":[{"damage":3,"enemies":"Jaw Worm","floor":1,"turns":4},{"damage":1,"enemies":"2 Louse","floor":2,"turns":6},{"damage":1,"enemies":"Cultist","floor":3,"turns":4},{"damage":0,"enemies":"Large Slime","floor":4,"turns":7},{"damage":3,"enemies":"2 Fungi Beasts","floor":5,"turns":6},{"damage":10,"enemies":"Lagavulin","floor":6,"turns":8},{"damage":18,"enemies":"3 Sentries","floor":8,"turns":4},{"damage":28,"enemies":"Gremlin Nob","floor":10,"turns":4},{"damage":10,"enemies":"3 Sentries","floor":12,"turns":5}],"seed_played":"-2146730955274836842","potions_obtained":[{"floor":2,"key":"PowerPotion"},{"floor":5,"key":"Dexterity Potion"},{"floor":8,"key":"Explosive Potion"}],"is_trial":false,"path_per_floor":["M","M","M","M","M","E","R","E","T","E","$","E"],"character_chosen":"THE_SILENT","items_purchased":["Meat on the Bone"],"campfire_rested":1,"item_purchase_floors":[11],"current_hp_per_floor":[46,45,44,44,41,31,52,34,34,6,6,0],"gold":29,"neow_bonus":"RANDOM_COLORLESS_2","is_prod":false,"is_daily":false,"chose_seed":false,"campfire_upgraded":0,"win_rate":0,"timestamp":1552510446,"path_taken":["M","M","M","M","M","E","R","E","T","E","$","E"],"build_version":"2019-01-23","purchased_purges":0,"victory":false,"max_hp_per_floor":[70,70,70,70,70,70,70,70,70,70,70,70],"card_choices":[{"not_picked":["Quick Slash","Calculated Gamble"],"picked":"PiercingWail","floor":1},{"not_picked":["Bane","Bouncing Flask","Caltrops"],"picked":"SKIP","floor":2},{"not_picked":["Dagger Spray","Backflip"],"picked":"Terror","floor":3},{"not_picked":["Distraction","Acrobatics","Deflect"],"picked":"SKIP","floor":4},{"not_picked":["Distraction","Calculated Gamble","Tactician"],"picked":"SKIP","floor":5},{"not_picked":["Deflect","Leg Sweep"],"picked":"Noxious Fumes","floor":6},{"not_picked":["Flechettes","Riddle With Holes"],"picked":"A Thousand Cuts","floor":8},{"not_picked":["Outmaneuver","Quick Slash"],"picked":"Well Laid Plans","floor":10}],"player_experience":14664,"relics_obtained":[{"floor":6,"key":"Vajra"},{"floor":8,"key":"Gremlin Horn"},{"floor":9,"key":"Centennial Puzzle"},{"floor":10,"key":"Boot"}],"event_choices":[],"is_beta":false,"boss_relics":[],"items_purged_floors":[],"is_endless":false,"potions_floor_spawned":[2,5,8],"killed_by":"3 Sentries","ascension_level":1}