{"gold_per_floor":[112,125,50,64,81,81,115,115,139,167,167,167],"floor_reached":12,"playtime":683,"items_purged":["Zap"],"score":119,"play_id":"be62ed43-7b2b-4328-94d1-6a42f38e1d53","local_time":"20181202174311","is_ascension_mode":true,"campfire_choices":[{"floor":6,"key":"REST"},{"floor":8,"key":"REST"}],"neow_cost":"NONE","seed_source_timestamp":131056664243478,"circlet_count":0,"master_deck":["Strike_B","Strike_B","Strike_B","Strike_B","Defend_B","Defend_B","Defend_B","Defend_B","Dualcast","Redo","Conserve Battery","Doom and Gloom","Coolheaded"],"relics":["Cracked Core","Centennial Puzzle","Orichalcum","Juzu Bracelet","Dream Catcher"],"potions_floor_usage":[5,7],"damage_taken":[{"damage":4,"enemies":"Jaw Worm","floor":1,"turns":4},{"damage":0,"enemies":"Cultist","floor":2,"turns":4},{"damage":0,"enemies":"2 Louse","floor":4,"turns":3},{"damage":19,"enemies":"Large Slime","floor":5,"turns":9},{"damage":24,"enemies":"3 Sentries","floor":7,"turns":9},{"damage":55,"enemies":"Gremlin Nob","floor":10,"turns":6},{"damage":13,"enemies":"3 Sentries","floor":12,"turns":3}],"seed_played":"4769098026337269966","potions_obtained":[{"floor":2,"key":"Swift Potion"},{"floor":5,"key":"Block Potion"},{"floor":10,"key":"FearPotion"}],"is_trial":false,"path_per_floor":["M","M","$","M","M","R","E","R","T","E","?","E"],"character_chosen":"DEFECT","items_purchased":[],"campfire_rested":2,"item_purchase_floors":[],"current_hp_per_floor":[64,64,64,64,45,67,43,65,65,10,10,0],"gold":167,"neow_bonus":"THREE_CARDS","is_prod":false,"is_daily":false,"chose_seed":false,"campfire_upgraded":0,"win_rate":0,"timestamp":1543768991,"path_taken":["M","M","$","M","M","R","E","R","T","E","?","E"],"build_version":"2018-11-15","purchased_purges":1,"victory":false,"max_hp_per_floor":[75,75,75,75,75,75,75,75,75,75,75,75],"card_choices":[{"not_picked":["Conserve Battery","Tempest"],"picked":"Redo","floor":0},{"not_picked":["Consume","Leap"],"picked":"Conserve Battery","floor":1},{"not_picked":["Redo","Gash"],"picked":"Doom and Gloom","floor":2},{"not_picked":["Compile Driver","Beam Cell"],"picked":"Coolheaded","floor":4},{"not_picked":["Compile Driver","Stack","Self Repair"],"picked":"SKIP","floor":5},{"not_picked":["Beam Cell","Sunder","Double Energy"],"picked":"SKIP","floor":7},{"not_picked":["Barrage","Rainbow","Undo"],"picked":"SKIP","floor":10}],"player_experience":321828,"relics_obtained":[{"floor":7,"key":"Centennial Puzzle"},{"floor":9,"key":"Orichalcum"},{"floor":10,"key":"Juzu Bracelet"}],"event_choices":[{"damage_healed":0,"gold_gain":0,"player_choice":"Gave Potion","damage_taken":0,"relics_obtained":["Dream Catcher"],"max_hp_gain":0,"max_hp_loss":0,"event_name":"WeMeetAgain","floor":11,"gold_loss":0}],"is_beta":false,"boss_relics":[],"items_purged_floors":[3],"is_endless":false,"potions_floor_spawned":[2,5,10],"killed_by":"3 Sentries","ascension_level":7}