{"gold_per_floor":[115,115,133,147,164,190,190,206,282,282,338,338,144,160,160,160],"floor_reached":16,"playtime":950,"items_purged":["Strike_R"],"score":173,"play_id":"463048de-fbe6-4392-b22f-83ba32dc1257","local_time":"20190307191201","is_ascension_mode":true,"campfire_choices":[{"floor":7,"key":"REST"},{"floor":12,"key":"REST"},{"data":"Shockwave","floor":15,"key":"SMITH"}],"neow_cost":"PERCENT_DAMAGE","seed_source_timestamp":1122713234409166,"circlet_count":0,"master_deck":["AscendersBane","Strike_R","Strike_R","Strike_R","Strike_R","Defend_R","Defend_R","Defend_R","Defend_R","Bash","Dropkick","Uppercut","Armaments","Battle Trance","Clothesline","Cleave","Shockwave+1"],"relics":["Burning Blood","WingedGreaves","Ice Cream","Mercury Hourglass","Tiny Chest"],"potions_floor_usage":[6,14,16],"damage_taken":[{"damage":9,"enemies":"Cultist","floor":1,"turns":5},{"damage":1,"enemies":"Small Slimes","floor":3,"turns":3},{"damage":2,"enemies":"Jaw Worm","floor":4,"turns":3},{"damage":13,"enemies":"Exordium Wildlife","floor":5,"turns":7},{"damage":41,"enemies":"Lagavulin","floor":6,"turns":8},{"damage":10,"enemies":"Red Slaver","floor":8,"turns":3},{"damage":12,"enemies":"Lots of Slimes","floor":14,"turns":3},{"damage":61,"enemies":"Hexaghost","floor":16,"turns":14}],"seed_played":"1403532483460563064","potions_obtained":[{"floor":4,"key":"SpeedPotion"},{"floor":6,"key":"SpeedPotion"},{"floor":8,"key":"BloodPotion"}],"is_trial":false,"path_per_floor":["M","?","M","M","M","E","R","M","T","?","T","R","$","M","R","B"],"character_chosen":"IRONCLAD","items_purchased":["Cleave","Shockwave"],"campfire_rested":2,"item_purchase_floors":[13,13],"current_hp_per_floor":[47,47,52,56,49,14,36,32,32,32,32,54,54,55,55,0],"gold":160,"neow_bonus":"ONE_RARE_RELIC","is_prod":false,"is_daily":false,"chose_seed":false,"campfire_upgraded":1,"win_rate":0,"timestamp":1551985921,"path_taken":["M","?","M","M","M","E","R","M","T","?","?","R","$","M","R","BOSS"],"build_version":"2019-01-23","purchased_purges":1,"victory":false,"max_hp_per_floor":[75,75,75,75,75,75,75,75,75,75,75,75,75,75,75,75],"card_choices":[{"not_picked":["Iron Wave","Warcry","Reckless Charge"],"picked":"SKIP","floor":1},{"not_picked":["Warcry","Sword Boomerang"],"picked":"Dropkick","floor":3},{"not_picked":["Sentinel","Wild Strike"],"picked":"Uppercut","floor":4},{"not_picked":["Body Slam","Iron Wave"],"picked":"Armaments","floor":5},{"not_picked":["Power Through","Brutality"],"picked":"Battle Trance","floor":6},{"not_picked":["Shrug It Off","Twin Strike"],"picked":"Clothesline","floor":8},{"not_picked":["Wild Strike","Sword Boomerang","Clash"],"picked":"SKIP","floor":14}],"player_experience":1525021,"relics_obtained":[{"floor":6,"key":"Ice Cream"},{"floor":9,"key":"Mercury Hourglass"},{"floor":11,"key":"Tiny Chest"}],"event_choices":[{"damage_healed":0,"gold_gain":0,"player_choice":"Ignored","damage_taken":0,"max_hp_gain":0,"max_hp_loss":0,"event_name":"Shining Light","floor":2,"gold_loss":0},{"damage_healed":0,"gold_gain":0,"player_choice":"Searched \u00271\u0027 times","damage_taken":0,"max_hp_gain":0,"max_hp_loss":0,"event_name":"Dead Adventurer","floor":10,"gold_loss":0}],"is_beta":false,"boss_relics":[],"items_purged_floors":[13],"is_endless":false,"potions_floor_spawned":[4,6,8],"killed_by":"Hexaghost","ascension_level":14}