{"gold_per_floor":[117,136,136,147,160,85,85,102,102,117,146,160,235,254,254,349,349,367,387,133,133,133,133,133,168,248,248,264,276,286,301,301,301],"floor_reached":33,"playtime":1357,"items_purged":["Strike_R","Strike_R"],"score":298,"play_id":"8e120adc-ecee-47e4-bce9-362d00e8dcde","local_time":"20190203151813","is_ascension_mode":false,"campfire_choices":[{"data":"Bash","floor":7,"key":"SMITH"},{"data":"True Grit","floor":15,"key":"SMITH"},{"data":"Double Tap","floor":23,"key":"SMITH"},{"floor":27,"key":"REST"},{"floor":32,"key":"REST"}],"neow_cost":"NONE","seed_source_timestamp":2140935649174934,"circlet_count":0,"master_deck":["Strike_R","Strike_R","Strike_R","Defend_R","Defend_R","Defend_R","Defend_R","Bash+1","Inflame","Clash","Dropkick","True Grit+1","Thunderclap","Double Tap+1","Feed","Dropkick","Dropkick"],"relics":["Black Blood","Strawberry","Mercury Hourglass","Bottled Flame","Red Skull","Centennial Puzzle","Matryoshka"],"potions_floor_usage":[16,16,16,25,28],"damage_taken":[{"damage":13,"enemies":"Jaw Worm","floor":1,"turns":3},{"damage":1,"enemies":"Cultist","floor":2,"turns":3},{"damage":0,"enemies":"2 Louse","floor":4,"turns":4},{"damage":38,"enemies":"Exordium Thugs","floor":5,"turns":7},{"damage":9,"enemies":"Lots of Slimes","floor":8,"turns":5},{"damage":0,"enemies":"2 Fungi Beasts","floor":10,"turns":3},{"damage":24,"enemies":"3 Sentries","floor":11,"turns":7},{"damage":0,"enemies":"Large Slime","floor":12,"turns":3},{"damage":12,"enemies":"Blue Slaver","floor":14,"turns":3},{"damage":34,"enemies":"The Guardian","floor":16,"turns":10},{"damage":23,"enemies":"3 Byrds","floor":18,"turns":5},{"damage":27,"enemies":"Shell Parasite","floor":19,"turns":6},{"damage":37,"enemies":"Book of Stabbing","floor":25,"turns":5},{"damage":8,"enemies":"Centurion and Healer","floor":28,"turns":4},{"damage":16,"enemies":"Shelled Parasite and Fungi","floor":29,"turns":3},{"damage":21,"enemies":"Snake Plant","floor":30,"turns":2},{"damage":22,"enemies":"3 Cultists","floor":31,"turns":5},{"damage":93,"enemies":"Champ","floor":33,"turns":7}],"seed_played":"8458899387270694033","potions_obtained":[{"floor":2,"key":"SpeedPotion"},{"floor":3,"key":"SteroidPotion"},{"floor":3,"key":"BloodPotion"},{"floor":14,"key":"BloodPotion"},{"floor":18,"key":"SkillPotion"},{"floor":19,"key":"Poison Potion"}],"is_trial":false,"path_per_floor":["M","M","?","M","M","$","R","M","T","M","E","M","?","M","R","B",null,"M","M","$","?","$","R","$","E","T","R","M","M","M","M","R","B"],"character_chosen":"IRONCLAD","items_purchased":["Red Skull"],"campfire_rested":2,"item_purchase_floors":[20],"current_hp_per_floor":[80,85,85,87,55,55,55,52,52,58,40,46,35,29,29,17,87,74,57,57,57,57,57,57,33,33,60,65,62,51,42,71,0],"gold":301,"neow_bonus":"RANDOM_COMMON_RELIC","is_prod":false,"is_daily":false,"chose_seed":false,"campfire_upgraded":3,"win_rate":0,"timestamp":1549235893,"path_taken":["M","M","?","?","M","?","R","M","T","M","E","M","?","M","R","BOSS","M","M","$","?","$","R","?","E","T","R","?","M","M","M","R","BOSS"],"build_version":"2019-01-23","purchased_purges":2,"victory":false,"max_hp_per_floor":[87,87,87,87,87,87,87,87,87,87,87,87,87,87,87,87,87,87,87,87,87,87,87,87,90,90,90,93,96,96,99,99,99],"card_choices":[{"not_picked":["Twin Strike","Corruption","Clothesline"],"picked":"SKIP","floor":1},{"not_picked":["Cleave","Thunderclap","Perfected Strike"],"picked":"SKIP","floor":2},{"not_picked":["Uppercut","Warcry"],"picked":"Inflame","floor":4},{"not_picked":["Corruption","Sword Boomerang"],"picked":"Clash","floor":5},{"not_picked":["Clothesline","Impervious"],"picked":"Dropkick","floor":8},{"not_picked":["Blood for Blood","Shrug It Off"],"picked":"True Grit","floor":10},{"not_picked":["Shrug It Off","Uppercut"],"picked":"Thunderclap","floor":11},{"not_picked":["Warcry","Havoc"],"picked":"Double Tap","floor":12},{"not_picked":["Iron Wave","Cleave","Battle Trance"],"picked":"SKIP","floor":14},{"not_picked":["Dark Embrace","Exhume"],"picked":"Feed","floor":16},{"not_picked":["Ghostly Armor+1","Heavy Blade+1","Burning Pact"],"picked":"SKIP","floor":18},{"not_picked":["Combust","Thunderclap","Ghostly Armor"],"picked":"SKIP","floor":19},{"not_picked":["Shrug It Off","Corruption","Carnage"],"picked":"SKIP","floor":25},{"not_picked":["Clash","Anger","Hemokinesis"],"picked":"SKIP","floor":28},{"not_picked":["Shrug It Off","Corruption","Twin Strike"],"picked":"SKIP","floor":29},{"not_picked":["Seeing Red","Anger"],"picked":"Dropkick","floor":30},{"not_picked":["Warcry","Body Slam+1","Combust"],"picked":"SKIP","floor":31}],"player_experience":400242,"relics_obtained":[{"floor":9,"key":"Mercury Hourglass"},{"floor":11,"key":"Bottled Flame"},{"floor":25,"key":"Centennial Puzzle"},{"floor":26,"key":"Matryoshka"}],"event_choices":[{"damage_healed":0,"gold_gain":0,"player_choice":"Got Potions","damage_taken":0,"max_hp_gain":0,"max_hp_loss":0,"event_name":"Lab","floor":3,"gold_loss":0},{"damage_healed":0,"gold_gain":75,"player_choice":"Gather Gold","damage_taken":11,"max_hp_gain":0,"max_hp_loss":0,"event_name":"World of Goop","floor":13,"gold_loss":0},{"damage_healed":0,"gold_gain":0,"player_choice":"Copied","damage_taken":0,"max_hp_gain":0,"max_hp_loss":0,"event_name":"Duplicator","floor":21,"gold_loss":0,"cards_obtained":["Dropkick"]}],"is_beta":false,"boss_relics":[{"not_picked":["Calling Bell","Snecko Eye"],"picked":"Black Blood"}],"items_purged_floors":[6,20],"is_endless":false,"potions_floor_spawned":[2,5,10,14,18,19],"killed_by":"Champ","ascension_level":0}