{"gold_per_floor":[114,131,131,59,59,90,104,135,162,180,180],"floor_reached":11,"playtime":428,"items_purged":[],"score":173,"play_id":"7445bd67-51bf-4a72-ad29-59311b95d9c4","local_time":"20190502145635","is_ascension_mode":true,"campfire_choices":[],"neow_cost":"NONE","seed_source_timestamp":226957248680400,"circlet_count":0,"master_deck":["AscendersBane","Strike_R","Strike_R","Strike_R","Strike_R","Strike_R","Defend_R","Defend_R","Defend_R","Defend_R","Bash","True Grit","Limit Break+1","Heavy Blade","Headbutt","Cleave","Dual Wield"],"relics":["Burning Blood","NeowsBlessing","Ancient Tea Set","Juzu Bracelet","Mummified Hand","Pen Nib"],"potions_floor_usage":[8,10],"damage_taken":[{"damage":0,"enemies":"2 Louse","floor":1,"turns":2},{"damage":0,"enemies":"Cultist","floor":2,"turns":1},{"damage":0,"enemies":"Gremlin Nob","floor":6,"turns":1},{"damage":14,"enemies":"Jaw Worm","floor":7,"turns":4},{"damage":53,"enemies":"3 Sentries","floor":8,"turns":12},{"damage":3,"enemies":"3 Louse","floor":10,"turns":2},{"damage":37,"enemies":"Lots of Slimes","floor":11,"turns":4}],"seed_played":"8277561905100483090","potions_obtained":[{"floor":1,"key":"Dexterity Potion"},{"floor":7,"key":"BloodPotion"},{"floor":8,"key":"Explosive Potion"}],"is_trial":false,"path_per_floor":["M","M","?","$","?","E","M","E","T","M","M"],"character_chosen":"IRONCLAD","items_purchased":["Limit Break"],"campfire_rested":0,"item_purchase_floors":[4],"current_hp_per_floor":[78,80,80,80,80,80,72,33,33,36,0],"gold":180,"neow_bonus":"THREE_ENEMY_KILL","is_prod":false,"is_daily":false,"chose_seed":false,"campfire_upgraded":0,"win_rate":0,"timestamp":1556801795,"path_taken":["M","M","?","?","?","E","M","E","T","M","M"],"build_version":"2019-01-23","purchased_purges":0,"victory":false,"max_hp_per_floor":[80,80,80,80,80,80,80,80,80,80,80],"card_choices":[{"not_picked":["Combust","Clash"],"picked":"True Grit","floor":1},{"not_picked":["Blood for Blood","Rage","Anger"],"picked":"SKIP","floor":2},{"not_picked":["Feed","Feel No Pain"],"picked":"Heavy Blade","floor":6},{"not_picked":["Infernal Blade","Warcry"],"picked":"Headbutt","floor":7},{"not_picked":["Headbutt","Berserk"],"picked":"Cleave","floor":8},{"not_picked":["Twin Strike","Wild Strike"],"picked":"Dual Wield","floor":10}],"player_experience":1000081,"relics_obtained":[{"floor":6,"key":"Juzu Bracelet"},{"floor":8,"key":"Mummified Hand"},{"floor":9,"key":"Pen Nib"}],"event_choices":[{"damage_healed":0,"gold_gain":0,"player_choice":"Gave Potion","damage_taken":0,"relics_obtained":["Ancient Tea Set"],"max_hp_gain":0,"max_hp_loss":0,"event_name":"WeMeetAgain","floor":3,"gold_loss":0},{"damage_healed":0,"gold_gain":0,"player_choice":"Grow","damage_taken":0,"max_hp_gain":0,"max_hp_loss":0,"event_name":"Living Wall","floor":5,"gold_loss":0,"cards_upgraded":["Limit Break"]}],"is_beta":false,"boss_relics":[],"items_purged_floors":[],"is_endless":false,"potions_floor_spawned":[1,7,8],"killed_by":"Lots of Slimes","ascension_level":12}