{"gold_per_floor":[115,115,115,131,147,172,172,192,192,192,192,219,231,264,264,369,369,380,380,394,408,79,79,105,105,105,120,49,84,84,9,9,106,106,124,139,139,163,231,231,231],"floor_reached":41,"playtime":1684,"items_purged":["Corruption"],"score":693,"play_id":"687318b1-ec7c-41f0-96ed-fed61ca858df","local_time":"20190502101110","is_ascension_mode":true,"campfire_choices":[{"data":"Flame Barrier","floor":11,"key":"SMITH"},{"data":"Disarm","floor":15,"key":"SMITH"},{"data":"Whirlwind","floor":23,"key":"SMITH"},{"data":"Heavy Blade","floor":25,"key":"SMITH"},{"data":"Disarm","floor":30,"key":"SMITH"},{"data":"Spot Weakness","floor":32,"key":"SMITH"},{"data":"Mayhem","floor":40,"key":"SMITH"}],"neow_cost":"TEN_PERCENT_HP_LOSS","seed_source_timestamp":208575220619800,"circlet_count":0,"master_deck":["AscendersBane","Strike_R","Strike_R","Strike_R","Strike_R","Defend_R","Defend_R+1","Defend_R","Bash","Pummel","Clothesline","Flame Barrier+1","Inflame+1","Immolate","Disarm+1","Shrug It Off","Offering","Whirlwind+1","Shrug It Off","Spot Weakness+1","Inflame","Battle Trance","Heavy Blade+1","Reaper","Disarm+1","Reaper","Demon Form","Fire Breathing+1","Magnetism","Mayhem+1","Regret"],"relics":["Burning Blood","Mummified Hand","Question Card","Meat on the Bone","Dodecahedron","Cursed Key","Nloth\u0027s Gift","Omamori","Boot","Happy Flower","Unceasing Top","Runic Dome","Art of War","Kunai"],"potions_floor_usage":[6,12,13,14,33,33],"damage_taken":[{"damage":4,"enemies":"Small Slimes","floor":1,"turns":4},{"damage":0,"enemies":"Cultist","floor":4,"turns":4},{"damage":0,"enemies":"Jaw Worm","floor":5,"turns":3},{"damage":30,"enemies":"Lagavulin","floor":6,"turns":5},{"damage":9,"enemies":"Blue Slaver","floor":8,"turns":4},{"damage":19,"enemies":"3 Sentries","floor":12,"turns":8},{"damage":8,"enemies":"Looter","floor":13,"turns":2},{"damage":15,"enemies":"Lagavulin","floor":14,"turns":6},{"damage":25,"enemies":"Hexaghost","floor":16,"turns":12},{"damage":23,"enemies":"2 Thieves","floor":18,"turns":4},{"damage":22,"enemies":"Spheric Guardian","floor":20,"turns":4},{"damage":2,"enemies":"Snake Plant","floor":21,"turns":4},{"damage":14,"enemies":"Gremlin Leader","floor":24,"turns":6},{"damage":6,"enemies":"3 Cultists","floor":27,"turns":3},{"damage":25,"enemies":"Slavers","floor":29,"turns":5},{"damage":92,"enemies":"Collector","floor":33,"turns":7},{"damage":29,"enemies":"3 Darklings","floor":35,"turns":3},{"damage":32,"enemies":"Orb Walker","floor":36,"turns":4},{"damage":65,"enemies":"Reptomancer","floor":41,"turns":5}],"seed_played":"-2306572397792247559","potions_obtained":[{"floor":1,"key":"Strength Potion"},{"floor":5,"key":"BloodPotion"},{"floor":8,"key":"SkillPotion"},{"floor":13,"key":"Strength Potion"},{"floor":16,"key":"Swift Potion"},{"floor":21,"key":"Regen Potion"},{"floor":33,"key":"Weak Potion"}],"is_trial":false,"path_per_floor":["M","?","$","M","M","E","?","M","T","?","R","E","M","E","R","B",null,"M","?","M","M","$","R","E","R","T","M","$","E","R","$","R","B",null,"M","M","?","T","T","R","E"],"character_chosen":"IRONCLAD","items_purchased":["Inflame","Omamori","Battle Trance","Heavy Blade","Disarm"],"campfire_rested":0,"item_purchase_floors":[22,22,22,22,28],"current_hp_per_floor":[72,69,69,72,72,48,34,31,31,31,31,18,35,38,38,31,62,45,45,41,45,45,45,49,49,49,64,64,57,57,57,57,39,64,70,64,54,54,54,54,0],"gold":231,"neow_bonus":"TRANSFORM_TWO_CARDS","is_prod":false,"is_daily":false,"chose_seed":false,"campfire_upgraded":7,"win_rate":0,"timestamp":1556784670,"path_taken":["M","?","$","M","M","E","?","M","T","?","R","E","M","E","R","BOSS","M","?","M","M","$","R","E","R","T","M","?","E","R","$","R","BOSS","M","M","?","?","?","R","E"],"build_version":"2019-01-23","purchased_purges":1,"victory":false,"max_hp_per_floor":[72,72,72,72,72,72,72,72,72,72,72,72,72,72,72,72,72,72,72,72,72,72,72,72,72,72,72,72,72,72,72,72,72,72,72,72,72,72,72,72,72],"card_choices":[{"not_picked":["Dual Wield","Sword Boomerang"],"picked":"Flame Barrier","floor":1},{"not_picked":["Cleave","Sentinel"],"picked":"Inflame","floor":4},{"not_picked":["Reckless Charge","Thunderclap","Anger"],"picked":"SKIP","floor":5},{"not_picked":["Reckless Charge","Thunderclap","Anger"],"picked":"SKIP","floor":5},{"not_picked":["Rage","Havoc","Rampage"],"picked":"SKIP","floor":6},{"not_picked":["Combust","Blood for Blood","Reckless Charge"],"picked":"Corruption","floor":8},{"not_picked":["Twin Strike","Heavy Blade","Cleave"],"picked":"Immolate","floor":12},{"not_picked":["Burning Pact","True Grit","Warcry"],"picked":"Disarm","floor":13},{"not_picked":["Anger","Second Wind","Wild Strike"],"picked":"Shrug It Off","floor":14},{"not_picked":["Juggernaut","Dark Embrace","Fiend Fire"],"picked":"Offering","floor":16},{"not_picked":["Iron Wave","Heavy Blade","Warcry"],"picked":"Whirlwind","floor":18},{"not_picked":["Cleave","Sword Boomerang","Clothesline"],"picked":"Shrug It Off","floor":20},{"not_picked":["Feel No Pain","Entrench","Brutality"],"picked":"Spot Weakness","floor":21},{"not_picked":["Heavy Blade","Havoc","Clothesline"],"picked":"Reaper","floor":24},{"not_picked":["Twin Strike","Perfected Strike+1","Thunderclap","Flex"],"picked":"SKIP","floor":27},{"not_picked":["Second Wind+1","Perfected Strike","Wild Strike+1"],"picked":"Reaper","floor":29},{"not_picked":["Reaper","Immolate","Berserk"],"picked":"Demon Form","floor":33},{"not_picked":["Shrug It Off+1","Infernal Blade","Wild Strike+1"],"picked":"Fire Breathing+1","floor":35},{"not_picked":["Havoc","Feel No Pain","Clash","True Grit"],"picked":"SKIP","floor":36},{"not_picked":["Sadistic Nature","The Bomb","Deep Breath"],"picked":"Magnetism","floor":37},{"not_picked":["HandOfGreed","Jack Of All Trades","Dramatic Entrance"],"picked":"Mayhem","floor":37}],"player_experience":982501,"relics_obtained":[{"floor":6,"key":"Question Card"},{"floor":9,"key":"Darkstone Periapt"},{"floor":12,"key":"Meat on the Bone"},{"floor":14,"key":"Dodecahedron"},{"floor":24,"key":"Boot"},{"floor":26,"key":"Happy Flower"},{"floor":29,"key":"Unceasing Top"},{"floor":38,"key":"Art of War"},{"floor":39,"key":"Kunai"}],"event_choices":[{"damage_healed":0,"gold_gain":0,"player_choice":"Success","damage_taken":3,"relics_obtained":["Mummified Hand"],"max_hp_gain":0,"max_hp_loss":0,"event_name":"Scrap Ooze","floor":2,"gold_loss":0},{"damage_healed":0,"gold_gain":0,"player_choice":"Entered Light","damage_taken":14,"max_hp_gain":0,"max_hp_loss":0,"event_name":"Shining Light","floor":7,"gold_loss":0,"cards_upgraded":["Defend_R","Inflame"]},{"damage_healed":0,"gold_gain":0,"player_choice":"Bought 0 Potions","damage_taken":0,"max_hp_gain":0,"max_hp_loss":0,"event_name":"The Woman in Blue","floor":10,"gold_loss":0},{"damage_healed":0,"gold_gain":0,"player_choice":"Traded Relic","damage_taken":0,"relics_obtained":["Nloth\u0027s Gift"],"max_hp_gain":0,"max_hp_loss":0,"event_name":"N\u0027loth","floor":19,"relics_lost":["Darkstone Periapt"],"gold_loss":0},{"damage_healed":0,"gold_gain":0,"player_choice":"Memory 3","damage_taken":10,"max_hp_gain":0,"max_hp_loss":0,"event_name":"SensoryStone","floor":37,"gold_loss":0}],"is_beta":false,"boss_relics":[{"not_picked":["White Beast Statue","Ectoplasm"],"picked":"Cursed Key"},{"not_picked":["Fusion Hammer","Eternal Feather"],"picked":"Runic Dome"}],"items_purged_floors":[31],"is_endless":false,"potions_floor_spawned":[1,5,8,13,16,21,24,33],"killed_by":"Reptomancer","ascension_level":11}