{"gold_per_floor":[111,131,85,98,108,108,143,31,55,83,101,101,120,137,137,233,233,246,48,48,37,37,66,66,85,85,98,116,136,136,236,236,332,332,342,355,372,391,410,410,430,430,455,480,480,480],"floor_reached":46,"playtime":2564,"items_purged":["Strike_B"],"score":805,"play_id":"36cada48-cf9e-4f09-bcd7-ed8e7ff302a7","local_time":"20190425205823","is_ascension_mode":true,"campfire_choices":[{"data":"White Noise","floor":6.0,"key":"SMITH"},{"data":"Turbo","floor":12.0,"key":"SMITH"},{"floor":15.0,"key":"REST"},{"floor":24.0,"key":"REST"},{"data":"Echo Form","floor":30.0,"key":"SMITH"},{"data":"Go for the Eyes","floor":32.0,"key":"SMITH"},{"data":"Dualcast","floor":40.0,"key":"SMITH"},{"floor":42.0,"key":"REST"},{"floor":45.0,"key":"REST"}],"neow_cost":"NONE","seed_source_timestamp":1076309351484290,"circlet_count":0,"master_deck":["Strike_B","Strike_B","Strike_B","Defend_B","Defend_B","Defend_B","Defend_B","Zap","Dualcast+1","Core Surge","Self Repair","Turbo+1","Ball Lightning","Gash","White Noise+1","Leap","BootSequence","Echo Form+1","Melter","Coolheaded+1","Core Surge","Go for the Eyes+1","Sweeping Beam","Gash","Glacier","Compile Driver","BootSequence+1","Conserve Battery","FTL+1","Coolheaded+1","Biased Cognition","Electrodynamics","Cold Snap+1","Conserve Battery+1","Streamline+1","Fission"],"special_seed":0,"relics":["Cracked Core","PreservedInsect","Smiling Mask","Blood Vial","Orrery","Frozen Eye","Omamori","Bag of Marbles","Cursed Key","Ancient Tea Set","Boot"],"potions_floor_usage":[],"damage_taken":[{"damage":0.0,"enemies":"Cultist","floor":1.0,"turns":2.0},{"damage":0.0,"enemies":"Small Slimes","floor":2.0,"turns":3.0},{"damage":2.0,"enemies":"Jaw Worm","floor":4.0,"turns":3.0},{"damage":1.0,"enemies":"Exordium Wildlife","floor":5.0,"turns":3.0},{"damage":24.0,"enemies":"Gremlin Nob","floor":7.0,"turns":4.0},{"damage":27.0,"enemies":"3 Sentries","floor":10.0,"turns":7.0},{"damage":17.0,"enemies":"Lots of Slimes","floor":11.0,"turns":4.0},{"damage":13.0,"enemies":"Red Slaver","floor":13.0,"turns":3.0},{"damage":8.0,"enemies":"Large Slime","floor":14.0,"turns":5.0},{"damage":0.0,"enemies":"Slime Boss","floor":16.0,"turns":10.0},{"damage":15.0,"enemies":"3 Byrds","floor":18.0,"turns":5.0},{"damage":15.0,"enemies":"2 Thieves","floor":21.0,"turns":4.0},{"damage":29.0,"enemies":"Book of Stabbing","floor":23.0,"turns":6.0},{"damage":29.0,"enemies":"3 Cultists","floor":25.0,"turns":6.0},{"damage":0.0,"enemies":"Centurion and Healer","floor":27.0,"turns":7.0},{"damage":0.0,"enemies":"Cultist and Chosen","floor":28.0,"turns":7.0},{"damage":14.0,"enemies":"Shelled Parasite and Fungi","floor":29.0,"turns":7.0},{"damage":35.0,"enemies":"Champ","floor":33.0,"turns":12.0},{"damage":5.0,"enemies":"Orb Walker","floor":35.0,"turns":4.0},{"damage":0.0,"enemies":"3 Shapes","floor":36.0,"turns":3.0},{"damage":5.0,"enemies":"3 Darklings","floor":37.0,"turns":4.0},{"damage":41.0,"enemies":"Spire Growth","floor":38.0,"turns":6.0},{"damage":11.0,"enemies":"Maw","floor":39.0,"turns":8.0},{"damage":7.0,"enemies":"Jaw Worm Horde","floor":41.0,"turns":4.0},{"damage":80.0,"enemies":"Reptomancer","floor":44.0,"turns":6.0},{"damage":42,"enemies":"4 Shapes","floor":46,"turns":3}],"seed_played":"-6295946655515261936","potions_obtained":[{"floor":1.0,"key":"Block Potion"},{"floor":4.0,"key":"Fire Potion"},{"floor":7.0,"key":"SpeedPotion"},{"floor":11.0,"key":"Strength Potion"},{"floor":13.0,"key":"SpeedPotion"},{"floor":16.0,"key":"GamblersBrew"},{"floor":29.0,"key":"FairyPotion"},{"floor":35.0,"key":"PowerPotion"},{"floor":37.0,"key":"SteroidPotion"},{"floor":38.0,"key":"SpeedPotion"}],"is_trial":false,"path_per_floor":["M","M","$","M","M","R","E","$","T","E","M","R","M","M","R","B",null,"M","$","?","M","?","E","R","M","T","M","M","M","R","?","R","B",null,"M","M","M","M","M","R","M","R","T","E","R","M"],"character_chosen":"DEFECT","items_purchased":["Ball Lightning","BootSequence","Frozen Eye"],"campfire_rested":4,"item_purchase_floors":[3,8,19],"current_hp_per_floor":[68,75,75,75,75,75,58,58,58,38,37,37,26,27,49,58,71,65,65,51,45,45,25,49,29,29,38,47,42,42,42,42,16,64,68,70,67,35,33,33,35,59,59,8,32,0],"gold":480,"neow_bonus":"ONE_RANDOM_RARE_CARD","is_prod":false,"is_daily":false,"chose_seed":false,"campfire_upgraded":5,"win_rate":0,"timestamp":1556193503,"path_taken":["M","M","$","M","M","R","E","?","T","E","M","R","?","M","R","BOSS","M","$","?","M","?","E","R","M","T","?","M","M","R","?","R","BOSS","M","M","M","M","M","R","M","R","T","E","R","M"],"build_version":"2019-01-23","purchased_purges":1,"victory":false,"max_hp_per_floor":[75,75,75,75,75,75,75,75,75,75,75,75,75,75,75,75,75,75,75,80,80,80,80,80,80,80,80,80,80,80,80,80,80,80,80,80,80,80,80,80,80,80,80,80,80,80],"card_choices":[{"not_picked":["Turbo","Coolheaded"],"picked":"Self Repair","floor":1.0},{"not_picked":["Static Discharge","Doom and Gloom"],"picked":"Turbo","floor":2.0},{"not_picked":["Auto Shields","Coolheaded"],"picked":"Gash","floor":4.0},{"not_picked":["Loop","Steam Power"],"picked":"White Noise","floor":5.0},{"not_picked":["Reboot","Streamline"],"picked":"Leap","floor":7.0},{"not_picked":["Reinforced Body","Cold Snap"],"picked":"Echo Form","floor":10.0},{"not_picked":["Ball Lightning","Beam Cell"],"picked":"Melter","floor":11.0},{"not_picked":["Storm","Chaos"],"picked":"Coolheaded","floor":13.0},{"not_picked":["Rebound","Darkness","Steam"],"picked":"SKIP","floor":14.0},{"not_picked":["Thunder Strike","Echo Form"],"picked":"Core Surge","floor":16.0},{"not_picked":["Hologram","Darkness"],"picked":"Go for the Eyes","floor":17.0},{"not_picked":["Redo","Tempest"],"picked":"Sweeping Beam","floor":17.0},{"not_picked":["Streamline","Barrage"],"picked":"Gash","floor":17.0},{"not_picked":["All For One","Steam"],"picked":"Glacier","floor":17.0},{"not_picked":["Ball Lightning","Chill"],"picked":"Compile Driver","floor":17.0},{"not_picked":["Beam Cell","Leap"],"picked":"BootSequence+1","floor":18.0},{"not_picked":["Fusion+1","Barrage"],"picked":"Conserve Battery","floor":21.0},{"not_picked":["Stack","Turbo"],"picked":"FTL+1","floor":23.0},{"not_picked":["Stack","Heatsinks"],"picked":"Coolheaded+1","floor":25.0},{"not_picked":["Scrape","Storm","Tempest+1"],"picked":"SKIP","floor":27.0},{"not_picked":["Reprogram","Sunder"],"picked":"Biased Cognition","floor":28.0},{"not_picked":["Stack","Aggregate","Cold Snap"],"picked":"SKIP","floor":29.0},{"not_picked":["Fission","Buffer"],"picked":"Electrodynamics","floor":33.0},{"not_picked":["Coolheaded","Blizzard"],"picked":"Cold Snap+1","floor":35.0},{"not_picked":["Fusion","Streamline+1"],"picked":"Conserve Battery+1","floor":36.0},{"not_picked":["Cold Snap","Self Repair+1"],"picked":"Streamline+1","floor":37.0},{"not_picked":["Chaos+1","Ball Lightning+1"],"picked":"Fission","floor":38.0},{"not_picked":["Barrage","Tempest+1","Cold Snap+1"],"picked":"SKIP","floor":39.0},{"not_picked":["Beam Cell","Streamline","Go for the Eyes+1"],"picked":"SKIP","floor":41.0},{"not_picked":["Self Repair","Creative AI","Sweeping Beam+1"],"picked":"SKIP","floor":44.0}],"player_experience":427630,"relics_obtained":[{"floor":7.0,"key":"PreservedInsect"},{"floor":9.0,"key":"Smiling Mask"},{"floor":10.0,"key":"Blood Vial"},{"floor":23.0,"key":"Omamori"},{"floor":26.0,"key":"Bag of Marbles"},{"floor":43.0,"key":"Ancient Tea Set"},{"floor":44.0,"key":"Boot"}],"event_choices":[{"damage_healed":0.0,"max_hp_gain":5.0,"max_hp_loss":0.0,"gold_gain":0.0,"event_name":"Forgotten Altar","player_choice":"Shed Blood","floor":20.0,"gold_loss":0.0,"damage_taken":19.0},{"damage_healed":0.0,"max_hp_gain":0.0,"max_hp_loss":0.0,"gold_gain":0.0,"event_name":"Upgrade Shrine","player_choice":"Upgraded","floor":22.0,"gold_loss":0.0,"damage_taken":0.0,"cards_upgraded":["Coolheaded"]},{"damage_healed":0.0,"max_hp_gain":0.0,"max_hp_loss":0.0,"gold_gain":100.0,"event_name":"Golden Shrine","player_choice":"Pray","floor":31.0,"gold_loss":0.0,"damage_taken":0.0}],"is_beta":false,"boss_relics":[{"not_picked":["Coffee Dripper","Fusion Hammer"],"picked":"Orrery"},{"not_picked":["Astrolabe","Nuclear Battery"],"picked":"Cursed Key"}],"items_purged_floors":[8],"is_endless":false,"potions_floor_spawned":[1,4,7,11,13,16,18,21,25,29,35,37,38],"killed_by":"4 Shapes","ascension_level":9}