{"gold_per_floor":[12,32,32,50,61,88,88,105,105,105],"floor_reached":10,"playtime":365,"items_purged":[],"score":126,"play_id":"42dfbcb5-bb75-4f2e-a750-2cf6a6819cc0","local_time":"20190201201030","is_ascension_mode":true,"campfire_choices":[{"floor":7,"key":"REST"}],"neow_cost":"NO_GOLD","seed_source_timestamp":540112954263813,"circlet_count":0,"master_deck":["AscendersBane","Strike_R","Strike_R","Strike_R","Strike_R","Defend_R","Defend_R","Defend_R","Defend_R","Bash","Demon Form","Disarm","Cleave","Disarm","Sword Boomerang","Pommel Strike","Sword Boomerang"],"relics":["Burning Blood","Red Skull","Calipers"],"potions_floor_usage":[6,6,10],"damage_taken":[{"damage":17,"enemies":"Small Slimes","floor":1,"turns":5},{"damage":1,"enemies":"2 Louse","floor":2,"turns":3},{"damage":7,"enemies":"Jaw Worm","floor":4,"turns":4},{"damage":37,"enemies":"Exordium Thugs","floor":5,"turns":7},{"damage":16,"enemies":"Lagavulin","floor":6,"turns":5},{"damage":30,"enemies":"Large Slime","floor":8,"turns":6},{"damage":12,"enemies":"Gremlin Nob","floor":10,"turns":2}],"seed_played":"-4116652299688872619","potions_obtained":[{"floor":1,"key":"Explosive Potion"},{"floor":4,"key":"FearPotion"},{"floor":6,"key":"EssenceOfSteel"},{"floor":8,"key":"Ancient Potion"}],"is_trial":false,"path_per_floor":["M","M","?","M","M","E","R","M","T","E"],"character_chosen":"IRONCLAD","items_purchased":[],"campfire_rested":1,"item_purchase_floors":[],"current_hp_per_floor":[57,62,55,54,23,13,35,11,11,0],"gold":105,"neow_bonus":"THREE_RARE_CARDS","is_prod":false,"is_daily":false,"chose_seed":false,"campfire_upgraded":0,"win_rate":0,"timestamp":1549051830,"path_taken":["M","M","?","M","M","E","R","M","T","E"],"build_version":"2019-01-23","purchased_purges":0,"victory":false,"max_hp_per_floor":[75,75,75,75,75,75,75,75,75,75],"card_choices":[{"not_picked":["Barricade","Impervious"],"picked":"Demon Form","floor":0},{"not_picked":["Perfected Strike","Flex"],"picked":"Disarm","floor":1},{"not_picked":["Rampage","Rupture"],"picked":"Cleave","floor":2},{"not_picked":["Warcry","Clash"],"picked":"Disarm","floor":4},{"not_picked":["Clash","Heavy Blade"],"picked":"Sword Boomerang","floor":5},{"not_picked":["Hemokinesis","Dropkick"],"picked":"Pommel Strike","floor":6},{"not_picked":["Thunderclap","Havoc"],"picked":"Sword Boomerang","floor":8}],"player_experience":180078,"relics_obtained":[{"floor":6,"key":"Red Skull"},{"floor":9,"key":"Calipers"}],"event_choices":[{"cards_removed":["Strike_R"],"damage_healed":0,"gold_gain":0,"player_choice":"Card Removal","damage_taken":7,"max_hp_gain":0,"max_hp_loss":0,"event_name":"Golden Wing","floor":3,"gold_loss":0}],"is_beta":false,"boss_relics":[],"items_purged_floors":[],"is_endless":false,"potions_floor_spawned":[1,4,6,8],"killed_by":"Gremlin Nob","ascension_level":16}