{"gold_per_floor":[364,31,43,53,3,3,35,35,35,66,125,125,104,114,114,218,218,238,250,51,0,18,44,44,44,44,44,57,57,72,107,107,203,203,214,214,224,238,254,280,37,62,141,141,191,205,237,252,252,252],"floor_reached":51,"playtime":4882,"items_purged":["Shame"],"score":901,"play_id":"45f4666d-9454-42bd-9fbb-321d15327ad4","local_time":"20190427165033","is_ascension_mode":true,"campfire_choices":[{"data":"Genetic Algorithm","floor":6,"key":"SMITH"},{"data":"Defragment","floor":8,"key":"SMITH"},{"data":"Zap","floor":12,"key":"SMITH"},{"floor":15,"key":"REST"},{"data":"Defragment","floor":24,"key":"SMITH"},{"floor":27,"key":"REST"},{"floor":32,"key":"REST"},{"data":"Rainbow","floor":44,"key":"SMITH"},{"data":"Chill","floor":49,"key":"SMITH"}],"neow_cost":"CURSE","seed_source_timestamp":1096133962500689,"circlet_count":0,"master_deck":["Strike_B","Strike_B","Strike_B","Defend_B","Defend_B","Defend_B","Defend_B+1","Zap+1","Dualcast","Go for the Eyes","Genetic Algorithm+1","Gash","Beam Cell","Defragment+1","Storm","Cold Snap","All For One","Go for the Eyes+1","BootSequence","Defragment+1","Chill+1","Hologram","Coolheaded","Glacier","Seek","Scrape","Thunder Strike","Reinforced Body+1","Skim","Ball Lightning+1","FTL+1","Double Energy+1","All For One","Blind+1","Rainbow+1","Go for the Eyes","Coolheaded+1","Consume+1"],"relics":["Cracked Core","Calipers","Ice Cream","Shuriken","Bird Faced Urn","Darkstone Periapt","White Beast Statue","Turnip","Gremlin Horn","Pocketwatch","Gambling Chip","Inserter","Sundial","Blue Candle","Symbiotic Virus","Unceasing Top","War Paint"],"potions_floor_usage":[10,10,22,23,30,31,31,35,38,42,45,45,46,47,48,50],"damage_taken":[{"damage":1,"enemies":"Jaw Worm","floor":1,"turns":4},{"damage":5,"enemies":"Small Slimes","floor":3,"turns":3},{"damage":2,"enemies":"2 Louse","floor":4,"turns":3},{"damage":22,"enemies":"3 Sentries","floor":7,"turns":8},{"damage":10,"enemies":"Gremlin Nob","floor":10,"turns":3},{"damage":9,"enemies":"Lagavulin Event","floor":11,"turns":5},{"damage":1,"enemies":"Looter","floor":14,"turns":3},{"damage":4,"enemies":"The Guardian","floor":16,"turns":12},{"damage":5,"enemies":"Spheric Guardian","floor":18,"turns":3},{"damage":26,"enemies":"3 Byrds","floor":19,"turns":6},{"damage":0,"enemies":"Centurion and Healer","floor":22,"turns":5},{"damage":20,"enemies":"Gremlin Leader","floor":23,"turns":7},{"damage":0,"enemies":"Snecko","floor":28,"turns":10},{"damage":4,"enemies":"Shelled Parasite and Fungi","floor":30,"turns":5},{"damage":34,"enemies":"Slavers","floor":31,"turns":9},{"damage":2,"enemies":"Collector","floor":33,"turns":11},{"damage":0,"enemies":"Orb Walker","floor":35,"turns":3},{"damage":0,"enemies":"3 Shapes","floor":37,"turns":6},{"damage":0,"enemies":"Writhing Mass","floor":38,"turns":7},{"damage":0,"enemies":"Sphere and 2 Shapes","floor":39,"turns":6},{"damage":0,"enemies":"Giant Head","floor":40,"turns":9},{"damage":0,"enemies":"Reptomancer","floor":42,"turns":6},{"damage":0,"enemies":"2 Orb Walkers","floor":45,"turns":7},{"damage":0,"enemies":"3 Darklings","floor":46,"turns":6},{"damage":6,"enemies":"Nemesis","floor":47,"turns":9},{"damage":2,"enemies":"Writhing Mass","floor":48,"turns":6},{"damage":6,"enemies":"Awakened One","floor":50,"turns":13}],"seed_played":"8673918131455758051","potions_obtained":[{"floor":1,"key":"Poison Potion"},{"floor":7,"key":"Poison Potion"},{"floor":14,"key":"Regen Potion"},{"floor":18,"key":"FearPotion"},{"floor":19,"key":"Strength Potion"},{"floor":22,"key":"LiquidBronze"},{"floor":23,"key":"Swift Potion"},{"floor":30,"key":"SpeedPotion"},{"floor":31,"key":"Fire Potion"},{"floor":33,"key":"PowerPotion"},{"floor":35,"key":"FearPotion"},{"floor":37,"key":"LiquidBronze"},{"floor":38,"key":"Energy Potion"},{"floor":42,"key":"FocusPotion"},{"floor":45,"key":"GamblersBrew"},{"floor":46,"key":"Block Potion"},{"floor":47,"key":"EssenceOfSteel"},{"floor":48,"key":"Block Potion"}],"is_trial":false,"path_per_floor":["M","$","M","M","?","R","E","R","T","E","?","R","?","M","R","B",null,"M","M","$","?","M","E","R","?","T","R","M","?","M","E","R","B",null,"M","?","M","M","M","E","$","E","T","R","?","M","E","M","R","B",null],"character_chosen":"DEFECT","items_purchased":["Genetic Algorithm","Calipers","Defragment","Chill","Hologram","All For One","Blind"],"campfire_rested":3,"item_purchase_floors":[2,2,20,20,20,41,41],"current_hp_per_floor":[74,74,69,67,67,67,45,45,45,35,30,30,30,31,53,53,75,70,48,48,48,54,40,40,26,26,50,56,62,78,50,75,79,86,86,86,86,86,86,86,86,86,86,86,86,86,80,82,82,80],"gold":252,"neow_bonus":"TWO_FIFTY_GOLD","is_prod":false,"is_daily":false,"chose_seed":false,"campfire_upgraded":6,"win_rate":0,"timestamp":1556380233,"path_taken":["M","$","M","M","?","R","E","R","T","E","?","R","?","M","R","BOSS","M","M","$","?","M","E","R","?","T","R","M","?","M","E","R","BOSS","M","?","?","M","M","E","$","E","T","R","?","M","E","M","R","BOSS"],"build_version":"2019-01-23","purchased_purges":1,"victory":true,"max_hp_per_floor":[75,75,75,75,75,75,75,75,75,75,75,75,75,75,75,75,75,75,75,75,75,75,75,75,80,80,80,80,86,86,86,86,86,86,86,86,86,86,86,86,86,86,86,86,86,86,86,86,86,86],"card_choices":[{"not_picked":["Turbo","Self Repair"],"picked":"Go for the Eyes","floor":1},{"not_picked":["Ball Lightning","Capacitor"],"picked":"Gash","floor":3},{"not_picked":["Rebound","Conserve Battery"],"picked":"Beam Cell","floor":4},{"not_picked":["Rebound","Static Discharge"],"picked":"Defragment","floor":7},{"not_picked":["Beam Cell","Turbo"],"picked":"Storm","floor":10},{"not_picked":["Turbo","Auto Shields"],"picked":"Cold Snap","floor":11},{"not_picked":["Stack","Rebound","Reprogram"],"picked":"SKIP","floor":14},{"not_picked":["Thunder Strike","Meteor Strike"],"picked":"All For One","floor":16},{"not_picked":["Reinforced Body+1","Ball Lightning"],"picked":"Go for the Eyes+1","floor":18},{"not_picked":["Beam Cell","Turbo"],"picked":"BootSequence","floor":19},{"not_picked":["Barrage","Ball Lightning"],"picked":"Coolheaded","floor":22},{"not_picked":["Self Repair","Scrape"],"picked":"Glacier","floor":23},{"not_picked":["Blizzard","Turbo","Go for the Eyes+1"],"picked":"SKIP","floor":28},{"not_picked":["FTL","Rebound"],"picked":"Seek","floor":30},{"not_picked":["White Noise","Force Field"],"picked":"Scrape","floor":31},{"not_picked":["Hyperbeam","Seek"],"picked":"Thunder Strike","floor":33},{"not_picked":["Steam","Blizzard+1"],"picked":"Reinforced Body+1","floor":35},{"not_picked":["Static Discharge","Beam Cell+1"],"picked":"Ball Lightning+1","floor":37},{"not_picked":["Reprogram","Stack"],"picked":"FTL+1","floor":38},{"not_picked":["Capacitor","Compile Driver","Sweeping Beam+1"],"picked":"SKIP","floor":39},{"not_picked":["Rebound","Beam Cell"],"picked":"Double Energy+1","floor":40},{"not_picked":["Streamline","Genetic Algorithm+1"],"picked":"Rainbow","floor":42},{"not_picked":["Sweeping Beam","Doom and Gloom"],"picked":"Go for the Eyes","floor":45},{"not_picked":["Recycle","Auto Shields+1","Blizzard"],"picked":"SKIP","floor":46},{"not_picked":["Barrage+1","Ball Lightning+1"],"picked":"Coolheaded+1","floor":47},{"not_picked":["Aggregate+1","Redo+1"],"picked":"Consume+1","floor":48}],"player_experience":1860774,"relics_obtained":[{"floor":7,"key":"Ice Cream"},{"floor":9,"key":"Shuriken"},{"floor":10,"key":"Bird Faced Urn"},{"floor":11,"key":"Darkstone Periapt"},{"floor":23,"key":"Turnip"},{"floor":26,"key":"Gremlin Horn"},{"floor":31,"key":"Gambling Chip"},{"floor":40,"key":"Sundial"},{"floor":42,"key":"Blue Candle"},{"floor":43,"key":"Symbiotic Virus"},{"floor":45,"key":"Unceasing Top"},{"floor":47,"key":"War Paint"}],"event_choices":[{"cards_removed":["Writhe"],"damage_healed":0,"gold_gain":0,"player_choice":"Card Removal","damage_taken":0,"max_hp_gain":0,"max_hp_loss":0,"event_name":"The Cleric","floor":5,"gold_loss":50},{"damage_healed":0,"gold_gain":0,"player_choice":"Searched \u00271\u0027 times","damage_taken":0,"max_hp_gain":0,"max_hp_loss":0,"event_name":"Dead Adventurer","floor":11,"gold_loss":0},{"damage_healed":0,"gold_gain":0,"player_choice":"Left Gold","damage_taken":0,"max_hp_gain":0,"max_hp_loss":0,"event_name":"World of Goop","floor":13,"gold_loss":21},{"damage_healed":0,"gold_gain":0,"player_choice":"Paid Fearfully","damage_taken":0,"max_hp_gain":0,"max_hp_loss":0,"event_name":"Masked Bandits","floor":21,"gold_loss":51},{"damage_healed":0,"gold_gain":0,"player_choice":"Shed Blood","damage_taken":19,"max_hp_gain":5,"max_hp_loss":0,"event_name":"Forgotten Altar","floor":25,"gold_loss":0},{"damage_healed":0,"gold_gain":0,"player_choice":"Stole Relic","damage_taken":0,"relics_obtained":["Pocketwatch"],"max_hp_gain":0,"max_hp_loss":0,"event_name":"Addict","floor":29,"gold_loss":0,"cards_obtained":["Shame"]},{"damage_healed":0,"gold_gain":0,"cards_transformed":["Strike_B"],"player_choice":"Transformed","damage_taken":0,"max_hp_gain":0,"max_hp_loss":0,"event_name":"Transmorgrifier","floor":36,"gold_loss":0,"cards_obtained":["Skim"]},{"damage_healed":0,"gold_gain":0,"player_choice":"Fight","damage_taken":0,"max_hp_gain":0,"max_hp_loss":0,"event_name":"Mysterious Sphere","floor":45,"gold_loss":0}],"is_beta":false,"boss_relics":[{"not_picked":["Runic Dome","Tiny House"],"picked":"White Beast Statue"},{"not_picked":["Black Star","Snecko Eye"],"picked":"Inserter"}],"items_purged_floors":[41],"is_endless":false,"potions_floor_spawned":[1,7,14,18,19,22,23,28,30,31,33,35,37,38,39,40,42,45,46,47,48],"ascension_level":1}