{"gold_per_floor":[111,125,139,152,33,65,65,76,100,128,128,128,141,154,154,252,252,265,277,296,7,27,62,9,9,86,86,1,1,14,29,29,129,129,145,160,170,180,180,180,190,190,490,519,529,0,0,14,14,14],"floor_reached":51,"playtime":17659,"items_purged":[],"score":915,"play_id":"a3df826b-87d7-49f2-86eb-d120dfc6e467","local_time":"20190328203340","is_ascension_mode":true,"campfire_choices":[{"data":"Perfected Strike","floor":7,"key":"SMITH"},{"data":"Perfected Strike","floor":12,"key":"SMITH"},{"data":"Armaments","floor":15,"key":"SMITH"},{"data":"True Grit","floor":25,"key":"SMITH"},{"floor":27,"key":"REST"},{"floor":32,"key":"REST"},{"data":"Bash","floor":40,"key":"SMITH"},{"data":"Power Through","floor":42,"key":"SMITH"},{"data":"Spot Weakness","floor":47,"key":"SMITH"},{"floor":49,"key":"REST"}],"neow_cost":"NONE","seed_source_timestamp":130711059800194,"circlet_count":0,"master_deck":["Strike_R","Strike_R","Strike_R","Defend_R","Defend_R","Defend_R","Defend_R","Bash+1","Power Through+1","Armaments+1","Perfected Strike+1","Perfected Strike+1","Headbutt","Flame Barrier","Shrug It Off","Feed","Anger","Warcry","Spot Weakness+1","Disarm","Thunderclap+1","True Grit+1","Shrug It Off","Reaper","Twin Strike","Wild Strike","Uppercut+1","Good Instincts","Discovery","Body Slam+1","Shockwave+1"],"relics":["Burning Blood","Shuriken","Omamori","Lantern","Ornamental Fan","Sozu","Calipers","Art of War","Self Forming Clay","Paper Frog","Runic Pyramid","Old Coin","Girya","Red Mask"],"potions_floor_usage":[4,6,6,10],"damage_taken":[{"damage":5,"enemies":"Cultist","floor":1,"turns":5},{"damage":4,"enemies":"2 Louse","floor":2,"turns":4},{"damage":1,"enemies":"Small Slimes","floor":3,"turns":6},{"damage":10,"enemies":"Gremlin Gang","floor":4,"turns":7},{"damage":30,"enemies":"3 Sentries","floor":6,"turns":14},{"damage":3,"enemies":"Blue Slaver","floor":8,"turns":3},{"damage":15,"enemies":"Lagavulin","floor":10,"turns":5},{"damage":6,"enemies":"Looter","floor":13,"turns":2},{"damage":0,"enemies":"Exordium Wildlife","floor":14,"turns":3},{"damage":42,"enemies":"Slime Boss","floor":16,"turns":12},{"damage":12,"enemies":"3 Byrds","floor":18,"turns":5},{"damage":8,"enemies":"2 Thieves","floor":19,"turns":4},{"damage":4,"enemies":"Snake Plant","floor":20,"turns":3},{"damage":30,"enemies":"Cultist and Chosen","floor":22,"turns":6},{"damage":18,"enemies":"Slavers","floor":23,"turns":6},{"damage":17,"enemies":"Centurion and Healer","floor":30,"turns":5},{"damage":2,"enemies":"Snecko","floor":31,"turns":4},{"damage":59,"enemies":"Automaton","floor":33,"turns":10},{"damage":37,"enemies":"3 Darklings","floor":35,"turns":6},{"damage":7,"enemies":"3 Shapes","floor":36,"turns":9},{"damage":10,"enemies":"3 Darklings","floor":37,"turns":7},{"damage":20,"enemies":"Jaw Worm Horde","floor":38,"turns":5},{"damage":20,"enemies":"Transient","floor":41,"turns":5},{"damage":29,"enemies":"Reptomancer","floor":44,"turns":6},{"damage":4,"enemies":"Spire Growth","floor":45,"turns":4},{"damage":12,"enemies":"3 Darklings","floor":48,"turns":8},{"damage":84,"enemies":"Time Eater","floor":50,"turns":10}],"seed_played":"1005187226571984290","potions_obtained":[{"floor":1,"key":"EssenceOfSteel"},{"floor":3,"key":"Fire Potion"},{"floor":8,"key":"Weak Potion"}],"is_trial":false,"path_per_floor":["M","M","$","T","M","?","?","M","?","?"],"character_chosen":"IRONCLAD","items_purchased":["Fruit Juice","Perfected Strike","Calipers","True Grit"],"campfire_rested":3,"item_purchase_floors":[5,5,21,24],"current_hp_per_floor":[73,75,80,76,76,57,57,60,60,51,51,51,51,57,57,21,69,63,64,66,66,42,33,33,33,33,60,60,60,52,56,84,31,78,78,88,98,101,96,96,82,82,82,59,64,64,64,82,104,45],"gold":14,"neow_bonus":"REMOVE_CARD","is_prod":false,"is_daily":false,"chose_seed":false,"campfire_upgraded":7,"win_rate":0,"timestamp":1553826820,"path_taken":["M","M","?","?","?","E","R","M","T","E","?","R","M","?","R","BOSS","M","M","M","$","M","E","$","R","T","R","?","?","M","M","R","BOSS","M","?","M","M","?","R","M","R","T","E","M","?","R","M","R","BOSS"],"build_version":"2019-01-23","purchased_purges":0,"victory":true,"max_hp_per_floor":[80,80,80,80,80,85,85,85,85,85,85,85,85,85,85,85,85,85,88,88,88,88,91,91,91,91,91,91,91,94,94,94,94,94,98,101,101,101,101,101,101,101,101,101,104,104,104,104,104,104],"card_choices":[{"not_picked":["Second Wind","Seeing Red"],"picked":"Power Through","floor":1},{"not_picked":["Thunderclap","Searing Blow"],"picked":"Armaments","floor":2},{"not_picked":["Heavy Blade","Bloodletting","Armaments"],"picked":"SKIP","floor":3},{"not_picked":["Body Slam","Havoc","Limit Break"],"picked":"SKIP","floor":4},{"not_picked":["Flame Barrier","Havoc"],"picked":"Perfected Strike","floor":6},{"not_picked":["Flex","Feel No Pain"],"picked":"Headbutt","floor":8},{"not_picked":["True Grit","Wild Strike"],"picked":"Flame Barrier","floor":10},{"not_picked":["Sword Boomerang","Rampage"],"picked":"Shrug It Off","floor":13},{"not_picked":["Flame Barrier","Flex","Clash"],"picked":"SKIP","floor":14},{"not_picked":["Reaper","Berserk"],"picked":"Feed","floor":16},{"not_picked":["Flex+1","Armaments"],"picked":"Anger","floor":18},{"not_picked":["Corruption","Seeing Red"],"picked":"Warcry","floor":19},{"not_picked":["Limit Break","Anger"],"picked":"Spot Weakness","floor":20},{"not_picked":["Bloodletting","Heavy Blade"],"picked":"Disarm","floor":22},{"not_picked":["Havoc","Pummel"],"picked":"Thunderclap+1","floor":23},{"not_picked":["Power Through","Inflame"],"picked":"Shrug It Off","floor":30},{"not_picked":["Clothesline","Dual Wield","Thunderclap+1"],"picked":"SKIP","floor":31},{"not_picked":["Bludgeon","Limit Break"],"picked":"Reaper","floor":33},{"not_picked":["Sword Boomerang","Wild Strike"],"picked":"Twin Strike","floor":35},{"not_picked":["Whirlwind+1","Shrug It Off+1"],"picked":"Wild Strike","floor":36},{"not_picked":["Intimidate","Flex+1"],"picked":"Uppercut+1","floor":37},{"not_picked":["Fire Breathing+1","Sword Boomerang+1","Uppercut"],"picked":"SKIP","floor":38},{"not_picked":["PanicButton","HandOfGreed"],"picked":"Good Instincts","floor":39},{"not_picked":["Impatience","Madness"],"picked":"Discovery","floor":39},{"not_picked":["Shrug It Off+1","Armaments+1"],"picked":"Body Slam+1","floor":41},{"not_picked":["Iron Wave","Sword Boomerang+1","Second Wind"],"picked":"SKIP","floor":44},{"not_picked":["Body Slam+1","Wild Strike"],"picked":"Shockwave+1","floor":45},{"not_picked":["Inflame+1","Clothesline+1","Wild Strike+1"],"picked":"SKIP","floor":48}],"player_experience":389094,"relics_obtained":[{"floor":6,"key":"Shuriken"},{"floor":9,"key":"Omamori"},{"floor":10,"key":"Lantern"},{"floor":11,"key":"Ornamental Fan"},{"floor":23,"key":"Art of War"},{"floor":26,"key":"Self Forming Clay"},{"floor":43,"key":"Old Coin"},{"floor":44,"key":"Girya"}],"event_choices":[{"damage_healed":0,"gold_gain":0,"player_choice":"Obtained Relic","damage_taken":0,"relics_obtained":["Paper Frog"],"max_hp_gain":0,"max_hp_loss":0,"event_name":"Addict","floor":28,"gold_loss":85},{"cards_removed":["Strike_R"],"damage_healed":0,"gold_gain":0,"player_choice":"Offered Basic","damage_taken":0,"max_hp_gain":0,"max_hp_loss":0,"event_name":"Bonfire Elementals","floor":29,"gold_loss":0},{"damage_healed":0,"gold_gain":0,"player_choice":"Memory 2","damage_taken":5,"max_hp_gain":0,"max_hp_loss":0,"event_name":"SensoryStone","floor":39,"gold_loss":0},{"damage_healed":0,"gold_gain":0,"player_choice":"Paid","damage_taken":0,"relics_obtained":["Red Mask"],"max_hp_gain":0,"max_hp_loss":0,"event_name":"Tomb of Lord Red Mask","floor":46,"gold_loss":529}],"is_beta":false,"boss_relics":[{"not_picked":["Tiny House","Pandora\u0027s Box"],"picked":"Sozu"},{"not_picked":["Runic Cube","Velvet Choker"],"picked":"Runic Pyramid"}],"items_purged_floors":[],"is_endless":false,"potions_floor_spawned":[1,3,8,18,19,22,31,35,45,48],"ascension_level":6}