{"gold_per_floor":[117,136,136,155,155,155,174,174,198,13,13,13,45,11,11,109,109,119,69,86,100,5,5,34,34,34,47,47,47,64,64,64,64],"floor_reached":33,"playtime":1301,"items_purged":[],"score":263,"play_id":"26defb62-4005-4975-8164-f7e5e35c8da3","local_time":"20190126144645","is_ascension_mode":false,"campfire_choices":[{"data":"Neutralize","floor":6.0,"key":"SMITH"},{"data":"All Out Attack","floor":8.0,"key":"SMITH"},{"data":"Skewer","floor":12.0,"key":"SMITH"},{"data":"Well Laid Plans","floor":15.0,"key":"SMITH"},{"data":"Survivor","floor":23.0,"key":"SMITH"},{"floor":25.0,"key":"REST"},{"floor":28.0,"key":"REST"},{"data":"Glass Knife","floor":32.0,"key":"SMITH"}],"neow_cost":"NONE","seed_source_timestamp":531834492461,"circlet_count":0,"master_deck":["Defend_G","Defend_G","Defend_G","Defend_G","Defend_G","Strike_G","Strike_G","Strike_G","Strike_G","Strike_G","Survivor+1","Neutralize+1","Predator","Deflect","All Out Attack+1","Skewer+1","Infinite Blades","Dagger Spray","Well Laid Plans+1","Backstab","Finisher","Flash of Steel","Glass Knife+1","Calculated Gamble+1","PiercingWail"],"special_seed":0,"relics":["Ring of the Snake","Pen Nib","GremlinMask","Orichalcum","Blood Vial","Tough Bandages","Runic Pyramid","Prayer Wheel","Du-Vu Doll","Oddly Smooth Stone"],"potions_floor_usage":[],"damage_taken":[{"damage":0.0,"enemies":"Jaw Worm","floor":1.0,"turns":5.0},{"damage":0.0,"enemies":"Cultist","floor":2.0,"turns":3.0},{"damage":0.0,"enemies":"Small Slimes","floor":4.0,"turns":4.0},{"damage":3.0,"enemies":"Exordium Thugs","floor":7.0,"turns":4.0},{"damage":8.0,"enemies":"Gremlin Nob","floor":13.0,"turns":4.0},{"damage":30.0,"enemies":"Hexaghost","floor":16.0,"turns":7.0},{"damage":11.0,"enemies":"2 Thieves","floor":18.0,"turns":4.0},{"damage":0.0,"enemies":"Chosen","floor":20.0,"turns":4.0},{"damage":8.0,"enemies":"Centurion and Healer","floor":21.0,"turns":8.0},{"damage":45.0,"enemies":"Book of Stabbing","floor":24.0,"turns":6.0},{"damage":11.0,"enemies":"Shelled Parasite and Fungi","floor":27.0,"turns":9.0},{"damage":3.0,"enemies":"3 Cultists","floor":30.0,"turns":3.0},{"damage":49,"enemies":"Automaton","floor":33,"turns":6}],"seed_played":"-3120037165825739904","potions_obtained":[{"floor":1.0,"key":"Dexterity Potion"},{"floor":2.0,"key":"FearPotion"},{"floor":16.0,"key":"Regen Potion"},{"floor":18.0,"key":"Strength Potion"},{"floor":20.0,"key":"Strength Potion"},{"floor":27.0,"key":"Fire Potion"}],"is_trial":false,"path_per_floor":["M","M","?","M","?","R","M","R","T","$","?","R","E","$","R","B",null,"M","?","M","M","$","R","E","R","T","M","R","$","M","T","R","B"],"character_chosen":"THE_SILENT","items_purchased":["Skewer","Infinite Blades","Dagger Spray","Well Laid Plans","Flash of Steel"],"campfire_rested":2,"item_purchase_floors":[10,10,10,14,22],"current_hp_per_floor":[70,70,70,70,70,70,67,67,67,67,67,67,61,61,61,33,70,59,59,61,55,55,55,12,33,33,24,45,45,44,44,44,0],"gold":64,"neow_bonus":"RANDOM_COMMON_RELIC","is_prod":false,"is_daily":false,"chose_seed":false,"campfire_upgraded":6,"win_rate":0,"timestamp":1548514005,"path_taken":["M","M","?","?","?","R","M","R","T","$","?","R","E","$","R","BOSS","M","?","?","M","$","R","E","R","T","M","R","$","M","?","R","BOSS"],"build_version":"2019-01-23","purchased_purges":0,"victory":false,"max_hp_per_floor":[70,70,70,70,70,70,70,70,70,70,70,70,70,70,70,70,70,70,70,70,70,70,70,70,70,70,70,70,70,70,70,70,70],"card_choices":[{"not_picked":["Reflex","Endless Agony"],"picked":"Predator","floor":1.0},{"not_picked":["Reflex","Outmaneuver"],"picked":"Deflect","floor":2.0},{"not_picked":["Underhanded Strike","Quick Slash"],"picked":"All Out Attack","floor":4.0},{"not_picked":["Distraction","Blade Dance"],"picked":"Quick Slash","floor":7.0},{"not_picked":["Underhanded Strike","Heel Hook","Skewer"],"picked":"SKIP","floor":13.0},{"not_picked":["Deflect","Prepared"],"picked":"Backstab","floor":18.0},{"not_picked":["Backflip","Heel Hook","Dash"],"picked":"SKIP","floor":20.0},{"not_picked":["Finisher","Bane+1","Acrobatics"],"picked":"SKIP","floor":21.0},{"not_picked":["Bane+1","Acrobatics"],"picked":"Finisher","floor":21.0},{"not_picked":["Reflex","Poisoned Stab"],"picked":"Glass Knife","floor":24.0},{"not_picked":["Terror","Flechettes","Quick Slash"],"picked":"SKIP","floor":27.0},{"not_picked":["Bane","Distraction+1","Cloak And Dagger"],"picked":"SKIP","floor":27.0},{"not_picked":["Prepared","Backflip"],"picked":"Calculated Gamble+1","floor":30.0},{"not_picked":["Dagger Spray","Reflex"],"picked":"PiercingWail","floor":30.0}],"player_experience":167467,"relics_obtained":[{"floor":9.0,"key":"Orichalcum"},{"floor":13.0,"key":"Tough Bandages"},{"floor":24.0,"key":"Prayer Wheel"},{"floor":26.0,"key":"Du-Vu Doll"},{"floor":31.0,"key":"Oddly Smooth Stone"}],"event_choices":[{"damage_healed":0.0,"max_hp_gain":0.0,"max_hp_loss":0.0,"gold_gain":0.0,"event_name":"FaceTrader","player_choice":"Trade","floor":3.0,"gold_loss":0.0,"damage_taken":0.0,"relics_obtained":["GremlinMask"]},{"damage_healed":0.0,"max_hp_gain":0.0,"max_hp_loss":0.0,"gold_gain":0.0,"event_name":"The Cleric","player_choice":"Leave","floor":5.0,"gold_loss":0.0,"damage_taken":0.0},{"cards_removed":["Quick Slash"],"damage_healed":0.0,"max_hp_gain":0.0,"max_hp_loss":0.0,"gold_gain":0.0,"event_name":"WeMeetAgain","player_choice":"Gave Card","floor":11.0,"gold_loss":0.0,"damage_taken":0.0,"relics_obtained":["Blood Vial"]},{"damage_healed":0.0,"max_hp_gain":0.0,"max_hp_loss":0.0,"gold_gain":0.0,"event_name":"The Joust","player_choice":"Bet on Murderer","floor":19.0,"gold_loss":50.0,"damage_taken":0.0}],"is_beta":false,"boss_relics":[{"not_picked":["WristBlade","Empty Cage"],"picked":"Runic Pyramid"}],"items_purged_floors":[],"is_endless":false,"potions_floor_spawned":[1,2,16,18,20,27],"killed_by":"Automaton","ascension_level":0}