{"gold_per_floor":[110,124,141,154,172,172,182,211,238,256,256],"floor_reached":11,"playtime":668,"items_purged":[],"score":134,"play_id":"44a12b56-cd86-4799-8cfe-aafd535bc242","local_time":"20190503235812","is_ascension_mode":true,"campfire_choices":[{"data":"Limit Break","floor":6,"key":"SMITH"}],"neow_cost":"NONE","seed_source_timestamp":345615184652700,"circlet_count":0,"master_deck":["AscendersBane","Bash","Havoc","Sword Boomerang","Flex","Intimidate","Headbutt","Fire Breathing","Armaments","Headbutt","Impervious","Shrug It Off","Battle Trance","Infernal Blade","Limit Break+1","Clothesline","Entrench","Infernal Blade"],"relics":["Pandora\u0027s Box","Torii","Blood Vial"],"potions_floor_usage":[10,11,11],"damage_taken":[{"damage":0,"enemies":"Cultist","floor":1,"turns":2},{"damage":7,"enemies":"2 Louse","floor":2,"turns":4},{"damage":9,"enemies":"Jaw Worm","floor":3,"turns":2},{"damage":9,"enemies":"Exordium Wildlife","floor":4,"turns":5},{"damage":9,"enemies":"Large Slime","floor":5,"turns":5},{"damage":14,"enemies":"Exordium Thugs","floor":7,"turns":4},{"damage":16,"enemies":"Lagavulin","floor":8,"turns":5},{"damage":11,"enemies":"2 Fungi Beasts","floor":10,"turns":4},{"damage":1,"enemies":"Gremlin Gang","floor":11,"turns":3}],"seed_played":"-277465819427409619","potions_obtained":[{"floor":5,"key":"BloodPotion"},{"floor":7,"key":"Swift Potion"},{"floor":10,"key":"SneckoOil"}],"is_trial":false,"path_per_floor":["M","M","M","M","M","R","M","E","T","M","M"],"character_chosen":"IRONCLAD","items_purchased":[],"campfire_rested":0,"item_purchase_floors":[],"current_hp_per_floor":[68,61,52,43,34,34,20,4,4,2,3],"gold":256,"neow_bonus":"BOSS_RELIC","is_prod":false,"is_daily":false,"chose_seed":false,"campfire_upgraded":1,"win_rate":0,"timestamp":1556920692,"path_taken":["M","M","M","M","M","R","M","E","T","?","M"],"build_version":"2019-01-23","purchased_purges":0,"victory":false,"max_hp_per_floor":[75,75,75,75,75,75,75,75,75,75,75],"card_choices":[{"not_picked":["Anger","Metallicize"],"picked":"Shrug It Off","floor":1},{"not_picked":["Warcry","Anger"],"picked":"Battle Trance","floor":2},{"not_picked":["Blood for Blood","Iron Wave"],"picked":"Infernal Blade","floor":3},{"not_picked":["Flex","Sword Boomerang"],"picked":"Limit Break","floor":4},{"not_picked":["Pommel Strike","Second Wind","Thunderclap"],"picked":"SKIP","floor":5},{"not_picked":["Clash","Burning Pact"],"picked":"Clothesline","floor":7},{"not_picked":["Perfected Strike","Body Slam"],"picked":"Entrench","floor":8},{"not_picked":["Perfected Strike","Armaments"],"picked":"Infernal Blade","floor":10}],"player_experience":1051355,"relics_obtained":[{"floor":8,"key":"Torii"},{"floor":9,"key":"Blood Vial"}],"event_choices":[],"is_beta":false,"boss_relics":[],"items_purged_floors":[],"is_endless":false,"potions_floor_spawned":[5,7,8,10],"killed_by":"Gremlin Gang","ascension_level":14}