{"gold_per_floor":[111,111,121,23,34,34,66,66,93,93,93,121,121,156,156,229,229,239,266,283,48,64,64,97,116,140,140,140,160,160],"floor_reached":30,"playtime":1188,"items_purged":[],"score":534,"play_id":"74f1401e-033d-4d4d-a43c-cd51a8a03422","local_time":"20190415131032","is_ascension_mode":true,"campfire_choices":[{"data":"Immolate","floor":6,"key":"SMITH"},{"data":"Uppercut","floor":8,"key":"SMITH"},{"data":"Whirlwind","floor":10,"key":"SMITH"},{"data":"Disarm","floor":15,"key":"SMITH"},{"floor":23,"key":"REST"},{"floor":28,"key":"REST"}],"neow_cost":"NONE","seed_source_timestamp":121019915498124,"circlet_count":0,"master_deck":["AscendersBane","Bash","Immolate+1","Ghostly Armor","Perfected Strike","Whirlwind+1","Intimidate","Uppercut+1","True Grit","Disarm+1","Limit Break","Rupture","Double Tap","Bludgeon","Brutality","Rupture","Exhume","Intimidate","Feed","Thunderclap","Armaments","Metallicize","Rupture","Corruption+1","Infernal Blade","Decay","Metallicize","Shrug It Off"],"relics":["Burning Blood","Smiling Mask","Centennial Puzzle","Letter Opener","Pen Nib","Pear","Pandora\u0027s Box","Red Mask","Blood Vial","Dream Catcher","Bag of Marbles"],"potions_floor_usage":[7,7,12,18,24,30,30],"damage_taken":[{"damage":1,"enemies":"Cultist","floor":1,"turns":3},{"damage":0,"enemies":"Small Slimes","floor":3,"turns":3},{"damage":9,"enemies":"2 Louse","floor":5,"turns":3},{"damage":25,"enemies":"Lagavulin","floor":7,"turns":7},{"damage":25,"enemies":"Gremlin Nob","floor":12,"turns":4},{"damage":13,"enemies":"3 Sentries","floor":14,"turns":6},{"damage":5,"enemies":"Hexaghost","floor":16,"turns":12},{"damage":8,"enemies":"3 Byrds","floor":18,"turns":4},{"damage":16,"enemies":"Masked Bandits","floor":19,"turns":3},{"damage":14,"enemies":"Shell Parasite","floor":20,"turns":8},{"damage":42,"enemies":"Shelled Parasite and Fungi","floor":22,"turns":6},{"damage":29,"enemies":"Book of Stabbing","floor":24,"turns":7},{"damage":12,"enemies":"Snecko","floor":25,"turns":4},{"damage":34,"enemies":"Sentry and Sphere","floor":29,"turns":6},{"damage":50,"enemies":"Gremlin Leader","floor":30,"turns":3}],"seed_played":"6757771595855742961","potions_obtained":[{"floor":7,"key":"Regen Potion"},{"floor":12,"key":"Weak Potion"},{"floor":14,"key":"SteroidPotion"},{"floor":18,"key":"Weak Potion"},{"floor":25,"key":"FearPotion"},{"floor":29,"key":"BloodPotion"}],"is_trial":false,"path_per_floor":["M","?","M","$","M","R","E","R","T","R","?","E","?","E","R","B",null,"M","?","M","$","M","R","E","M","T","?","R","M","E"],"character_chosen":"IRONCLAD","items_purchased":["AttackPotion","Explosive Potion","Rupture","Blood Vial"],"campfire_rested":2,"item_purchase_floors":[4,4,21,21],"current_hp_per_floor":[73,73,75,75,72,72,53,53,53,53,53,43,43,46,46,47,76,74,67,63,63,29,56,35,31,31,31,58,35,0],"gold":160,"neow_bonus":"ONE_RANDOM_RARE_CARD","is_prod":false,"is_daily":false,"chose_seed":false,"campfire_upgraded":4,"win_rate":0,"timestamp":1555359032,"path_taken":["M","?","?","$","?","R","E","R","T","R","?","E","?","E","R","BOSS","M","?","M","$","M","R","E","M","T","?","R","M","E"],"build_version":"2019-01-23","purchased_purges":0,"victory":false,"max_hp_per_floor":[75,75,75,75,75,75,75,75,75,75,75,75,75,85,85,85,85,85,88,92,92,92,92,92,92,92,92,92,95,95],"card_choices":[{"not_picked":["Wild Strike","Infernal Blade"],"picked":"Ghostly Armor","floor":1},{"not_picked":["Blood for Blood","Perfected Strike"],"picked":"Whirlwind","floor":3},{"not_picked":["Rupture","Sever Soul"],"picked":"Intimidate","floor":5},{"not_picked":["Second Wind","Cleave"],"picked":"Uppercut","floor":7},{"not_picked":["Hemokinesis","Havoc"],"picked":"True Grit","floor":12},{"not_picked":["Perfected Strike","Juggernaut"],"picked":"Disarm","floor":14},{"not_picked":["Offering","Barricade"],"picked":"Limit Break","floor":16},{"not_picked":["Second Wind","Entrench"],"picked":"Thunderclap","floor":18},{"not_picked":["Body Slam","Clash"],"picked":"Armaments","floor":19},{"not_picked":["Evolve","Battle Trance"],"picked":"Metallicize","floor":20},{"not_picked":["Warcry","Body Slam"],"picked":"Corruption+1","floor":22},{"not_picked":["Uppercut","Hemokinesis"],"picked":"Infernal Blade","floor":24},{"not_picked":["Juggernaut","Fire Breathing","Perfected Strike"],"picked":"SKIP","floor":25},{"not_picked":["Shrug It Off+1","Infernal Blade"],"picked":"Metallicize","floor":28},{"not_picked":["Cleave","Thunderclap"],"picked":"Shrug It Off","floor":29}],"player_experience":434671,"relics_obtained":[{"floor":7,"key":"Smiling Mask"},{"floor":9,"key":"Centennial Puzzle"},{"floor":12,"key":"Letter Opener"},{"floor":14,"key":"Pear"},{"floor":19,"key":"Red Mask"},{"floor":24,"key":"Dream Catcher"},{"floor":26,"key":"Bag of Marbles"}],"event_choices":[{"damage_healed":0,"gold_gain":0,"cards_transformed":["Strike_R"],"player_choice":"Transformed","damage_taken":0,"max_hp_gain":0,"max_hp_loss":0,"event_name":"Transmorgrifier","floor":2,"gold_loss":0,"cards_obtained":["Perfected Strike"]},{"damage_healed":0,"gold_gain":0,"player_choice":"Ignored","damage_taken":0,"max_hp_gain":0,"max_hp_loss":0,"event_name":"Liars Game","floor":11,"gold_loss":0},{"damage_healed":0,"gold_gain":0,"player_choice":"Searched \u00271\u0027 times","damage_taken":0,"relics_obtained":["Pen Nib"],"max_hp_gain":0,"max_hp_loss":0,"event_name":"Dead Adventurer","floor":13,"gold_loss":0},{"damage_healed":0,"gold_gain":0,"player_choice":"Fought Bandits","damage_taken":0,"max_hp_gain":0,"max_hp_loss":0,"event_name":"Masked Bandits","floor":19,"gold_loss":0},{"damage_healed":0,"gold_gain":0,"player_choice":"Smashed Altar","damage_taken":0,"max_hp_gain":0,"max_hp_loss":0,"event_name":"Forgotten Altar","floor":27,"gold_loss":0,"cards_obtained":["Decay"]}],"is_beta":false,"boss_relics":[{"not_picked":["Orrery","Runic Dome"],"picked":"Pandora\u0027s Box"}],"items_purged_floors":[],"is_endless":false,"potions_floor_spawned":[7,12,14,18,20,25,29],"killed_by":"Gremlin Leader","ascension_level":15}