{"gold_per_floor":[110,110,58,75,75,108,108,32,59,75,75,75,75,90,90,187,187,206,219,318,318],"floor_reached":21,"playtime":905,"items_purged":[],"score":212,"play_id":"1efb13a2-2487-43c4-bf7f-6034f86f44df","local_time":"20190409131626","is_ascension_mode":true,"campfire_choices":[{"data":"Zap","floor":7.0,"key":"SMITH"},{"data":"Tempest","floor":11.0,"key":"SMITH"},{"data":"Hologram","floor":13.0,"key":"SMITH"},{"data":"Hologram","floor":15.0,"key":"SMITH"}],"neow_cost":"NONE","seed_source_timestamp":0,"circlet_count":0,"master_deck":["Strike_B","Strike_B","Strike_B","Strike_B","Defend_B","Defend_B","Defend_B","Defend_B","Zap+1","Dualcast","Tempest+1","Gash","Sunder","Hologram+1","Hologram+1","Scrape","Ball Lightning","Static Discharge","Reboot","Writhe","Normality","Writhe","Genetic Algorithm+1"],"special_seed":0,"relics":["Cracked Core","Regal Pillow","Anchor","Calling Bell","Boot","Shuriken","Emotion Chip"],"potions_floor_usage":[19],"damage_taken":[{"damage":0.0,"enemies":"Small Slimes","floor":1.0,"turns":2.0},{"damage":1.0,"enemies":"Cultist","floor":4.0,"turns":3.0},{"damage":27.0,"enemies":"Lagavulin","floor":6.0,"turns":5.0},{"damage":0.0,"enemies":"2 Louse","floor":10.0,"turns":2.0},{"damage":10.0,"enemies":"Lots of Slimes","floor":14.0,"turns":3.0},{"damage":39.0,"enemies":"The Guardian","floor":16.0,"turns":9.0},{"damage":19,"enemies":"3 Byrds","floor":18,"turns":4},{"damage":22,"enemies":"Spheric Guardian","floor":19,"turns":4},{"damage":41,"enemies":"3 Cultists","floor":21,"turns":4}],"seed_played":"906722857796329621","potions_obtained":[{"floor":1.0,"key":"Strength Potion"},{"floor":4.0,"key":"Swift Potion"},{"floor":14.0,"key":"Regen Potion"},{"floor":16.0,"key":"Fruit Juice"}],"is_trial":false,"path_per_floor":["M","?","$","M","?","E","R","$","T","M","R","?","R","M","R","B",null,"M","M","?","M"],"character_chosen":"DEFECT","items_purchased":["Gash","Scrape"],"campfire_rested":0,"item_purchase_floors":[3,8],"current_hp_per_floor":[75,75,75,74,74,47,47,47,47,47,47,75,75,65,65,40,75,56,39,39,0],"gold":318,"neow_bonus":"RANDOM_COLORLESS","is_prod":false,"is_daily":false,"chose_seed":false,"campfire_upgraded":4,"win_rate":0,"timestamp":1554808586,"path_taken":["M","?","$","M","?","E","R","$","T","?","R","?","R","M","R","BOSS","M","?","?","M"],"build_version":"2019-01-23","purchased_purges":0,"victory":false,"max_hp_per_floor":[75,75,75,75,75,75,75,75,75,75,75,75,75,75,75,75,75,75,80,80,80],"card_choices":[{"not_picked":["Chaos","Storm"],"picked":"Tempest","floor":1.0},{"not_picked":["Hologram","Rebound"],"picked":"Sunder","floor":4.0},{"not_picked":["Streamline","Stack"],"picked":"Hologram","floor":6.0},{"not_picked":["Rip and Tear","Compile Driver"],"picked":"Ball Lightning","floor":10.0},{"not_picked":["Blizzard","Aggregate"],"picked":"Static Discharge","floor":14.0},{"not_picked":["Multi-Cast","Meteor Strike"],"picked":"Reboot","floor":16.0},{"not_picked":["Double Energy","Chill","Streamline"],"picked":"SKIP","floor":18},{"not_picked":["Rip and Tear+1","Turbo"],"picked":"Genetic Algorithm+1","floor":19}],"player_experience":274687,"relics_obtained":[{"floor":6.0,"key":"Regal Pillow"},{"floor":9.0,"key":"Anchor"},{"floor":17,"key":"Boot"},{"floor":17,"key":"Shuriken"},{"floor":17,"key":"Emotion Chip"}],"event_choices":[{"damage_healed":0.0,"max_hp_gain":0.0,"max_hp_loss":0.0,"gold_gain":0.0,"event_name":"The Cleric","player_choice":"Leave","floor":2.0,"gold_loss":0.0,"damage_taken":0.0},{"damage_healed":0.0,"max_hp_gain":0.0,"max_hp_loss":0.0,"gold_gain":0.0,"event_name":"Match and Keep!","player_choice":"1 cards matched","floor":5.0,"gold_loss":0.0,"damage_taken":0.0,"cards_obtained":["Hologram"]},{"cards_removed":["Dramatic Entrance"],"damage_healed":28.0,"max_hp_gain":0.0,"max_hp_loss":0.0,"gold_gain":0.0,"event_name":"Bonfire Elementals","player_choice":"Offered Uncommon","floor":12.0,"gold_loss":0.0,"damage_taken":0.0},{"damage_healed":0,"gold_gain":99,"player_choice":"Stole From Cult","damage_taken":0,"max_hp_gain":0,"max_hp_loss":0,"event_name":"Nest","floor":20,"gold_loss":0}],"is_beta":false,"boss_relics":[{"not_picked":["Sozu","Eternal Feather"],"picked":"Calling Bell"}],"items_purged_floors":[],"is_endless":false,"potions_floor_spawned":[1,4,14,16],"killed_by":"3 Cultists","ascension_level":4}