{"gold_per_floor":[119,119,8,8,8,39,39,73,73,73,109,9,33,74,74,203,203,227,28,44,44,56,56],"floor_reached":23,"playtime":1213,"items_purged":["Strike_B","Dualcast","Strike_B"],"score":278,"play_id":"d2debfd3-c59a-497a-9bfb-345f3c4622ee","local_time":"20181120235229","is_ascension_mode":true,"campfire_choices":[{"data":"Self Repair","floor":7,"key":"SMITH"},{"data":"Force Field","floor":10,"key":"SMITH"},{"floor":15,"key":"REST"}],"neow_cost":"NONE","seed_source_timestamp":445401865712586,"circlet_count":0,"master_deck":["Strike_B","Strike_B","Defend_B","Defend_B","Defend_B","Zap","Force Field+1","Self Repair+1","Reboot","Auto Shields","Echo Form","Streamline+1","Capacitor","Conserve Battery"],"relics":["Cracked Core","NeowsBlessing","Bloody Idol","Kunai","Darkstone Periapt","Centennial Puzzle","Ginger","Eternal Feather"],"potions_floor_usage":[11,11,14,16,20,23],"damage_taken":[{"damage":0,"enemies":"2 Louse","floor":1,"turns":1},{"damage":0,"enemies":"3 Sentries","floor":6,"turns":1},{"damage":0,"enemies":"Gremlin Nob","floor":8,"turns":1},{"damage":10,"enemies":"Lagavulin","floor":11,"turns":8},{"damage":0,"enemies":"Small Slimes","floor":13,"turns":4},{"damage":38,"enemies":"Gremlin Nob","floor":14,"turns":6},{"damage":33,"enemies":"The Guardian","floor":16,"turns":13},{"damage":19,"enemies":"Chosen","floor":18,"turns":7},{"damage":13,"enemies":"3 Byrds","floor":20,"turns":3},{"damage":34,"enemies":"Centurion and Healer","floor":22,"turns":8},{"damage":70,"enemies":"Slavers","floor":23,"turns":4}],"seed_played":"2691303079702431522","potions_obtained":[{"floor":1,"key":"LiquidBronze"},{"floor":6,"key":"Weak Potion"},{"floor":8,"key":"LiquidBronze"},{"floor":14,"key":"FocusPotion"},{"floor":18,"key":"PowerPotion"},{"floor":22,"key":"SteroidPotion"}],"is_trial":false,"path_per_floor":["M","?","$","?","?","E","R","E","T","R","E","$","M","E","R","B",null,"M","$","M","?","M","E"],"character_chosen":"DEFECT","items_purchased":["Self Repair","Capacitor"],"campfire_rested":1,"item_purchase_floors":[3,19],"current_hp_per_floor":[75,80,80,73,73,74,74,74,74,74,74,74,74,46,68,45,74,74,74,71,71,62,0],"gold":56,"neow_bonus":"THREE_ENEMY_KILL","is_prod":false,"is_daily":false,"chose_seed":false,"campfire_upgraded":2,"win_rate":0,"timestamp":1542754349,"path_taken":["M","?","$","?","?","E","R","E","T","R","E","$","M","E","R","BOSS","M","$","M","?","M","E"],"build_version":"2018-11-15","purchased_purges":3,"victory":false,"max_hp_per_floor":[75,80,80,80,74,74,74,74,74,74,74,74,74,74,74,74,74,74,74,74,74,74,74],"card_choices":[{"not_picked":["Cold Snap","Beam Cell"],"picked":"Force Field","floor":1},{"not_picked":["Aggregate","Sweeping Beam","Rip and Tear"],"picked":"SKIP","floor":6},{"not_picked":["Undo","Skim","Streamline"],"picked":"SKIP","floor":8},{"not_picked":["Core Surge","Force Field"],"picked":"Reboot","floor":11},{"not_picked":["Rebound","Chill"],"picked":"Auto Shields","floor":13},{"not_picked":["Scrape","Streamline","Barrage"],"picked":"SKIP","floor":14},{"not_picked":["Core Surge","Rainbow"],"picked":"Echo Form","floor":16},{"not_picked":["Sweeping Beam","Rip and Tear+1"],"picked":"Streamline+1","floor":18},{"not_picked":["Stack","Steam Power"],"picked":"Conserve Battery","floor":20},{"not_picked":["Sweeping Beam","Skim","Beam Cell"],"picked":"SKIP","floor":22}],"player_experience":226235,"relics_obtained":[{"floor":6,"key":"Kunai"},{"floor":8,"key":"Darkstone Periapt"},{"floor":11,"key":"Centennial Puzzle"},{"floor":14,"key":"Ginger"}],"event_choices":[{"damage_healed":0,"gold_gain":0,"player_choice":"Donut","damage_taken":0,"max_hp_gain":5,"max_hp_loss":0,"event_name":"Big Fish","floor":2,"gold_loss":0},{"cards_removed":["Defend_B"],"damage_healed":0,"gold_gain":0,"player_choice":"Card Removal","damage_taken":7,"max_hp_gain":0,"max_hp_loss":0,"event_name":"Golden Wing","floor":4,"gold_loss":0},{"damage_healed":0,"gold_gain":0,"player_choice":"Lose Max HP","damage_taken":0,"relics_obtained":["Golden Idol"],"max_hp_gain":0,"max_hp_loss":6,"event_name":"Golden Idol","floor":5,"gold_loss":0},{"damage_healed":0,"gold_gain":0,"player_choice":"Gave Idol","damage_taken":0,"relics_obtained":["Bloody Idol"],"max_hp_gain":0,"max_hp_loss":0,"event_name":"Forgotten Altar","floor":21,"relics_lost":["Golden Idol"],"gold_loss":0}],"is_beta":false,"boss_relics":[{"not_picked":["Runic Dome","Astrolabe"],"picked":"Eternal Feather"}],"items_purged_floors":[3,12,19],"is_endless":false,"potions_floor_spawned":[1,6,8,14,18,22],"killed_by":"Slavers","ascension_level":1}