{"gold_per_floor":[210,210,224,25,43,43,73,73,73,98,98,110,126,161,161,265,265,278,278,297,7,21,48,48,75,127,127,146,166,192,211,211,314,314,329,329,329,24,40,40,59,91,91,101,118,118,118,138,138,138,138,138,37,68,68],"floor_reached":55,"playtime":3432,"items_purged":["Strike_B"],"score":1093,"play_id":"e53407e6-75ac-4caa-a17a-8ed597691174","local_time":"20190112012417","is_ascension_mode":true,"campfire_choices":[{"data":"Barrage","floor":6.0,"key":"SMITH"},{"data":"Auto Shields","floor":8.0,"key":"SMITH"},{"data":"Defragment","floor":15.0,"key":"SMITH"},{"data":"Buffer","floor":24.0,"key":"SMITH"},{"data":"Buffer","floor":32.0,"key":"SMITH"},{"floor":40.0,"key":"RECALL"},{"data":"Echo Form","floor":49.0,"key":"SMITH"},{"data":"Capacitor","floor":52.0,"key":"SMITH"}],"neow_cost":"NONE","seed_source_timestamp":535400449974506,"circlet_count":0,"master_deck":["Strike_B+1","Strike_B+1","Strike_B+1","Defend_B","Defend_B","Defend_B","Zap","Dualcast+1","Cold Snap","Capacitor+1","Barrage+1","Auto Shields+1","Auto Shields","Defragment+1","Steam","Buffer+1","Buffer+1","Rip and Tear+1","FTL","White Noise+1","Glacier+1","Skim","Echo Form+1","Glacier","Good Instincts","Ball Lightning+1","Go for the Eyes+1"],"special_seed":0,"relics":["FrozenCore","Vajra","Whetstone","Pear","Smiling Mask","The Courier","MutagenicStrength","Singing Bowl","DataDisk","Art of War","Oddly Smooth Stone","Calipers","Coffee Dripper","Membership Card","Happy Flower","Tiny Chest","Pen Nib","Blood Vial","Shuriken","Dodecahedron","Blue Candle"],"potions_floor_usage":[55,55],"damage_taken":[{"damage":0.0,"enemies":"Small Slimes","floor":1.0,"turns":3.0},{"damage":7.0,"enemies":"Jaw Worm","floor":3.0,"turns":2.0},{"damage":6.0,"enemies":"2 Louse","floor":5.0,"turns":2.0},{"damage":15.0,"enemies":"Lagavulin","floor":7.0,"turns":7.0},{"damage":13.0,"enemies":"Gremlin Nob","floor":10.0,"turns":4.0},{"damage":10.0,"enemies":"Exordium Wildlife","floor":12.0,"turns":7.0},{"damage":6.0,"enemies":"Exordium Thugs","floor":13.0,"turns":3.0},{"damage":2.0,"enemies":"3 Sentries","floor":14.0,"turns":6.0},{"damage":1.0,"enemies":"The Guardian","floor":16.0,"turns":12.0},{"damage":0.0,"enemies":"Spheric Guardian","floor":18.0,"turns":6.0},{"damage":7.0,"enemies":"Shell Parasite","floor":20.0,"turns":6.0},{"damage":11.0,"enemies":"Snake Plant","floor":22.0,"turns":6.0},{"damage":1.0,"enemies":"Gremlin Leader","floor":23.0,"turns":10.0},{"damage":9.0,"enemies":"Slavers","floor":25.0,"turns":4.0},{"damage":0.0,"enemies":"Centurion and Healer","floor":28.0,"turns":9.0},{"damage":0.0,"enemies":"Snecko","floor":29.0,"turns":8.0},{"damage":0.0,"enemies":"Book of Stabbing","floor":30.0,"turns":7.0},{"damage":0.0,"enemies":"Shelled Parasite and Fungi","floor":31.0,"turns":8.0},{"damage":0.0,"enemies":"Collector","floor":33.0,"turns":14.0},{"damage":0.0,"enemies":"Orb Walker","floor":35.0,"turns":4.0},{"damage":0.0,"enemies":"3 Shapes","floor":39.0,"turns":12.0},{"damage":0.0,"enemies":"Writhing Mass","floor":41.0,"turns":9.0},{"damage":69.0,"enemies":"Reptomancer","floor":42.0,"turns":7.0},{"damage":0.0,"enemies":"Spire Growth","floor":44.0,"turns":6.0},{"damage":0.0,"enemies":"3 Darklings","floor":45.0,"turns":7.0},{"damage":0.0,"enemies":"Jaw Worm Horde","floor":48.0,"turns":7.0},{"damage":0.0,"enemies":"Donu and Deca","floor":50.0,"turns":16.0},{"damage":47.0,"enemies":"Shield and Spear","floor":54.0,"turns":8.0},{"damage":48,"enemies":"The Heart","floor":55,"turns":11}],"seed_played":"2443451757687219098","potions_obtained":[{"floor":3.0,"key":"FocusPotion"},{"floor":7.0,"key":"Dexterity Potion"},{"floor":10.0,"key":"Energy Potion"},{"floor":14.0,"key":"Ancient Potion"},{"floor":18.0,"key":"Block Potion"},{"floor":29.0,"key":"Ancient Potion"},{"floor":30.0,"key":"Energy Potion"},{"floor":31.0,"key":"SteroidPotion"},{"floor":45.0,"key":"Ancient Potion"}],"is_trial":false,"path_per_floor":["M","?","M","$","M","R","E","R","T","E","?","M","M","E","R","B",null,"M","?","M","$","M","E","R","E","T","?","M","M","E","M","R","B",null,"M","?","?","$","M","R","M","E","T","M","M","?","T","M","R","B",null,"R","$","E","B"],"character_chosen":"DEFECT","items_purchased":["Vajra","Barrage","FTL","Singing Bowl","Membership Card","Happy Flower","Tiny Chest","Pen Nib","Dodecahedron"],"campfire_rested":0,"item_purchase_floors":[4,4,21,21,38,38,38,38,53],"current_hp_per_floor":[75,60,53,53,47,47,32,32,42,29,57,47,41,39,39,38,73,73,73,66,66,55,56,56,47,47,47,49,51,51,53,53,53,83,83,83,83,83,85,85,85,16,16,20,24,87,87,89,89,89,89,89,89,44,0],"gold":68,"neow_bonus":"HUNDRED_GOLD","is_prod":false,"is_daily":false,"chose_seed":false,"campfire_upgraded":7,"win_rate":0,"timestamp":1547256257,"path_taken":["M","?","M","$","M","R","E","R","T","E","?","M","M","E","R","BOSS","M","?","M","$","M","E","R","E","T","?","M","M","E","M","R","BOSS","M","?","?","?","M","R","?","E","T","M","M","?","?","M","R","BOSS","R","$","E","BOSS"],"build_version":"2019-01-10","purchased_purges":1,"victory":false,"max_hp_per_floor":[75,75,75,75,75,75,75,75,85,85,85,85,85,85,85,85,85,85,85,85,85,85,87,87,87,87,87,89,91,91,93,93,93,93,93,93,93,93,95,95,95,95,95,97,99,87,87,89,89,89,89,89,89,91,91],"card_choices":[{"not_picked":["Streamline","Steam"],"picked":"Cold Snap","floor":1.0},{"not_picked":["Darkness","Redo"],"picked":"Capacitor","floor":3.0},{"not_picked":["Beam Cell","Steam Power"],"picked":"Auto Shields","floor":5.0},{"not_picked":["Streamline","Redo","Turbo"],"picked":"SKIP","floor":7.0},{"not_picked":["All For One","Rebound"],"picked":"Auto Shields","floor":10.0},{"not_picked":["Turbo","Cold Snap"],"picked":"Defragment","floor":12.0},{"not_picked":["Fusion","Barrage"],"picked":"Steam","floor":13.0},{"not_picked":["Leap","Beam Cell"],"picked":"Buffer","floor":14.0},{"not_picked":["Reboot","Creative AI"],"picked":"Buffer","floor":16.0},{"not_picked":["Go for the Eyes","Auto Shields"],"picked":"Rip and Tear+1","floor":18.0},{"not_picked":["Redo","Loop","Gash"],"picked":"SKIP","floor":20.0},{"not_picked":["Leap","Coolheaded"],"picked":"White Noise+1","floor":22.0},{"not_picked":["Storm","Chaos","Fusion"],"picked":"Singing Bowl","floor":23.0},{"not_picked":["Doom and Gloom+1","Blizzard"],"picked":"Glacier+1","floor":25.0},{"not_picked":["Steam","Loop","Thunder Strike"],"picked":"Singing Bowl","floor":28.0},{"not_picked":["Sweeping Beam","Conserve Battery","Loop"],"picked":"Singing Bowl","floor":29.0},{"not_picked":["Compile Driver","Stack+1"],"picked":"Skim","floor":30.0},{"not_picked":["Cold Snap+1","Compile Driver","Streamline+1"],"picked":"Singing Bowl","floor":31.0},{"not_picked":["Buffer","Creative AI"],"picked":"Echo Form","floor":33.0},{"not_picked":["Scrape","Blizzard"],"picked":"Glacier","floor":35.0},{"not_picked":["Discovery","Panacea"],"picked":"Good Instincts","floor":37.0},{"not_picked":["Compile Driver","Auto Shields+1","Static Discharge+1"],"picked":"Singing Bowl","floor":39.0},{"not_picked":["Leap+1","Reprogram"],"picked":"Ball Lightning+1","floor":41.0},{"not_picked":["Stack","Rainbow"],"picked":"Go for the Eyes+1","floor":42.0},{"not_picked":["Sweeping Beam+1","Go for the Eyes+1","Chaos+1"],"picked":"Singing Bowl","floor":44.0},{"not_picked":["White Noise","Skim+1","Gash+1"],"picked":"Singing Bowl","floor":45.0},{"not_picked":["Undo","Scrape","Genetic Algorithm+1"],"picked":"Singing Bowl","floor":48.0},{"not_picked":["Redo","Beam Cell","Sweeping Beam"],"picked":"Singing Bowl","floor":54.0}],"player_experience":52591,"relics_obtained":[{"floor":7.0,"key":"Whetstone"},{"floor":9.0,"key":"Pear"},{"floor":10.0,"key":"Smiling Mask"},{"floor":14.0,"key":"The Courier"},{"floor":23.0,"key":"DataDisk"},{"floor":25.0,"key":"Art of War"},{"floor":26.0,"key":"Oddly Smooth Stone"},{"floor":30.0,"key":"Calipers"},{"floor":42.0,"key":"Blood Vial"},{"floor":47.0,"key":"Shuriken"},{"floor":54.0,"key":"Blue Candle"}],"event_choices":[{"damage_healed":0.0,"max_hp_gain":0.0,"max_hp_loss":0.0,"gold_gain":0.0,"event_name":"Shining Light","player_choice":"Entered Light","floor":2.0,"gold_loss":0.0,"damage_taken":15.0,"cards_upgraded":["Dualcast","Strike_B"]},{"damage_healed":28.0,"max_hp_gain":0.0,"max_hp_loss":0.0,"gold_gain":0.0,"event_name":"Big Fish","player_choice":"Banana","floor":11.0,"gold_loss":0.0,"damage_taken":0.0},{"damage_healed":0.0,"max_hp_gain":0.0,"max_hp_loss":0.0,"gold_gain":0.0,"event_name":"Drug Dealer","player_choice":"Inject Mutagens","floor":19.0,"gold_loss":0.0,"damage_taken":0.0,"relics_obtained":["MutagenicStrength"]},{"damage_healed":0.0,"max_hp_gain":0.0,"max_hp_loss":0.0,"gold_gain":0.0,"event_name":"Vampires","player_choice":"Ignored","floor":27.0,"gold_loss":0.0,"damage_taken":0.0},{"cards_removed":["Defend_B"],"damage_healed":0.0,"max_hp_gain":0.0,"max_hp_loss":0.0,"gold_gain":0.0,"event_name":"Falling","player_choice":"Removed Skill","floor":36.0,"gold_loss":0.0,"damage_taken":0.0},{"damage_healed":0.0,"max_hp_gain":0.0,"max_hp_loss":0.0,"gold_gain":0.0,"event_name":"SensoryStone","player_choice":"Memory 1","floor":37.0,"gold_loss":0.0,"damage_taken":0.0},{"damage_healed":87.0,"max_hp_gain":0.0,"max_hp_loss":12.0,"gold_gain":0.0,"event_name":"The Moai Head","player_choice":"Heal","floor":46.0,"gold_loss":0.0,"damage_taken":0.0}],"is_beta":false,"boss_relics":[{"not_picked":["Runic Pyramid","Calling Bell"],"picked":"FrozenCore"},{"not_picked":["Cursed Key","Empty Cage"],"picked":"Coffee Dripper"}],"items_purged_floors":[21],"is_endless":false,"potions_floor_spawned":[3,7,10,14,18,29,30,31,33,39,45],"killed_by":"The Heart","ascension_level":5}