{"gold_per_floor":[112,37,37,53,65,90,101,81,107,121,139,168,168,197,197,268,268,281,52,52,62,62],"floor_reached":22,"playtime":1631,"items_purged":["Parasite"],"score":350,"play_id":"13efaab9-8bf9-4f53-95a3-3dae0b4ef394","local_time":"20190317144951","is_ascension_mode":true,"campfire_choices":[{"floor":13,"key":"REST"},{"data":"Armaments","floor":15,"key":"SMITH"}],"neow_cost":"CURSE","seed_source_timestamp":504665957024947,"circlet_count":0,"master_deck":["AscendersBane","Strike_R","Strike_R","Strike_R","Strike_R","Defend_R","Defend_R","Defend_R","Defend_R","Bash","Clothesline","Cleave","Carnage","Intimidate","Cleave","Armaments+1","Blood for Blood","Dropkick","Bludgeon","Disarm","Demon Form","Dropkick","Clash+1"],"relics":["Burning Blood","Dream Catcher","PreservedInsect","Regal Pillow","Pantograph","Black Star"],"potions_floor_usage":[6,12,16,16,21,22],"damage_taken":[{"damage":18,"enemies":"Jaw Worm","floor":1,"turns":4},{"damage":6,"enemies":"Cultist","floor":4,"turns":4},{"damage":10,"enemies":"Small Slimes","floor":5,"turns":3},{"damage":27,"enemies":"Gremlin Nob","floor":6,"turns":5},{"damage":5,"enemies":"2 Fungi Beasts","floor":7,"turns":3},{"damage":27,"enemies":"Large Slime","floor":10,"turns":5},{"damage":14,"enemies":"Red Slaver","floor":11,"turns":4},{"damage":30,"enemies":"Lagavulin","floor":12,"turns":4},{"damage":10,"enemies":"3 Sentries","floor":14,"turns":4},{"damage":63,"enemies":"Slime Boss","floor":16,"turns":11},{"damage":20,"enemies":"Spheric Guardian","floor":18,"turns":4},{"damage":28,"enemies":"3 Byrds","floor":21,"turns":5},{"damage":43,"enemies":"Snake Plant","floor":22,"turns":3}],"seed_played":"747877996796649082","potions_obtained":[{"floor":1,"key":"Regen Potion"},{"floor":8,"key":"BloodPotion"},{"floor":11,"key":"SpeedPotion"},{"floor":12,"key":"SpeedPotion"},{"floor":16,"key":"Block Potion"},{"floor":21,"key":"BloodPotion"}],"is_trial":false,"path_per_floor":["M","$","?","M","M","E","M","?","T","M","M","E","R","E","R","B",null,"M","$","?","M","M"],"character_chosen":"IRONCLAD","items_purchased":["Demon Form","Dropkick"],"campfire_rested":1,"item_purchase_floors":[19,19],"current_hp_per_floor":[70,70,63,63,59,52,53,53,53,32,24,8,48,44,44,12,68,54,54,54,32,0],"gold":62,"neow_bonus":"TWENTY_PERCENT_HP_BONUS","is_prod":false,"is_daily":false,"chose_seed":false,"campfire_upgraded":1,"win_rate":0,"timestamp":1552834191,"path_taken":["M","$","?","M","M","E","M","?","T","M","M","E","R","E","R","BOSS","M","$","?","M","M"],"build_version":"2019-01-23","purchased_purges":1,"victory":false,"max_hp_per_floor":[89,86,86,86,86,86,86,86,86,86,86,86,86,86,86,86,86,86,86,86,86,86],"card_choices":[{"not_picked":["Havoc","Hemokinesis","Body Slam"],"picked":"SKIP","floor":1},{"not_picked":["Clash","Feel No Pain"],"picked":"Clothesline","floor":4},{"not_picked":["Burning Pact","Twin Strike"],"picked":"Cleave","floor":5},{"not_picked":["Juggernaut","Warcry"],"picked":"Carnage","floor":6},{"not_picked":["Heavy Blade","Fire Breathing"],"picked":"Intimidate","floor":7},{"not_picked":["Carnage","Second Wind","Corruption"],"picked":"SKIP","floor":10},{"not_picked":["Searing Blow","Second Wind"],"picked":"Cleave","floor":11},{"not_picked":["True Grit","Cleave"],"picked":"Armaments","floor":12},{"not_picked":["Flex","Uppercut"],"picked":"Blood for Blood","floor":13},{"not_picked":["Thunderclap","Body Slam"],"picked":"Dropkick","floor":14},{"not_picked":["Barricade","Dark Embrace"],"picked":"Bludgeon","floor":16},{"not_picked":["Intimidate","Wild Strike"],"picked":"Disarm","floor":18},{"not_picked":["Clothesline","Rampage+1"],"picked":"Clash+1","floor":21}],"player_experience":1578009,"relics_obtained":[{"floor":6,"key":"Dream Catcher"},{"floor":9,"key":"PreservedInsect"},{"floor":12,"key":"Regal Pillow"},{"floor":14,"key":"Pantograph"}],"event_choices":[{"cards_removed":["Strike_R"],"damage_healed":0,"gold_gain":0,"player_choice":"Card Removal","damage_taken":7,"max_hp_gain":0,"max_hp_loss":0,"event_name":"Golden Wing","floor":3,"gold_loss":0},{"damage_healed":0,"gold_gain":0,"player_choice":"Bought 1 Potion","damage_taken":0,"max_hp_gain":0,"max_hp_loss":0,"event_name":"The Woman in Blue","floor":8,"gold_loss":0},{"damage_healed":0,"gold_gain":0,"player_choice":"Ignored","damage_taken":0,"max_hp_gain":0,"max_hp_loss":0,"event_name":"Beggar","floor":20,"gold_loss":0}],"is_beta":false,"boss_relics":[{"not_picked":["Coffee Dripper","Mark of Pain"],"picked":"Black Star"}],"items_purged_floors":[2],"is_endless":false,"potions_floor_spawned":[1,11,12,16,21],"killed_by":"Snake Plant","ascension_level":14}