{"gold_per_floor":[114,129,129,129,129,129,129,144,144,169,119,134,134,149,149,249,249,264,279,294,209,209,209,209,211,286,301,316,331,331,346,346,346],"floor_reached":33,"playtime":1465,"items_purged":[],"score":239,"play_id":"626fd318-819a-423b-ac1d-360a93e187a9","local_time":"20181210162442","daily_mods":["Chimera","Hoarder","Night Terrors"],"is_ascension_mode":false,"campfire_choices":[{"data":"Zap","floor":7,"key":"SMITH"},{"data":"Survivor","floor":15,"key":"SMITH"},{"data":"Cold Snap","floor":24,"key":"SMITH"},{"data":"Redo","floor":32,"key":"SMITH"}],"neow_cost":"","seed_source_timestamp":0,"circlet_count":0,"master_deck":["Bash+1","Survivor+1","Zap+1","Strike_B","Defend_G","Defend_B","Cold Snap+1","Cold Snap","Cold Snap","Darkness+1","Darkness+1","Darkness+1","Capacitor","Capacitor","Capacitor","Redo+1","Redo","Redo"],"special_seed":17875,"relics":["Cracked Core","Potion Belt","Anchor","Empty Cage","Centennial Puzzle","Red Mask","Symbiotic Virus"],"potions_floor_usage":[14,28,28,33],"damage_taken":[{"damage":1,"enemies":"Jaw Worm","floor":1,"turns":5},{"damage":6,"enemies":"Cultist","floor":2,"turns":3},{"damage":0,"enemies":"2 Louse","floor":8,"turns":3},{"damage":3,"enemies":"Lots of Slimes","floor":12,"turns":4},{"damage":1,"enemies":"Exordium Wildlife","floor":14,"turns":5},{"damage":14,"enemies":"The Guardian","floor":16,"turns":13},{"damage":0,"enemies":"Chosen","floor":18,"turns":4},{"damage":0,"enemies":"Spheric Guardian","floor":19,"turns":4},{"damage":15,"enemies":"Chosen and Byrds","floor":20,"turns":8},{"damage":22,"enemies":"Masked Bandits","floor":25,"turns":6},{"damage":1,"enemies":"Snecko","floor":27,"turns":4},{"damage":0,"enemies":"Sentry and Sphere","floor":28,"turns":3},{"damage":11,"enemies":"3 Cultists","floor":29,"turns":5},{"damage":0,"enemies":"Snake Plant","floor":31,"turns":2},{"damage":31,"enemies":"Collector","floor":33,"turns":6}],"seed_played":"-7146687675477179986","potions_obtained":[{"floor":8,"key":"FocusPotion"},{"floor":25,"key":"EssenceOfSteel"},{"floor":27,"key":"FocusPotion"},{"floor":28,"key":"Fire Potion"},{"floor":31,"key":"AttackPotion"}],"is_trial":false,"path_per_floor":["M","M","?","$","?","$","R","M","T","T","?","M","?","M","R","B",null,"M","M","M","?","$","?","R","?","T","M","M","M","?","M","R","B"],"character_chosen":"DEFECT","items_purchased":[],"campfire_rested":0,"item_purchase_floors":[],"current_hp_per_floor":[74,68,68,68,68,68,68,68,68,68,68,65,65,64,64,50,75,75,75,60,60,60,60,60,38,38,37,37,26,26,26,26,0],"gold":346,"neow_bonus":"","is_prod":false,"is_daily":true,"chose_seed":false,"campfire_upgraded":4,"win_rate":0,"timestamp":1544455482,"path_taken":["M","M","?","$","?","$","R","?","T","?","?","M","?","M","R","BOSS","M","?","M","?","$","?","R","?","T","M","?","M","?","M","R","BOSS"],"build_version":"2018-12-06","purchased_purges":0,"victory":false,"max_hp_per_floor":[75,75,75,75,75,75,75,75,75,75,75,75,75,75,75,75,75,75,75,75,75,75,75,75,75,75,75,75,75,75,75,75,75],"card_choices":[{"not_picked":["Stack","Static Discharge","Barrage"],"picked":"SKIP","floor":1},{"not_picked":["Ball Lightning","Conserve Battery","Stack"],"picked":"SKIP","floor":2},{"not_picked":["Auto Shields","Reinforced Body","Reprogram"],"picked":"SKIP","floor":8},{"not_picked":["Ball Lightning","Genetic Algorithm","Turbo"],"picked":"SKIP","floor":12},{"not_picked":["Melter","Turbo"],"picked":"Cold Snap","floor":14},{"not_picked":["Genetic Algorithm","Leap","Recycle"],"picked":"SKIP","floor":18},{"not_picked":["Steam","Go for the Eyes","Leap"],"picked":"SKIP","floor":19},{"not_picked":["Barrage","Hologram","Core Surge"],"picked":"SKIP","floor":20},{"not_picked":["Conserve Battery","Cold Snap+1"],"picked":"Darkness+1","floor":27},{"not_picked":["Rebound","Turbo","Beam Cell"],"picked":"SKIP","floor":28},{"not_picked":["Hologram","Steam+1"],"picked":"Capacitor","floor":29},{"not_picked":["Steam Power","Sweeping Beam+1"],"picked":"Redo","floor":31}],"player_experience":400816,"relics_obtained":[{"floor":9,"key":"Potion Belt"},{"floor":10,"key":"Anchor"},{"floor":25,"key":"Red Mask"},{"floor":26,"key":"Symbiotic Virus"}],"event_choices":[{"damage_healed":0,"gold_gain":0,"player_choice":"Ignored","damage_taken":0,"max_hp_gain":0,"max_hp_loss":0,"event_name":"Golden Wing","floor":3,"gold_loss":0},{"damage_healed":0,"gold_gain":0,"player_choice":"Upgraded","damage_taken":0,"max_hp_gain":0,"max_hp_loss":0,"event_name":"Upgrade Shrine","floor":5,"gold_loss":0,"cards_upgraded":["Bash"]},{"cards_removed":["Strike_R"],"damage_healed":0,"gold_gain":0,"player_choice":"Card Removal","damage_taken":0,"max_hp_gain":0,"max_hp_loss":0,"event_name":"The Cleric","floor":11,"gold_loss":50},{"damage_healed":0,"gold_gain":0,"player_choice":"0 cards matched","damage_taken":0,"max_hp_gain":0,"max_hp_loss":0,"event_name":"Match and Keep!","floor":13,"gold_loss":0,"cards_obtained":[]},{"damage_healed":0,"gold_gain":0,"player_choice":"Obtained Relic","damage_taken":0,"relics_obtained":["Centennial Puzzle"],"max_hp_gain":0,"max_hp_loss":0,"event_name":"Addict","floor":21,"gold_loss":85},{"damage_healed":0,"gold_gain":0,"player_choice":"Ignored","damage_taken":0,"max_hp_gain":0,"max_hp_loss":0,"event_name":"Beggar","floor":23,"gold_loss":0},{"damage_healed":0,"gold_gain":0,"player_choice":"Fought Bandits","damage_taken":0,"max_hp_gain":0,"max_hp_loss":0,"event_name":"Masked Bandits","floor":25,"gold_loss":0},{"damage_healed":0,"gold_gain":0,"player_choice":"0 cards matched","damage_taken":0,"max_hp_gain":0,"max_hp_loss":0,"event_name":"Match and Keep!","floor":30,"gold_loss":0,"cards_obtained":[]}],"is_beta":false,"boss_relics":[{"not_picked":["Snecko Eye","Runic Dome"],"picked":"Empty Cage"}],"items_purged_floors":[],"is_endless":false,"potions_floor_spawned":[8,25,27,28,31],"killed_by":"Collector","ascension_level":0}