{"gold_per_floor":[116,16,34,44,56,56,75,75,101,130,30,61,73,100,100,201,201,214,89,102,116,116,116,126,126,126,144,144,159,173,200,200,304,304,324,373,386,386,404,404,417,417,417,433,433,39,51,51],"floor_reached":48,"playtime":1986,"items_purged":["Strike_R","Strike_R","Strike_R","Clothesline+1"],"score":458,"play_id":"e50cc70d-1265-4d0b-9c30-941451573a97","local_time":"20180920175221","is_ascension_mode":false,"campfire_choices":[{"data":"Bash","floor":6,"key":"SMITH"},{"data":"Clothesline","floor":8,"key":"SMITH"},{"data":"Strike_R","floor":15,"key":"PURGE"},{"data":"Defend_R","floor":23,"key":"PURGE"},{"data":"Defend_R","floor":28,"key":"PURGE"},{"data":"Defend_R","floor":32,"key":"PURGE"},{"data":"Strike_R","floor":40,"key":"PURGE"},{"data":"Clash","floor":42,"key":"PURGE"}],"neow_cost":"NONE","seed_source_timestamp":587062896716206,"circlet_count":0,"master_deck":["Defend_R","Bash+1","Dropkick","Armaments","Pommel Strike+1","Clash+1","Double Tap","Dual Wield","Thunderclap+1"],"relics":["Burning Blood","NeowsBlessing","Whetstone","Blood Vial","Omamori","Peace Pipe","Runic Dome","Bottled Lightning","Red Mask","Philosopher\u0027s Stone","Magic Flower","PreservedInsect","Question Card","Shuriken"],"potions_floor_usage":[12,16,30,31,33,33,41,48],"damage_taken":[{"damage":0,"enemies":"Cultist","floor":1,"turns":1},{"damage":0,"enemies":"2 Louse","floor":3,"turns":1},{"damage":0,"enemies":"Jaw Worm","floor":4,"turns":1},{"damage":12,"enemies":"Lots of Slimes","floor":5,"turns":9},{"damage":13,"enemies":"Exordium Thugs","floor":7,"turns":7},{"damage":13,"enemies":"Lagavulin","floor":10,"turns":6},{"damage":14,"enemies":"3 Sentries","floor":12,"turns":8},{"damage":17,"enemies":"Gremlin Gang","floor":13,"turns":5},{"damage":10,"enemies":"Gremlin Nob","floor":14,"turns":3},{"damage":36,"enemies":"The Guardian","floor":16,"turns":10},{"damage":8,"enemies":"3 Byrds","floor":18,"turns":5},{"damage":12,"enemies":"Shell Parasite","floor":20,"turns":2},{"damage":21,"enemies":"Cultist and Chosen","floor":21,"turns":6},{"damage":21,"enemies":"3 Cultists","floor":24,"turns":5},{"damage":11,"enemies":"Snecko","floor":27,"turns":4},{"damage":3,"enemies":"Centurion and Healer","floor":29,"turns":3},{"damage":8,"enemies":"Shelled Parasite and Fungi","floor":30,"turns":3},{"damage":16,"enemies":"Masked Bandits","floor":31,"turns":3},{"damage":27,"enemies":"Collector","floor":33,"turns":3},{"damage":0,"enemies":"Orb Walker","floor":35,"turns":2},{"damage":12,"enemies":"Mysterious Sphere","floor":36,"turns":3},{"damage":19,"enemies":"3 Darklings","floor":37,"turns":3},{"damage":21,"enemies":"Spire Growth","floor":39,"turns":3},{"damage":22,"enemies":"4 Shapes","floor":41,"turns":3},{"damage":0,"enemies":"Reptomancer","floor":44,"turns":2},{"damage":21,"enemies":"Maw","floor":47,"turns":4},{"damage":56,"enemies":"Nemesis","floor":48,"turns":5}],"seed_played":"-3737229028565330963","potions_obtained":[{"floor":7,"key":"PowerPotion"},{"floor":10,"key":"SteroidPotion"},{"floor":12,"key":"Ancient Potion"},{"floor":13,"key":"Regen Potion"},{"floor":16,"key":"Fire Potion"},{"floor":29,"key":"BloodPotion"},{"floor":31,"key":"AttackPotion"},{"floor":37,"key":"Fire Potion"},{"floor":39,"key":"Energy Potion"},{"floor":44,"key":"LiquidBronze"}],"is_trial":false,"path_per_floor":["M","$","M","M","M","R","M","R","T","E","$","E","M","E","R","B",null,"M","$","M","M","?","R","M","$","T","M","R","M","M","?","R","B",null,"M","?","M","?","M","R","M","R","T","M","T","$","M"],"character_chosen":"IRONCLAD","items_purchased":["Armaments","Shuriken"],"campfire_rested":0,"item_purchase_floors":[2,46],"current_hp_per_floor":[80,80,80,80,74,74,67,67,67,60,60,54,45,43,43,29,80,78,78,74,61,61,61,48,48,48,45,45,50,58,50,50,31,80,80,74,67,67,58,58,48,48,48,60,60,60,51,0],"gold":51,"neow_bonus":"THREE_ENEMY_KILL","is_prod":false,"is_daily":false,"chose_seed":false,"campfire_upgraded":2,"win_rate":0,"timestamp":1537491141,"path_taken":["M","$","M","?","M","R","?","R","T","E","$","E","M","E","R","BOSS","M","$","M","M","?","R","M","?","T","M","R","M","?","?","R","BOSS","M","?","M","?","M","R","M","R","T","M","?","$","M","E"],"build_version":"2018-09-20","purchased_purges":4,"victory":false,"max_hp_per_floor":[80,80,80,80,80,80,80,80,80,80,80,80,80,80,80,80,80,80,80,80,80,80,80,80,80,80,80,80,80,80,80,80,80,80,80,80,80,80,80,80,80,80,80,80,80,80,80,80],"card_choices":[{"not_picked":["Perfected Strike","Pommel Strike"],"picked":"Dropkick","floor":1},{"not_picked":["Wild Strike","Iron Wave"],"picked":"Pommel Strike","floor":3},{"not_picked":["Rampage","Pommel Strike"],"picked":"Clothesline","floor":4},{"not_picked":["Cleave","Sword Boomerang"],"picked":"Clash","floor":5},{"not_picked":["Entrench","Blood for Blood","Pommel Strike"],"picked":"SKIP","floor":7},{"not_picked":["Seeing Red","True Grit"],"picked":"Double Tap","floor":10},{"not_picked":["Anger","Sword Boomerang"],"picked":"Clash","floor":12},{"not_picked":["Seeing Red","Metallicize","Armaments"],"picked":"SKIP","floor":13},{"not_picked":["Pommel Strike","Inflame"],"picked":"Dual Wield","floor":14},{"not_picked":["Iron Wave","Heavy Blade","Dual Wield"],"picked":"SKIP","floor":18},{"not_picked":["Armaments","Metallicize","Second Wind"],"picked":"SKIP","floor":20},{"not_picked":["Flex","Wild Strike","Cleave"],"picked":"SKIP","floor":21},{"not_picked":["True Grit","Whirlwind","Inflame"],"picked":"SKIP","floor":24},{"not_picked":["Clash","Pommel Strike+1","Infernal Blade"],"picked":"SKIP","floor":27},{"not_picked":["Pommel Strike","Shrug It Off","Clothesline"],"picked":"SKIP","floor":29},{"not_picked":["Cleave","Entrench+1","Whirlwind"],"picked":"SKIP","floor":30},{"not_picked":["Armaments","Burning Pact"],"picked":"Thunderclap+1","floor":35},{"not_picked":["Rupture+1","Iron Wave","Thunderclap+1"],"picked":"SKIP","floor":37},{"not_picked":["Rupture+1","Carnage+1","Disarm"],"picked":"SKIP","floor":39},{"not_picked":["Flex+1","Clash","Heavy Blade+1"],"picked":"SKIP","floor":41},{"not_picked":["Intimidate+1","Dropkick","Pommel Strike+1"],"picked":"SKIP","floor":44},{"not_picked":["Twin Strike+1","Perfected Strike+1","Iron Wave+1","Clash"],"picked":"SKIP","floor":47}],"player_experience":242762,"relics_obtained":[{"floor":9,"key":"Whetstone"},{"floor":10,"key":"Blood Vial"},{"floor":12,"key":"Omamori"},{"floor":14,"key":"Peace Pipe"},{"floor":26,"key":"Bottled Lightning"},{"floor":31,"key":"Red Mask"},{"floor":36,"key":"Magic Flower"},{"floor":43,"key":"PreservedInsect"},{"floor":45,"key":"Question Card"}],"event_choices":[{"event_name":"Vampires","player_choice":"Ignored","floor":22,"damage_taken":0},{"event_name":"Masked Bandits","player_choice":"Fought Bandits","floor":31,"damage_taken":0},{"event_name":"Mysterious Sphere","player_choice":"Fight","floor":36,"damage_taken":0},{"event_name":"SensoryStone","player_choice":"Memory 1","floor":38,"damage_taken":0}],"is_beta":false,"boss_relics":[{"not_picked":["Orrery","Mark of Pain"],"picked":"Runic Dome"},{"not_picked":["Lizard Tail","Pandora\u0027s Box"],"picked":"Philosopher\u0027s Stone"}],"items_purged_floors":[2,11,19,46],"is_endless":false,"potions_floor_spawned":[7,10,12,13,16,18,21,27,29,31,37,39,44],"killed_by":"Nemesis","ascension_level":0}