{"gold_per_floor":[114,114,134,134,134,134,168,168,168,182,221,221,264,25,25,151,151,136,150,65,89,113,113,127,147,203,203],"floor_reached":27,"playtime":1428,"items_purged":[],"score":322,"play_id":"595e49c5-0026-473b-a890-687ead7d04af","local_time":"20190317134321","is_ascension_mode":true,"campfire_choices":[{"data":"Neutralize","floor":6,"key":"SMITH"},{"data":"Endless Agony","floor":8,"key":"SMITH"},{"floor":12,"key":"REST"},{"data":"Noxious Fumes","floor":15,"key":"SMITH"},{"floor":23,"key":"REST"}],"neow_cost":"NONE","seed_source_timestamp":93515850187061,"circlet_count":0,"master_deck":["Defend_G","Defend_G","Defend_G","Defend_G","Defend_G","Strike_G+1","Strike_G","Strike_G+1","Survivor","Neutralize+1","Dagger Throw","Endless Agony+1","Well Laid Plans","Caltrops","Noxious Fumes+1","Night Terror","Cloak And Dagger+1","Well Laid Plans","Catalyst","PiercingWail","Cloak And Dagger+1","Die Die Die"],"relics":["Ring of the Snake","NeowsBlessing","Golden Idol","FaceOfCleric","Juzu Bracelet","Matryoshka","Lantern","Oddly Smooth Stone","Mummified Hand","Empty Cage","Blue Candle","Tiny Chest","Whetstone"],"potions_floor_usage":[11,16,22,22,25,27,27],"damage_taken":[{"damage":0,"enemies":"Small Slimes","floor":1,"turns":1},{"damage":0,"enemies":"2 Louse","floor":3,"turns":1},{"damage":0,"enemies":"3 Sentries","floor":7,"turns":1},{"damage":0,"enemies":"Cultist","floor":10,"turns":3},{"damage":12,"enemies":"Lagavulin","floor":11,"turns":6},{"damage":22,"enemies":"3 Sentries","floor":13,"turns":10},{"damage":20,"enemies":"Hexaghost","floor":16,"turns":11},{"damage":14,"enemies":"2 Thieves","floor":18,"turns":4},{"damage":15,"enemies":"Shell Parasite","floor":19,"turns":7},{"damage":17,"enemies":"Snake Plant","floor":21,"turns":7},{"damage":23,"enemies":"Snecko","floor":22,"turns":6},{"damage":12,"enemies":"Sentry and Sphere","floor":24,"turns":5},{"damage":28,"enemies":"Cultist and Chosen","floor":25,"turns":8},{"damage":8,"enemies":"Slavers","floor":27,"turns":4}],"seed_played":"-85862144429176089","potions_obtained":[{"floor":10,"key":"PowerPotion"},{"floor":11,"key":"Fire Potion"},{"floor":13,"key":"AttackPotion"},{"floor":18,"key":"AttackPotion"},{"floor":21,"key":"Block Potion"},{"floor":24,"key":"SpeedPotion"},{"floor":25,"key":"GhostInAJar"}],"is_trial":false,"path_per_floor":["M","?","M","?","?","R","E","R","T","M","E","R","E","$","R","B",null,"M","M","?","M","M","R","M","M","T","E"],"character_chosen":"THE_SILENT","items_purchased":["Mummified Hand"],"campfire_rested":2,"item_purchase_floors":[14],"current_hp_per_floor":[70,75,75,57,57,57,58,58,58,59,48,71,50,50,50,31,80,67,53,53,37,15,40,29,2,2,0],"gold":203,"neow_bonus":"THREE_ENEMY_KILL","is_prod":false,"is_daily":false,"chose_seed":false,"campfire_upgraded":3,"win_rate":0,"timestamp":1552855401,"path_taken":["M","?","M","?","?","R","E","R","T","M","E","R","E","$","R","BOSS","M","M","?","M","M","R","M","M","T","E"],"build_version":"2019-01-23","purchased_purges":0,"victory":false,"max_hp_per_floor":[70,75,75,75,75,75,76,76,76,77,78,78,79,79,79,80,80,81,82,82,83,84,84,85,86,86,86],"card_choices":[{"not_picked":["Poisoned Stab","Deadly Poison"],"picked":"Dagger Throw","floor":1},{"not_picked":["Blade Dance","Blur"],"picked":"Endless Agony","floor":3},{"not_picked":["Finisher","Blur"],"picked":"Well Laid Plans","floor":7},{"not_picked":["Dodge and Roll","Well Laid Plans"],"picked":"Caltrops","floor":10},{"not_picked":["Doppelganger","Slice","Deadly Poison"],"picked":"SKIP","floor":11},{"not_picked":["Backflip","Sucker Punch"],"picked":"Noxious Fumes","floor":13},{"not_picked":["After Image","Unload"],"picked":"Night Terror","floor":16},{"not_picked":["Poisoned Stab","Blade Dance"],"picked":"Cloak And Dagger+1","floor":18},{"not_picked":["Noxious Fumes","Tactician+1"],"picked":"Well Laid Plans","floor":19},{"not_picked":["Quick Slash","Blade Dance"],"picked":"Catalyst","floor":21},{"not_picked":["Tactician","Distraction"],"picked":"PiercingWail","floor":22},{"not_picked":["Dodge and Roll","All Out Attack"],"picked":"Cloak And Dagger+1","floor":24},{"not_picked":["Prepared","Blade Dance"],"picked":"Die Die Die","floor":25}],"player_experience":42852,"relics_obtained":[{"floor":7,"key":"Juzu Bracelet"},{"floor":9,"key":"Matryoshka"},{"floor":11,"key":"Lantern"},{"floor":13,"key":"Oddly Smooth Stone"},{"floor":26,"key":"Tiny Chest"},{"floor":26,"key":"Whetstone"}],"event_choices":[{"damage_healed":0,"gold_gain":0,"player_choice":"Donut","damage_taken":0,"max_hp_gain":5,"max_hp_loss":0,"event_name":"Big Fish","floor":2,"gold_loss":0},{"damage_healed":0,"gold_gain":0,"player_choice":"Take Damage","damage_taken":18,"relics_obtained":["Golden Idol"],"max_hp_gain":0,"max_hp_loss":0,"event_name":"Golden Idol","floor":4,"gold_loss":0},{"damage_healed":0,"gold_gain":0,"player_choice":"Trade","damage_taken":0,"relics_obtained":["FaceOfCleric"],"max_hp_gain":0,"max_hp_loss":0,"event_name":"FaceTrader","floor":5,"gold_loss":0},{"damage_healed":0,"gold_gain":0,"player_choice":"Obtained Relic","damage_taken":0,"relics_obtained":["Blue Candle"],"max_hp_gain":0,"max_hp_loss":0,"event_name":"Addict","floor":20,"gold_loss":85}],"is_beta":false,"boss_relics":[{"not_picked":["Black Star","Ectoplasm"],"picked":"Empty Cage"}],"items_purged_floors":[],"is_endless":false,"potions_floor_spawned":[10,11,13,18,21,24,25],"killed_by":"Slavers","ascension_level":3}