{"gold_per_floor":[118,19,32,49,49,84,108,141,141,141,171,215,240,205,205,296,296,314,334,18,18,34,34,64,64,137,137,184,184],"floor_reached":29,"playtime":1771,"items_purged":["Strike_R"],"score":466,"play_id":"58c71a36-5f71-4f0c-90dd-df1eb1d1a64c","local_time":"20190331192805","is_ascension_mode":true,"campfire_choices":[{"data":"Armaments","floor":10,"key":"SMITH"},{"floor":15,"key":"REST"},{"floor":23,"key":"REST"},{"floor":27,"key":"REST"}],"neow_cost":"NONE","seed_source_timestamp":1727306916607574,"circlet_count":0,"master_deck":["AscendersBane","Strike_R","Strike_R","Strike_R","Strike_R","Defend_R","Defend_R","Defend_R","Defend_R","Bash","Fiend Fire","Flame Barrier","Thunderclap","Armaments+1","Twin Strike","Injury","Twin Strike","Ghostly Armor","Clothesline","Pommel Strike","Feed","Disarm+1","Dark Shackles","Writhe","Cleave","Shame"],"relics":["Burning Blood","Golden Idol","Centennial Puzzle","Oddly Smooth Stone","Potion Belt","Darkstone Periapt","Black Star","Happy Flower","Ornamental Fan","Tiny Chest","Singing Bowl","Dream Catcher"],"potions_floor_usage":[8,8,16,22],"damage_taken":[{"damage":18,"enemies":"Jaw Worm","floor":1,"turns":4},{"damage":6,"enemies":"2 Louse","floor":3,"turns":3},{"damage":6,"enemies":"Small Slimes","floor":4,"turns":5},{"damage":32,"enemies":"Gremlin Nob","floor":6,"turns":4},{"damage":1,"enemies":"Looter","floor":7,"turns":3},{"damage":0,"enemies":"Lagavulin","floor":8,"turns":8},{"damage":24,"enemies":"Gremlin Nob","floor":12,"turns":4},{"damage":4,"enemies":"Red Slaver","floor":13,"turns":4},{"damage":36,"enemies":"Slime Boss","floor":16,"turns":9},{"damage":21,"enemies":"3 Byrds","floor":18,"turns":7},{"damage":1,"enemies":"Chosen","floor":19,"turns":4},{"damage":63,"enemies":"Sentry and Sphere","floor":22,"turns":16},{"damage":75,"enemies":"Gremlin Leader","floor":29,"turns":9}],"seed_played":"-5616846751259117532","potions_obtained":[{"floor":6,"key":"SkillPotion"},{"floor":7,"key":"Fire Potion"},{"floor":13,"key":"PowerPotion"},{"floor":19,"key":"BloodPotion"}],"is_trial":false,"path_per_floor":["M","$","M","M","?","E","M","E","T","R","?","E","M","?","R","B",null,"M","M","$","?","M","R","?","$","T","R","T","E"],"character_chosen":"IRONCLAD","items_purchased":["Thunderclap","Armaments","Happy Flower","Dark Shackles"],"campfire_rested":3,"item_purchase_floors":[2,2,20,20],"current_hp_per_floor":[56,56,56,56,56,30,35,41,41,41,41,23,25,43,65,35,65,50,55,55,61,12,36,42,42,42,68,68,0],"gold":184,"neow_bonus":"ONE_RANDOM_RARE_CARD","is_prod":false,"is_daily":false,"chose_seed":false,"campfire_upgraded":1,"win_rate":0,"timestamp":1554056885,"path_taken":["M","$","M","M","?","E","M","E","T","R","?","E","M","?","R","BOSS","M","M","$","?","M","R","?","$","T","R","?","E"],"build_version":"2019-01-23","purchased_purges":1,"victory":false,"max_hp_per_floor":[75,75,75,75,75,75,75,75,75,75,75,75,75,75,75,75,75,75,75,75,81,81,81,87,87,87,87,87,87],"card_choices":[{"not_picked":["Shrug It Off","Rupture"],"picked":"Flame Barrier","floor":1},{"not_picked":["Headbutt","True Grit"],"picked":"Twin Strike","floor":3},{"not_picked":["Flame Barrier","Headbutt","Iron Wave"],"picked":"SKIP","floor":4},{"not_picked":["Hemokinesis","Power Through"],"picked":"Twin Strike","floor":6},{"not_picked":["Bludgeon","True Grit"],"picked":"Ghostly Armor","floor":7},{"not_picked":["Corruption","Havoc"],"picked":"Clothesline","floor":8},{"not_picked":["Ghostly Armor","Flex"],"picked":"Pommel Strike","floor":12},{"not_picked":["Burning Pact","Heavy Blade","Uppercut"],"picked":"SKIP","floor":13},{"not_picked":["Impervious","Reaper"],"picked":"Feed","floor":16},{"not_picked":["Iron Wave+1","Inflame"],"picked":"Disarm+1","floor":18},{"not_picked":["Armaments+1","Sword Boomerang","Wild Strike"],"picked":"SKIP","floor":19},{"not_picked":["Flex+1","Havoc"],"picked":"Cleave","floor":22}],"player_experience":1681604,"relics_obtained":[{"floor":6,"key":"Centennial Puzzle"},{"floor":8,"key":"Oddly Smooth Stone"},{"floor":9,"key":"Potion Belt"},{"floor":12,"key":"Darkstone Periapt"},{"floor":26,"key":"Singing Bowl"},{"floor":28,"key":"Dream Catcher"}],"event_choices":[{"damage_healed":0,"gold_gain":0,"player_choice":"Take Wound","damage_taken":0,"relics_obtained":["Golden Idol"],"max_hp_gain":0,"max_hp_loss":0,"event_name":"Golden Idol","floor":5,"gold_loss":0,"cards_obtained":["Injury"]},{"damage_healed":0,"gold_gain":30,"player_choice":"Searched \u00271\u0027 times","damage_taken":0,"max_hp_gain":0,"max_hp_loss":0,"event_name":"Dead Adventurer","floor":11,"gold_loss":0},{"damage_healed":18,"gold_gain":0,"player_choice":"Healed","damage_taken":0,"max_hp_gain":0,"max_hp_loss":0,"event_name":"The Cleric","floor":14,"gold_loss":35},{"damage_healed":0,"gold_gain":0,"player_choice":"Opened","damage_taken":0,"relics_obtained":["Ornamental Fan"],"max_hp_gain":0,"max_hp_loss":0,"event_name":"The Mausoleum","floor":21,"gold_loss":0,"cards_obtained":["Writhe"]},{"damage_healed":0,"gold_gain":0,"player_choice":"Stole Relic","damage_taken":0,"relics_obtained":["Tiny Chest"],"max_hp_gain":0,"max_hp_loss":0,"event_name":"Addict","floor":24,"gold_loss":0,"cards_obtained":["Shame"]}],"is_beta":false,"boss_relics":[{"not_picked":["Ectoplasm","Tiny House"],"picked":"Black Star"}],"items_purged_floors":[20],"is_endless":false,"potions_floor_spawned":[6,7,13,19],"killed_by":"Gremlin Leader","ascension_level":15}