{"gold_per_floor":[118,118,118,137,156,156,185,202,202,202,228,240,240,240,240,318,318,218,66,66,66,86,86,86,103,151,170,219,219,219],"floor_reached":30,"playtime":1479,"items_purged":[],"score":460,"play_id":"9ff88294-d100-4349-9a25-8bf083e80688","local_time":"20190427205945","is_ascension_mode":true,"campfire_choices":[{"data":"Thunderclap","floor":6,"key":"SMITH"},{"data":"Barricade","floor":10,"key":"SMITH"},{"data":"Ghostly Armor","floor":13,"key":"SMITH"},{"data":"Defend_R","floor":15,"key":"SMITH"},{"floor":24,"key":"REST"},{"floor":29,"key":"REST"}],"neow_cost":"NONE","seed_source_timestamp":3019820887254801,"circlet_count":0,"master_deck":["AscendersBane","Strike_R+1","Strike_R","Strike_R","Strike_R","Defend_R","Defend_R","Defend_R+1","Defend_R+1","Bash+1","Feel No Pain","Thunderclap+1","Barricade+1","Ghostly Armor+1","Juggernaut","Flame Barrier","True Grit","Corruption"],"relics":["Lizard Tail","Question Card","Mummified Hand","Pantograph","Self Forming Clay","Snecko Eye","Whetstone","Ancient Tea Set"],"potions_floor_usage":[7,8,30],"damage_taken":[{"damage":7,"enemies":"2 Louse","floor":1,"turns":5},{"damage":1,"enemies":"Small Slimes","floor":4,"turns":5},{"damage":3,"enemies":"Cultist","floor":5,"turns":4},{"damage":40,"enemies":"Lagavulin","floor":7,"turns":7},{"damage":12,"enemies":"Gremlin Gang","floor":8,"turns":2},{"damage":13,"enemies":"3 Sentries","floor":11,"turns":14},{"damage":4,"enemies":"Lots of Slimes","floor":12,"turns":3},{"damage":13,"enemies":"The Guardian","floor":16,"turns":43},{"damage":13,"enemies":"2 Thieves","floor":18,"turns":5},{"damage":24,"enemies":"3 Byrds","floor":22,"turns":6},{"damage":17,"enemies":"Colosseum Slavers","floor":23,"turns":5},{"damage":35,"enemies":"3 Cultists","floor":25,"turns":5},{"damage":0,"enemies":"Centurion and Healer","floor":27,"turns":13},{"damage":40,"enemies":"Book of Stabbing","floor":30,"turns":5}],"seed_played":"-2389170906989565036","potions_obtained":[{"floor":1,"key":"PowerPotion"},{"floor":4,"key":"Poison Potion"},{"floor":12,"key":"FairyPotion"},{"floor":25,"key":"PowerPotion"}],"is_trial":false,"path_per_floor":["M","?","?","M","M","R","E","M","T","R","E","M","R","?","R","B",null,"M","$","?","$","M","?","R","M","T","M","T","R","E"],"character_chosen":"IRONCLAD","items_purchased":["Juggernaut","Flame Barrier"],"campfire_rested":2,"item_purchase_floors":[19,19],"current_hp_per_floor":[61,56,56,55,52,52,12,37,37,37,24,20,20,13,13,25,63,50,50,43,43,19,2,24,7,7,7,7,29,0],"gold":219,"neow_bonus":"BOSS_RELIC","is_prod":false,"is_daily":false,"chose_seed":false,"campfire_upgraded":4,"win_rate":0,"timestamp":1556395185,"path_taken":["M","?","?","?","?","R","E","?","T","R","E","M","R","?","R","BOSS","M","$","?","?","M","?","R","M","T","M","?","R","E"],"build_version":"2019-01-23","purchased_purges":0,"victory":false,"max_hp_per_floor":[75,75,75,75,75,75,75,75,75,75,75,75,75,75,75,75,75,75,75,75,75,75,75,75,75,75,75,75,75,75],"card_choices":[{"not_picked":["Uppercut","Clash"],"picked":"Feel No Pain","floor":1},{"not_picked":["Warcry","Intimidate","Seeing Red","Hemokinesis"],"picked":"SKIP","floor":4},{"not_picked":["Anger","Cleave","Sword Boomerang"],"picked":"Thunderclap","floor":5},{"not_picked":["Sword Boomerang","Sentinel","True Grit"],"picked":"Barricade","floor":7},{"not_picked":["Havoc","Clash","Armaments"],"picked":"Ghostly Armor","floor":8},{"not_picked":["Sword Boomerang","Shockwave","Rupture","Flex"],"picked":"SKIP","floor":11},{"not_picked":["Sever Soul","Carnage","Seeing Red","Clash"],"picked":"SKIP","floor":12},{"not_picked":["Anger","Flex","Clothesline","Havoc"],"picked":"SKIP","floor":18},{"not_picked":["Wild Strike","Anger","Havoc","Heavy Blade"],"picked":"SKIP","floor":22},{"not_picked":["Wild Strike+1","Anger","Clash+1"],"picked":"True Grit","floor":25},{"not_picked":["Twin Strike","Immolate","Perfected Strike"],"picked":"Corruption","floor":27}],"player_experience":231524,"relics_obtained":[{"floor":7,"key":"Mummified Hand"},{"floor":9,"key":"Pantograph"},{"floor":11,"key":"Self Forming Clay"},{"floor":26,"key":"Whetstone"},{"floor":28,"key":"Ancient Tea Set"}],"event_choices":[{"damage_healed":0,"gold_gain":0,"player_choice":"Success","damage_taken":5,"relics_obtained":["Question Card"],"max_hp_gain":0,"max_hp_loss":0,"event_name":"Scrap Ooze","floor":2,"gold_loss":0},{"damage_healed":0,"gold_gain":0,"player_choice":"Upgraded","damage_taken":0,"max_hp_gain":0,"max_hp_loss":0,"event_name":"Upgrade Shrine","floor":3,"gold_loss":0,"cards_upgraded":["Defend_R"]},{"cards_removed":["Strike_R"],"damage_healed":0,"gold_gain":0,"player_choice":"Card Removal","damage_taken":7,"max_hp_gain":0,"max_hp_loss":0,"event_name":"Golden Wing","floor":14,"gold_loss":0},{"damage_healed":0,"gold_gain":0,"player_choice":"","damage_taken":7,"max_hp_gain":0,"max_hp_loss":0,"event_name":"Knowing Skull","floor":20,"potions_obtained":[],"gold_loss":0,"cards_obtained":[]},{"damage_healed":0,"gold_gain":0,"player_choice":"Fight","damage_taken":0,"max_hp_gain":0,"max_hp_loss":0,"event_name":"Colosseum","floor":23,"gold_loss":0},{"damage_healed":0,"gold_gain":0,"player_choice":"Fled From Nobs","damage_taken":0,"max_hp_gain":0,"max_hp_loss":0,"event_name":"Colosseum","floor":23,"gold_loss":0}],"is_beta":false,"boss_relics":[{"not_picked":["Mark of Pain","Orrery"],"picked":"Snecko Eye"}],"items_purged_floors":[],"is_endless":false,"potions_floor_spawned":[1,4,12,23,25],"killed_by":"Book of Stabbing","ascension_level":19}