{"gold_per_floor":[112,112,133,147,147,147,187,211,238,262,262,283,383,383,383,383],"floor_reached":16,"playtime":549,"items_purged":[],"score":104,"play_id":"a83520e1-255d-44b8-864b-62037dd41e5e","local_time":"20181204131307","is_ascension_mode":false,"campfire_choices":[{"data":"Hologram","floor":6,"key":"SMITH"},{"data":"Hologram","floor":11,"key":"SMITH"},{"floor":15,"key":"REST"}],"neow_cost":"NONE","seed_source_timestamp":317136194640628,"circlet_count":0,"master_deck":["Strike_B","Strike_B","Strike_B","Strike_B","Defend_B","Defend_B","Defend_B","Defend_B","Zap","Dualcast","Ball Lightning","Hologram+1","Hologram+1","Rebound","Defragment"],"relics":["Cracked Core","Golden Idol","Happy Flower","Dream Catcher"],"potions_floor_usage":[1,7,7,7,10,14,14],"damage_taken":[{"damage":11,"enemies":"Jaw Worm","floor":1,"turns":3},{"damage":5,"enemies":"2 Louse","floor":3,"turns":2},{"damage":3,"enemies":"Small Slimes","floor":4,"turns":3},{"damage":16,"enemies":"3 Sentries","floor":7,"turns":6},{"damage":13,"enemies":"Red Slaver","floor":8,"turns":3},{"damage":8,"enemies":"3 Louse","floor":10,"turns":3},{"damage":0,"enemies":"Large Slime","floor":12,"turns":3},{"damage":16,"enemies":"Lots of Slimes","floor":14,"turns":3},{"damage":37,"enemies":"Hexaghost","floor":16,"turns":9}],"seed_played":"-1957113894574367945","potions_obtained":[{"floor":0,"key":"Fruit Juice"},{"floor":0,"key":"Poison Potion"},{"floor":0,"key":"EssenceOfSteel"},{"floor":4,"key":"SpeedPotion"},{"floor":8,"key":"Regen Potion"},{"floor":10,"key":"PowerPotion"},{"floor":12,"key":"FocusPotion"}],"is_trial":false,"path_per_floor":["M","?","M","M","?","R","E","M","T","M","R","M","?","M","R","B"],"character_chosen":"DEFECT","items_purchased":[],"campfire_rested":1,"item_purchase_floors":[],"current_hp_per_floor":[69,69,64,61,61,61,45,32,32,29,29,29,29,13,35,0],"gold":383,"neow_bonus":"THREE_SMALL_POTIONS","is_prod":false,"is_daily":false,"chose_seed":false,"campfire_upgraded":2,"win_rate":0,"timestamp":1543957987,"path_taken":["M","?","M","M","?","R","E","M","T","?","R","M","?","M","R","BOSS"],"build_version":"2018-11-15","purchased_purges":0,"victory":false,"max_hp_per_floor":[80,74,74,74,74,74,74,74,74,74,74,74,74,74,74,74],"card_choices":[{"not_picked":["Leap","Rebound"],"picked":"Ball Lightning","floor":1},{"not_picked":["Barrage","Steam Power"],"picked":"Hologram","floor":3},{"not_picked":["Steam","Leap"],"picked":"Hologram","floor":4},{"not_picked":["Biased Cognition","Sweeping Beam","Go for the Eyes"],"picked":"SKIP","floor":7},{"not_picked":["Steam","Go for the Eyes","Genetic Algorithm"],"picked":"SKIP","floor":8},{"not_picked":["Redo","Gash"],"picked":"Rebound","floor":10},{"not_picked":["Steam","Ball Lightning","Reprogram"],"picked":"SKIP","floor":12},{"not_picked":["Steam","Core Surge"],"picked":"Defragment","floor":14}],"player_experience":107444,"relics_obtained":[{"floor":7,"key":"Happy Flower"},{"floor":9,"key":"Dream Catcher"}],"event_choices":[{"damage_healed":0,"gold_gain":0,"player_choice":"Lose Max HP","damage_taken":0,"relics_obtained":["Golden Idol"],"max_hp_gain":0,"max_hp_loss":6,"event_name":"Golden Idol","floor":2,"gold_loss":0},{"damage_healed":0,"gold_gain":0,"player_choice":"Fled","damage_taken":0,"max_hp_gain":0,"max_hp_loss":0,"event_name":"Scrap Ooze","floor":5,"gold_loss":0},{"damage_healed":0,"gold_gain":100,"player_choice":"Pray","damage_taken":0,"max_hp_gain":0,"max_hp_loss":0,"event_name":"Golden Shrine","floor":13,"gold_loss":0}],"is_beta":false,"boss_relics":[],"items_purged_floors":[],"is_endless":false,"potions_floor_spawned":[4,8,10,12],"killed_by":"Hexaghost","ascension_level":0}