{"gold_per_floor":[113,113,131,131,152,187,205,246,246,246,57,95,108,126,126,247,247,262,108,108,129,152,152,152,186,186,186,238,276,276,299,299,420,483,502,517,538,553,571,605,605,67,67,67,67,0,40,65,65,65,65,65,8,42,42],"floor_reached":56,"playtime":4180,"items_purged":["Uppercut"],"score":1819,"play_id":"2aa3a080-bbcc-4d14-b001-bae51a40f44e","local_time":"20190410221037","is_ascension_mode":true,"campfire_choices":[{"data":"Uppercut","floor":10.0,"key":"SMITH"},{"floor":15.0,"key":"REST"},{"data":"Limit Break","floor":23.0,"key":"SMITH"},{"data":"Barricade","floor":27.0,"key":"SMITH"},{"data":"Flex","floor":30.0,"key":"PURGE"},{"data":"Spot Weakness","floor":32.0,"key":"SMITH"},{"data":"Ghostly","floor":41.0,"key":"SMITH"},{"data":"Combust","floor":44.0,"key":"PURGE"},{"floor":49.0,"key":"RECALL"},{"data":"Ghostly","floor":52.0,"key":"SMITH"}],"neow_cost":"NONE","seed_source_timestamp":0,"circlet_count":0,"master_deck":["Bash+1","Anger+1","Uppercut+1","Flame Barrier","Second Wind+1","Spot Weakness+1","Fiend Fire","Feel No Pain","Limit Break+1","Reaper","Inflame","Disarm","Second Wind","Barricade+1","Double Tap+1","Reaper","Shrug It Off","Armaments+1","Feel No Pain","Ghostly+1","Ghostly+1","Ghostly","Ghostly","Ghostly","True Grit+1","Metallicize","Bludgeon","Battle Trance+1","Entrench+1","Pummel+1","Headbutt+1","Impervious","Armaments+1","Evolve","Juggernaut","Madness+1","Madness+1","Second Wind+1","Sword Boomerang+1"],"special_seed":0,"relics":["Burning Blood","Golden Idol","Orichalcum","Art of War","The Courier","Sling","Peace Pipe","Pandora\u0027s Box","Tiny Chest","Happy Flower","Bottled Lightning","Lantern","FossilizedHelix","Tiny House","Pear","Toxic Egg 2","Potion Belt","Red Mask","War Paint","Pen Nib"],"potions_floor_usage":[55,55,55,55,55,55,55,55,55,55,55,55],"damage_taken":[{"damage":8.0,"enemies":"Small Slimes","floor":1.0,"turns":3.0},{"damage":7.0,"enemies":"Jaw Worm","floor":3.0,"turns":3.0},{"damage":1.0,"enemies":"Cultist","floor":5.0,"turns":3.0},{"damage":21.0,"enemies":"3 Sentries","floor":6.0,"turns":6.0},{"damage":4.0,"enemies":"Looter","floor":7.0,"turns":3.0},{"damage":24.0,"enemies":"Gremlin Nob","floor":8.0,"turns":4.0},{"damage":26.0,"enemies":"Lagavulin","floor":12.0,"turns":5.0},{"damage":0.0,"enemies":"Blue Slaver","floor":13.0,"turns":1.0},{"damage":12.0,"enemies":"Exordium Thugs","floor":14.0,"turns":4.0},{"damage":17.0,"enemies":"Hexaghost","floor":16.0,"turns":8.0},{"damage":21.0,"enemies":"3 Byrds","floor":18.0,"turns":6.0},{"damage":6.0,"enemies":"Chosen","floor":21.0,"turns":3.0},{"damage":24.0,"enemies":"Snake Plant","floor":22.0,"turns":5.0},{"damage":9.0,"enemies":"Slavers","floor":25.0,"turns":10.0},{"damage":6.0,"enemies":"Gremlin Leader","floor":29.0,"turns":7.0},{"damage":0.0,"enemies":"Snecko","floor":31.0,"turns":9.0},{"damage":6.0,"enemies":"Collector","floor":33.0,"turns":12.0},{"damage":12.0,"enemies":"3 Darklings","floor":35.0,"turns":11.0},{"damage":0.0,"enemies":"Orb Walker","floor":36.0,"turns":6.0},{"damage":15.0,"enemies":"Sphere and 2 Shapes","floor":37.0,"turns":18.0},{"damage":0.0,"enemies":"Maw","floor":38.0,"turns":10.0},{"damage":36.0,"enemies":"4 Shapes","floor":39.0,"turns":6.0},{"damage":14.0,"enemies":"Nemesis","floor":40.0,"turns":15.0},{"damage":0.0,"enemies":"Giant Head","floor":47.0,"turns":11.0},{"damage":0.0,"enemies":"Transient","floor":48.0,"turns":5.0},{"damage":5.0,"enemies":"Time Eater","floor":50.0,"turns":17.0},{"damage":45.0,"enemies":"Shield and Spear","floor":54.0,"turns":10.0},{"damage":71,"enemies":"The Heart","floor":55,"turns":13}],"seed_played":"6852824374106864297","potions_obtained":[{"floor":3.0,"key":"SpeedPotion"},{"floor":5.0,"key":"Swift Potion"},{"floor":13.0,"key":"PowerPotion"},{"floor":16.0,"key":"Ancient Potion"},{"floor":18.0,"key":"SteroidPotion"},{"floor":47.0,"key":"SkillPotion"},{"floor":48.0,"key":"EntropicBrew"}],"is_trial":false,"path_per_floor":["M","?","M","?","M","E","M","E","T","R","$","E","M","M","R","B",null,"M","$","?","M","M","R","?","E","T","R","T","E","R","M","R","B",null,"M","M","M","M","M","E","R","$","T","R","?","?","E","M","R","B",null,"R","$","E","B",null],"character_chosen":"IRONCLAD","items_purchased":["Sling","Spot Weakness","Tiny Chest","Toxic Egg 2","Armaments+1","Potion Belt","Evolve","Juggernaut","Second Wind+1"],"campfire_rested":1,"item_purchase_floors":[11,11,19,42,42,42,42,42,53],"current_hp_per_floor":[70,75,74,53,58,43,45,27,27,27,27,7,13,7,32,21,69,81,81,81,81,85,85,42,39,39,39,39,39,39,42,42,42,47,47,47,47,47,27,49,49,49,49,49,42,42,57,57,57,57,57,57,57,32,57],"gold":42,"neow_bonus":"UPGRADE_CARD","is_prod":false,"is_daily":false,"chose_seed":false,"campfire_upgraded":6,"win_rate":0,"timestamp":1554959437,"path_taken":["M","?","M","?","M","E","M","E","T","R","$","E","M","M","R","BOSS","M","$","?","M","?","R","?","E","T","R","?","E","R","?","R","BOSS","M","M","M","?","M","E","R","$","T","R","?","?","E","M","R","BOSS","R","$","E","BOSS"],"build_version":"2019-01-23","purchased_purges":1,"victory":true,"max_hp_per_floor":[80,85,85,85,85,85,85,85,85,85,85,85,85,85,85,85,85,85,85,85,85,85,85,42,42,42,42,42,42,42,42,42,42,47,47,47,47,47,47,57,57,57,57,57,57,57,57,57,57,57,57,57,57,57,57],"card_choices":[{"not_picked":["Body Slam","Shockwave"],"picked":"Anger","floor":1.0},{"not_picked":["Perfected Strike","Thunderclap"],"picked":"Flex","floor":3.0},{"not_picked":["Sword Boomerang","Pommel Strike"],"picked":"Combust","floor":5.0},{"not_picked":["Flex","Thunderclap"],"picked":"Uppercut","floor":6.0},{"not_picked":["Cleave","Iron Wave"],"picked":"Flame Barrier","floor":7.0},{"not_picked":["Burning Pact","Havoc"],"picked":"Second Wind","floor":8.0},{"not_picked":["Hemokinesis","Iron Wave"],"picked":"Fiend Fire","floor":12.0},{"not_picked":["Second Wind","Warcry"],"picked":"Feel No Pain","floor":13.0},{"not_picked":["Anger","Heavy Blade","Body Slam"],"picked":"SKIP","floor":14.0},{"not_picked":["Reaper","Juggernaut"],"picked":"Limit Break","floor":16.0},{"not_picked":["Warcry","Heavy Blade"],"picked":"Shrug It Off","floor":18.0},{"not_picked":["Flex","Hemokinesis+1"],"picked":"Armaments+1","floor":21.0},{"not_picked":["Dropkick","Twin Strike"],"picked":"Feel No Pain","floor":22.0},{"not_picked":["Heavy Blade","Feed"],"picked":"True Grit+1","floor":25.0},{"not_picked":["Seeing Red+1","Iron Wave+1","Body Slam"],"picked":"SKIP","floor":29.0},{"not_picked":["True Grit","Armaments"],"picked":"Metallicize","floor":31.0},{"not_picked":["Double Tap","Fiend Fire"],"picked":"Bludgeon","floor":33.0},{"not_picked":["Body Slam+1","Sword Boomerang+1"],"picked":"Battle Trance+1","floor":35.0},{"not_picked":["Pommel Strike","Anger"],"picked":"Entrench+1","floor":36.0},{"not_picked":["True Grit","Dropkick","Clothesline"],"picked":"SKIP","floor":37.0},{"not_picked":["Rage+1","Iron Wave+1"],"picked":"Pummel+1","floor":38.0},{"not_picked":["Power Through","Bloodletting"],"picked":"Headbutt+1","floor":39.0},{"not_picked":["Double Tap","Clash"],"picked":"Impervious","floor":40.0},{"not_picked":["Havoc+1","Thunderclap","Carnage"],"picked":"SKIP","floor":47.0},{"not_picked":["Bloodletting+1","Iron Wave+1","Heavy Blade"],"picked":"SKIP","floor":48.0},{"not_picked":["Thunderclap+1","Brutality"],"picked":"Sword Boomerang+1","floor":54.0}],"player_experience":202609,"relics_obtained":[{"floor":6.0,"key":"Orichalcum"},{"floor":8.0,"key":"Art of War"},{"floor":9.0,"key":"The Courier"},{"floor":12.0,"key":"Peace Pipe"},{"floor":25.0,"key":"Happy Flower"},{"floor":26.0,"key":"Bottled Lightning"},{"floor":28.0,"key":"Lantern"},{"floor":29.0,"key":"FossilizedHelix"},{"floor":40.0,"key":"Pear"},{"floor":47.0,"key":"War Paint"},{"floor":54.0,"key":"Pen Nib"}],"event_choices":[{"damage_healed":0.0,"max_hp_gain":5.0,"max_hp_loss":0.0,"gold_gain":0.0,"event_name":"Big Fish","player_choice":"Donut","floor":2.0,"gold_loss":0.0,"damage_taken":0.0},{"damage_healed":0.0,"max_hp_gain":0.0,"max_hp_loss":0.0,"gold_gain":0.0,"event_name":"Golden Idol","player_choice":"Take Damage","floor":4.0,"gold_loss":0.0,"damage_taken":21.0,"relics_obtained":["Golden Idol"]},{"cards_removed":["Clothesline"],"damage_healed":0.0,"max_hp_gain":0.0,"max_hp_loss":0.0,"gold_gain":0.0,"event_name":"Purifier","player_choice":"Purged","floor":20.0,"gold_loss":0.0,"damage_taken":0.0},{"damage_healed":0.0,"max_hp_gain":0.0,"max_hp_loss":43.0,"gold_gain":0.0,"event_name":"Ghosts","player_choice":"Became a Ghost","floor":24.0,"gold_loss":0.0,"damage_taken":0.0,"cards_obtained":["Ghostly","Ghostly","Ghostly","Ghostly","Ghostly"]},{"damage_healed":0.0,"max_hp_gain":0.0,"max_hp_loss":0.0,"gold_gain":0.0,"event_name":"Winding Halls","player_choice":"Embrace Madness","floor":45.0,"gold_loss":0.0,"damage_taken":7.0,"cards_obtained":["Madness","Madness"]},{"damage_healed":0.0,"max_hp_gain":0.0,"max_hp_loss":0.0,"gold_gain":0.0,"event_name":"Tomb of Lord Red Mask","player_choice":"Paid","floor":46.0,"gold_loss":67.0,"damage_taken":0.0,"relics_obtained":["Red Mask"]}],"is_beta":false,"boss_relics":[{"not_picked":["Ectoplasm","Fusion Hammer"],"picked":"Pandora\u0027s Box"},{"not_picked":["Philosopher\u0027s Stone","Runic Dome"],"picked":"Tiny House"}],"items_purged_floors":[19],"is_endless":false,"potions_floor_spawned":[3,5,13,16,18,21,22,38,47,48],"ascension_level":8}