{"gold_per_floor":[117,136,42,61,80,80,112,3,26,46,46,46,64,12,12,12],"floor_reached":16,"playtime":358,"items_purged":[],"score":107,"play_id":"4d1d8e9c-e584-46c6-a144-1e9711398a5a","local_time":"20181213222939","is_ascension_mode":true,"campfire_choices":[{"data":"Consume","floor":6,"key":"SMITH"},{"floor":15,"key":"RECALL"}],"neow_cost":"NONE","seed_source_timestamp":92374394982833,"circlet_count":0,"master_deck":["Strike_B+1","Strike_B+1","Strike_B","Strike_B","Defend_B","Defend_B","Defend_B","Defend_B","Zap","Dualcast","Consume+1","Double Energy","Dark Shackles","White Noise","FTL","Conserve Battery","Static Discharge","Lockon","Gash","Melter"],"relics":["Cracked Core","Whetstone","Smiling Mask","Juzu Bracelet"],"potions_floor_usage":[2,5],"damage_taken":[{"damage":1,"enemies":"Cultist","floor":1,"turns":3},{"damage":0,"enemies":"2 Louse","floor":2,"turns":1},{"damage":1,"enemies":"Small Slimes","floor":4,"turns":3},{"damage":13,"enemies":"Red Slaver","floor":5,"turns":2},{"damage":13,"enemies":"Lagavulin","floor":7,"turns":6},{"damage":19,"enemies":"3 Louse","floor":10,"turns":3},{"damage":16,"enemies":"Large Slime","floor":13,"turns":4},{"damage":27,"enemies":"The Guardian","floor":16,"turns":2}],"seed_played":"3808403859955135326","potions_obtained":[{"floor":1,"key":"Explosive Potion"},{"floor":4,"key":"Fire Potion"}],"is_trial":false,"path_per_floor":["M","M","$","M","M","R","E","$","T","M","$","?","M","?","R","B"],"character_chosen":"DEFECT","items_purchased":["Dark Shackles","Static Discharge","Lockon"],"campfire_rested":0,"item_purchase_floors":[3,8,8],"current_hp_per_floor":[81,81,81,80,67,67,54,54,54,35,35,32,16,16,16,0],"gold":12,"neow_bonus":"TEN_PERCENT_HP_BONUS","is_prod":false,"is_daily":false,"chose_seed":false,"campfire_upgraded":1,"win_rate":0,"timestamp":1544768979,"path_taken":["M","M","$","?","M","R","E","$","T","M","$","?","M","?","R","BOSS"],"build_version":"2018-12-13","purchased_purges":0,"victory":false,"max_hp_per_floor":[82,82,82,82,82,82,82,82,82,82,82,82,82,82,82,82],"card_choices":[{"not_picked":["Beam Cell","Steam"],"picked":"Consume","floor":1},{"not_picked":["Redo","Barrage"],"picked":"Double Energy","floor":2},{"not_picked":["Sweeping Beam","Doom and Gloom"],"picked":"White Noise","floor":4},{"not_picked":["Skim","Gash"],"picked":"FTL","floor":5},{"not_picked":["Coolheaded","Heatsinks"],"picked":"Conserve Battery","floor":7},{"not_picked":["Coolheaded","Redo"],"picked":"Gash","floor":10},{"not_picked":["Hologram","Steam"],"picked":"Melter","floor":13}],"player_experience":256686,"relics_obtained":[{"floor":7,"key":"Whetstone"}],"event_choices":[{"damage_healed":0,"gold_gain":0,"player_choice":"Success","damage_taken":3,"relics_obtained":["Smiling Mask"],"max_hp_gain":0,"max_hp_loss":0,"event_name":"Scrap Ooze","floor":12,"gold_loss":0},{"damage_healed":0,"gold_gain":0,"player_choice":"Paid Gold","damage_taken":0,"relics_obtained":["Juzu Bracelet"],"max_hp_gain":0,"max_hp_loss":0,"event_name":"WeMeetAgain","floor":14,"gold_loss":52}],"is_beta":false,"boss_relics":[],"items_purged_floors":[],"is_endless":false,"potions_floor_spawned":[1,4],"killed_by":"The Guardian","ascension_level":1}