{"gold_per_floor":[117,192,89,89,102,134,134,159,185,185,185,185,185,209,209,310,310,330,8,8,22,33,62,76,76,100,126,126,126,455,468,468,563,563,579,579,579,592,592,620,620,652,706,721,721,754,772,783,783,783],"floor_reached":50,"playtime":2828,"items_purged":[],"score":805,"play_id":"81851f06-5f2b-4f60-9b0b-0ea20d5ae4a8","local_time":"20180811095211","is_ascension_mode":true,"campfire_choices":[{"data":"Go for the Eyes","floor":7,"key":"SMITH"},{"data":"Zap","floor":10,"key":"SMITH"},{"floor":12,"key":"REST"},{"floor":15,"key":"REST"},{"data":"Defragment","floor":25,"key":"SMITH"},{"floor":28,"key":"DIG"},{"floor":32,"key":"DIG"},{"floor":41,"key":"REST"},{"floor":45,"key":"REST"},{"floor":49,"key":"DIG"}],"neow_cost":"NONE","seed_source_timestamp":250550339723836,"circlet_count":0,"master_deck":["Strike_B","Strike_B","Strike_B","Defend_B","Defend_B","Defend_B+1","Defend_B","Zap+1","Dualcast","Go for the Eyes+1","Rebound","Loop","Conserve Battery","Defragment+1","Electrodynamics","Auto Shields","Machine Learning","Conserve Battery+1","Glacier","Ball Lightning","RitualDagger","Scrape+1","Defragment+1","Self Repair","Decay","Beam Cell","Ball Lightning","Echo Form","Deep Breath+1","Panacea+1","Panache","Chaos+1","Multi-Cast+1","Aggregate+1","Conserve Battery+1","Amplify+1","Aggregate+1"],"relics":["Cracked Core","Boot","Vajra","Thread and Needle","Juzu Bracelet","Odd Mushroom","White Beast Statue","Medical Kit","Nunchaku","Orichalcum","Shovel","Unceasing Top","Old Coin","Toxic Egg 2","Busted Crown","War Paint","Bag of Marbles","Oddly Smooth Stone","Dream Catcher","Ancient Tea Set"],"potions_floor_usage":[16,21,23,27,30,31,31,31,40,42,42,42,46,46,50],"damage_taken":[{"damage":5,"enemies":"Small Slimes","floor":1,"turns":3},{"damage":3,"enemies":"Jaw Worm","floor":5,"turns":3},{"damage":17,"enemies":"3 Sentries","floor":6,"turns":7},{"damage":40,"enemies":"Gremlin Nob","floor":8,"turns":5},{"damage":9,"floor":14,"turns":3},{"damage":0,"enemies":"The Guardian","floor":16,"turns":9},{"damage":0,"enemies":"3 Byrds","floor":18,"turns":3},{"damage":0,"enemies":"Spheric Guardian","floor":21,"turns":4},{"damage":0,"enemies":"Chosen and Byrds","floor":22,"turns":7},{"damage":0,"enemies":"Gremlin Leader","floor":23,"turns":6},{"damage":8,"enemies":"Snake Plant","floor":24,"turns":5},{"damage":4,"enemies":"Book of Stabbing","floor":27,"turns":7},{"damage":0,"enemies":"Gremlin Leader","floor":30,"turns":6},{"damage":4,"enemies":"3 Cultists","floor":31,"turns":4},{"damage":26,"enemies":"Champ","floor":33,"turns":13},{"damage":27,"enemies":"3 Darklings","floor":35,"turns":5},{"damage":0,"enemies":"Orb Walker","floor":38,"turns":2},{"damage":38,"enemies":"Nemesis","floor":40,"turns":7},{"damage":34,"enemies":"Giant Head","floor":42,"turns":11},{"damage":1,"enemies":"Spire Growth","floor":44,"turns":5},{"damage":0,"enemies":"2 Orb Walkers","floor":46,"turns":4},{"damage":0,"enemies":"Transient","floor":47,"turns":5},{"damage":0,"enemies":"4 Shapes","floor":48,"turns":5},{"damage":66,"enemies":"Donu and Deca","floor":50,"turns":9}],"seed_played":"3343688872796838845","potions_obtained":[{"floor":14,"key":"AttackPotion"},{"floor":16,"key":"Poison Potion"},{"floor":18,"key":"Block Potion"},{"floor":21,"key":"FearPotion"},{"floor":22,"key":"Fire Potion"},{"floor":23,"key":"Energy Potion"},{"floor":27,"key":"Fire Potion"},{"floor":30,"key":"Swift Potion"},{"floor":31,"key":"SteroidPotion"},{"floor":33,"key":"FearPotion"},{"floor":35,"key":"Explosive Potion"},{"floor":38,"key":"Fire Potion"},{"floor":40,"key":"GamblersBrew"},{"floor":42,"key":"GamblersBrew"},{"floor":44,"key":"SkillPotion"},{"floor":46,"key":"SteroidPotion"},{"floor":47,"key":"GamblersBrew"},{"floor":48,"key":"SteroidPotion"}],"is_trial":false,"path_per_floor":["M","?","$","?","M","E","R","E","T","R","?","R","?","?","R","B",null,"M","$","?","M","M","E","M","R","T","E","R","?","E","M","R","B",null,"M","?","?","M","?","E","R","E","T","M","R","E","M","M","R"],"character_chosen":"DEFECT","items_purchased":["Rebound","Loop","Glacier","Ball Lightning","Medical Kit"],"campfire_rested":4,"item_purchase_floors":[3,3,19,19,19],"current_hp_per_floor":[70,59,59,64,61,44,44,4,4,4,4,28,21,12,36,36,80,80,80,74,74,74,74,66,66,66,69,69,69,76,79,79,60,80,53,53,43,43,43,19,43,16,16,22,46,53,60,60,60,0],"gold":783,"neow_bonus":"RANDOM_COMMON_RELIC","is_prod":false,"is_daily":false,"chose_seed":false,"campfire_upgraded":3,"win_rate":0,"timestamp":1534006331,"path_taken":["M","?","$","?","M","E","R","E","T","R","?","R","?","?","R","BOSS","M","?","?","M","M","E","M","R","T","E","R","?","E","M","R","BOSS","M","?","?","M","?","E","R","E","T","M","R","E","M","M","R","BOSS"],"build_version":"2018-08-09","purchased_purges":0,"victory":false,"max_hp_per_floor":[75,75,75,80,80,80,80,80,80,80,80,80,80,80,80,80,80,80,80,80,80,80,80,80,80,80,80,80,80,80,80,80,80,80,80,80,80,80,80,80,80,80,80,80,80,80,80,80,80,80],"card_choices":[{"not_picked":["Redo","Beam Cell"],"picked":"Go for the Eyes","floor":1},{"not_picked":["Rip and Tear","Double Energy"],"picked":"Conserve Battery","floor":5},{"not_picked":["Hello World","Blizzard"],"picked":"Defragment","floor":6},{"not_picked":["BootSequence","Hologram"],"picked":"Electrodynamics","floor":8},{"not_picked":["Force Field","Lockon"],"picked":"Auto Shields","floor":14},{"not_picked":["Meteor Strike","Buffer"],"picked":"Machine Learning","floor":16},{"not_picked":["Static Discharge+1","Redo"],"picked":"Conserve Battery","floor":18},{"not_picked":["Aggregate","Sweeping Beam","Redo"],"picked":"SKIP","floor":21},{"not_picked":["Double Energy","BootSequence+1"],"picked":"Scrape+1","floor":22},{"not_picked":["Fusion+1","Gash"],"picked":"Defragment","floor":23},{"not_picked":["Ball Lightning","Leap"],"picked":"Self Repair","floor":24},{"not_picked":["Conserve Battery","Barrage"],"picked":"Sunder","floor":27},{"not_picked":["Scrape","Go for the Eyes"],"picked":"Beam Cell","floor":30},{"not_picked":["Streamline","Creative AI"],"picked":"Ball Lightning","floor":31},{"not_picked":["Machine Learning","Biased Cognition"],"picked":"Echo Form","floor":33},{"not_picked":["Rebound+1"],"picked":"SKIP","floor":35},{"not_picked":[],"picked":"Deep Breath+1","floor":37},{"not_picked":[],"picked":"Panacea+1","floor":37},{"not_picked":[],"picked":"Panache","floor":37},{"not_picked":[],"picked":"Chaos+1","floor":38},{"not_picked":[],"picked":"Multi-Cast+1","floor":40},{"not_picked":[],"picked":"Aggregate+1","floor":42},{"not_picked":[],"picked":"Conserve Battery+1","floor":44},{"not_picked":[],"picked":"Amplify+1","floor":46},{"not_picked":["Barrage+1"],"picked":"SKIP","floor":47},{"not_picked":[],"picked":"Aggregate+1","floor":48}],"player_experience":23873,"relics_obtained":[{"floor":6,"key":"Vajra"},{"floor":8,"key":"Thread and Needle"},{"floor":9,"key":"Juzu Bracelet"},{"floor":14,"key":"Odd Mushroom"},{"floor":23,"key":"Nunchaku"},{"floor":26,"key":"Orichalcum"},{"floor":27,"key":"Shovel"},{"floor":28,"key":"Unceasing Top"},{"floor":30,"key":"Old Coin"},{"floor":32,"key":"Toxic Egg 2"},{"floor":40,"key":"War Paint"},{"floor":42,"key":"Bag of Marbles"},{"floor":43,"key":"Oddly Smooth Stone"},{"floor":46,"key":"Dream Catcher"},{"floor":49,"key":"Ancient Tea Set"}],"event_choices":[{"event_name":"World of Goop","player_choice":"Gather Gold","floor":2,"damage_taken":0},{"event_name":"Big Fish","player_choice":"Donut","floor":4,"damage_taken":0},{"event_name":"Living Wall","player_choice":"Grow","floor":11,"damage_taken":0},{"event_name":"Golden Wing","player_choice":"Card Removal","floor":13,"damage_taken":0},{"event_name":"Mushrooms","player_choice":"Fought Mushrooms","floor":14,"damage_taken":0},{"event_name":"Nest","player_choice":"Joined the Cult","floor":20,"damage_taken":0},{"event_name":"Wheel of Change","player_choice":"Curse","floor":29,"damage_taken":0},{"event_name":"Falling","player_choice":"Removed Attack","floor":36,"damage_taken":0},{"event_name":"SensoryStone","player_choice":"Memory 3","floor":37,"damage_taken":0},{"event_name":"Tomb of Lord Red Mask","player_choice":"Ignored","floor":39,"damage_taken":0}],"is_beta":false,"boss_relics":[{"not_picked":["Snecko Eye","Velvet Choker"],"picked":"White Beast Statue"},{"not_picked":["Nuclear Battery","Tiny House"],"picked":"Busted Crown"}],"items_purged_floors":[],"is_endless":false,"potions_floor_spawned":[14,16,18,21,22,23,24,27,30,31,33,35,38,40,42,44,46,47,48],"killed_by":"Donu and Deca","ascension_level":1}