{"gold_per_floor":[111,111,61,76,76,76,101,144,168,168,168,46,80,105,105,105],"floor_reached":16,"playtime":497,"items_purged":["Decay"],"score":184,"play_id":"4a1a1780-fc33-4f89-afe9-fde39f62842a","local_time":"20190409121717","is_ascension_mode":true,"campfire_choices":[{"data":"Whirlwind","floor":6,"key":"SMITH"},{"floor":10,"key":"REST"},{"floor":15,"key":"REST"}],"neow_cost":"PERCENT_DAMAGE","seed_source_timestamp":229690058869863,"circlet_count":0,"master_deck":["AscendersBane","Strike_R","Strike_R","Strike_R","Strike_R","Strike_R","Defend_R","Defend_R","Defend_R","Defend_R","Bash","Whirlwind+1","Power Through","Whirlwind","Shrug It Off","Shrug It Off","Pummel","Feel No Pain"],"relics":["Burning Blood","Golden Idol","Happy Flower","Oddly Smooth Stone","Kunai"],"potions_floor_usage":[16,16],"damage_taken":[{"damage":6,"enemies":"2 Louse","floor":1,"turns":3},{"damage":9,"enemies":"Small Slimes","floor":4,"turns":3},{"damage":8,"enemies":"Cultist","floor":7,"turns":4},{"damage":31,"enemies":"Gremlin Nob","floor":8,"turns":5},{"damage":35,"enemies":"Lagavulin","floor":13,"turns":9},{"damage":2,"enemies":"Looter","floor":14,"turns":3},{"damage":70,"enemies":"Hexaghost","floor":16,"turns":16}],"seed_played":"-4527475275109140061","potions_obtained":[{"floor":7,"key":"Explosive Potion"},{"floor":8,"key":"Poison Potion"}],"is_trial":false,"path_per_floor":["M","?","?","M","?","R","M","E","T","R","?","$","E","M","R","B"],"character_chosen":"IRONCLAD","items_purchased":["Shrug It Off"],"campfire_rested":2,"item_purchase_floors":[12],"current_hp_per_floor":[64,64,64,61,61,61,59,34,34,60,65,65,36,40,68,0],"gold":105,"neow_bonus":"TWENTY_PERCENT_HP_BONUS","is_prod":false,"is_daily":false,"chose_seed":false,"campfire_upgraded":1,"win_rate":0,"timestamp":1554837437,"path_taken":["M","?","?","M","?","R","?","E","T","R","?","$","E","M","R","BOSS"],"build_version":"2019-01-23","purchased_purges":1,"victory":false,"max_hp_per_floor":[89,89,89,89,89,89,89,89,89,89,94,94,94,94,94,94],"card_choices":[{"not_picked":["Perfected Strike","Corruption"],"picked":"Whirlwind","floor":1},{"not_picked":["Sentinel","Dropkick"],"picked":"Power Through","floor":4},{"not_picked":["Bloodletting","Iron Wave"],"picked":"Whirlwind","floor":7},{"not_picked":["Rampage","Bloodletting"],"picked":"Shrug It Off","floor":8},{"not_picked":["Body Slam","Juggernaut"],"picked":"Pummel","floor":13},{"not_picked":["Heavy Blade","Iron Wave"],"picked":"Feel No Pain","floor":14}],"player_experience":404422,"relics_obtained":[{"floor":8,"key":"Happy Flower"},{"floor":9,"key":"Oddly Smooth Stone"},{"floor":13,"key":"Kunai"}],"event_choices":[{"damage_healed":0,"gold_gain":0,"player_choice":"Take Wound","damage_taken":0,"relics_obtained":["Golden Idol"],"max_hp_gain":0,"max_hp_loss":0,"event_name":"Golden Idol","floor":2,"gold_loss":0,"cards_obtained":["Injury"]},{"cards_removed":["Injury"],"damage_healed":0,"gold_gain":0,"player_choice":"Card Removal","damage_taken":0,"max_hp_gain":0,"max_hp_loss":0,"event_name":"The Cleric","floor":3,"gold_loss":50},{"damage_healed":0,"gold_gain":0,"player_choice":"Cursed","damage_taken":0,"max_hp_gain":0,"max_hp_loss":0,"event_name":"Wheel of Change","floor":5,"gold_loss":0,"cards_obtained":["Decay"]},{"damage_healed":0,"gold_gain":0,"player_choice":"Donut","damage_taken":0,"max_hp_gain":5,"max_hp_loss":0,"event_name":"Big Fish","floor":11,"gold_loss":0}],"is_beta":false,"boss_relics":[],"items_purged_floors":[12],"is_endless":false,"potions_floor_spawned":[7,8,13],"killed_by":"Hexaghost","ascension_level":14}