{"gold_per_floor":[13,32,42,217,228,228,258,278,278,278,278,292,292,308,308,411,411,431,136,136,136,150,150,169,169],"floor_reached":25,"playtime":2090,"items_purged":["Doubt"],"score":302,"play_id":"015674fa-231f-46a3-8630-18fd08b2fba3","local_time":"20190418104703","is_ascension_mode":true,"campfire_choices":[{"data":"Rage","floor":6,"key":"SMITH"},{"floor":11,"key":"REST"},{"data":"True Grit","floor":13,"key":"SMITH"},{"data":"Immolate","floor":15,"key":"SMITH"},{"data":"Armaments","floor":23,"key":"SMITH"}],"neow_cost":"NO_GOLD","seed_source_timestamp":56834806326659,"circlet_count":0,"master_deck":["Defend_R","Defend_R","Defend_R","Defend_R","Bash","Immolate+1","Flex","Rage+1","Seeing Red","Shrug It Off","True Grit+1","Berserk+1","Flame Barrier","Barricade+1","Flame Barrier","Warcry","Whirlwind","Bite","Bite","Bite","Bite","Bite","Armaments+1"],"relics":["Burning Blood","Self Forming Clay","Frozen Egg 2","Runic Pyramid"],"potions_floor_usage":[7,16,16,20,24,24],"damage_taken":[{"damage":8,"enemies":"Cultist","floor":1,"turns":4},{"damage":6,"enemies":"Jaw Worm","floor":2,"turns":2},{"damage":7,"enemies":"Small Slimes","floor":3,"turns":2},{"damage":13,"enemies":"Looter","floor":5,"turns":4},{"damage":15,"enemies":"Lagavulin","floor":7,"turns":3},{"damage":11,"enemies":"Blue Slaver","floor":8,"turns":5},{"damage":8,"enemies":"Red Slaver","floor":12,"turns":6},{"damage":0,"enemies":"3 Louse","floor":14,"turns":3},{"damage":33,"enemies":"Slime Boss","floor":16,"turns":13},{"damage":11,"enemies":"Chosen","floor":18,"turns":7},{"damage":29,"enemies":"Spheric Guardian","floor":22,"turns":6},{"damage":29,"enemies":"Snecko","floor":24,"turns":8},{"damage":46,"enemies":"Book of Stabbing","floor":25,"turns":7}],"seed_played":"4990269669170229171","potions_obtained":[{"floor":2,"key":"AttackPotion"},{"floor":8,"key":"GamblersBrew"},{"floor":12,"key":"Block Potion"},{"floor":14,"key":"SpeedPotion"},{"floor":18,"key":"Fire Potion"},{"floor":22,"key":"Ancient Potion"}],"is_trial":false,"path_per_floor":["?","?","?","?"],"character_chosen":"IRONCLAD","items_purchased":["Fruit Juice","Warcry","Whirlwind"],"campfire_rested":1,"item_purchase_floors":[19,19,19],"current_hp_per_floor":[70,70,69,69,62,62,53,48,48,48,72,70,70,76,76,49,72,67,67,72,59,46,46,32,0],"gold":169,"neow_bonus":"TRANSFORM_TWO_CARDS","is_prod":false,"is_daily":false,"chose_seed":false,"campfire_upgraded":4,"win_rate":0,"timestamp":1555606023,"path_taken":["M","M","M","?","M","R","E","M","T","?","R","M","R","M","R","BOSS","M","$","?","?","M","R","M","E"],"build_version":"2019-01-23","purchased_purges":1,"victory":false,"max_hp_per_floor":[80,80,80,80,80,80,80,80,80,80,80,80,80,80,80,80,80,80,80,85,59,59,59,59,59],"card_choices":[{"not_picked":["Thunderclap","Sword Boomerang"],"picked":"Rage","floor":1},{"not_picked":["Dropkick","Headbutt","Warcry"],"picked":"SKIP","floor":2},{"not_picked":["Corruption","Twin Strike"],"picked":"Seeing Red","floor":3},{"not_picked":["Intimidate","Flex"],"picked":"Shrug It Off","floor":5},{"not_picked":["Warcry","Cleave"],"picked":"True Grit","floor":7},{"not_picked":["Entrench","Anger","Sentinel"],"picked":"SKIP","floor":8},{"not_picked":["Ghostly Armor","Sever Soul"],"picked":"Flame Barrier","floor":12},{"not_picked":["Infernal Blade","Sever Soul","Cleave"],"picked":"SKIP","floor":14},{"not_picked":["Impervious","Immolate"],"picked":"Barricade+1","floor":16},{"not_picked":["True Grit","Twin Strike+1"],"picked":"Flame Barrier","floor":18},{"not_picked":["Anger","Whirlwind"],"picked":"Armaments","floor":22},{"not_picked":["Rupture+1","Thunderclap","Havoc"],"picked":"SKIP","floor":24}],"player_experience":571746,"relics_obtained":[{"floor":7,"key":"Self Forming Clay"},{"floor":9,"key":"Frozen Egg 2"}],"event_choices":[{"damage_healed":0,"gold_gain":175,"player_choice":"AGREE","damage_taken":0,"max_hp_gain":0,"max_hp_loss":0,"event_name":"Liars Game","floor":4,"gold_loss":0,"cards_obtained":["Doubt"]},{"damage_healed":0,"gold_gain":0,"cards_transformed":["Strike_R"],"player_choice":"Change","damage_taken":0,"max_hp_gain":0,"max_hp_loss":0,"event_name":"Living Wall","floor":10,"gold_loss":0,"cards_obtained":["Berserk"]},{"damage_healed":0,"gold_gain":0,"player_choice":"Ignored","damage_taken":0,"max_hp_gain":0,"max_hp_loss":0,"event_name":"Ghosts","floor":20,"gold_loss":0},{"damage_healed":0,"gold_gain":0,"player_choice":"Became a vampire","damage_taken":0,"max_hp_gain":0,"max_hp_loss":26,"event_name":"Vampires","floor":21,"gold_loss":0,"cards_obtained":["Bite","Bite","Bite","Bite","Bite"]}],"is_beta":false,"boss_relics":[{"not_picked":["White Beast Statue","Busted Crown"],"picked":"Runic Pyramid"}],"items_purged_floors":[19],"is_endless":false,"potions_floor_spawned":[2,8,12,14,18,22],"killed_by":"Book of Stabbing","ascension_level":7}