{"gold_per_floor":[113,130,80,80,80,80,112,169,216,241,241,252,252,328,328,423,423,438,438,438,243,243,243,276,276,276,288,315,47,76,93,93,196,196,206,206,216,216,233,265,265,265],"floor_reached":42,"playtime":1727,"items_purged":["Defend_B"],"score":966,"play_id":"a1289d84-dfa1-4c7f-9d63-2bbfb4d255db","local_time":"20190425134922","is_ascension_mode":true,"campfire_choices":[{"data":"Go for the Eyes","floor":6,"key":"SMITH"},{"data":"Zap","floor":11,"key":"SMITH"},{"data":"Coolheaded","floor":13,"key":"SMITH"},{"floor":15,"key":"REST"},{"data":"Undo","floor":23,"key":"SMITH"},{"floor":25,"key":"DIG"},{"floor":32,"key":"DIG"},{"floor":41,"key":"DIG"}],"neow_cost":"NONE","seed_source_timestamp":1044878546985265,"circlet_count":0,"master_deck":["AscendersBane","Strike_B+1","Strike_B+1","Defend_B","Defend_B","Defend_B+1","Zap+1","Dualcast","Go for the Eyes+1","Cold Snap","Gash+1","Coolheaded+1","All For One","Go for the Eyes","Biased Cognition","Necronomicurse","Undo+1","Loop","Glacier","Gash","All For One","Genetic Algorithm+1","Creative AI","FTL","Madness","Madness","Gash+1"],"relics":["Cracked Core","NeowsBlessing","Dream Catcher","Whetstone","Orichalcum","Unceasing Top","Mercury Hourglass","Busted Crown","Necronomicon","MutagenicStrength","Shovel","Boot","Bronze Scales","Pear","Lee\u0027s Waffle","Gremlin Horn","Mummified Hand","Orrery","Vajra","Pantograph"],"potions_floor_usage":[28,31,33],"damage_taken":[{"damage":0,"enemies":"Small Slimes","floor":1,"turns":1},{"damage":0,"enemies":"Jaw Worm","floor":2,"turns":1},{"damage":0,"enemies":"Gremlin Nob","floor":7,"turns":1},{"damage":25,"enemies":"Lagavulin Event","floor":8,"turns":7},{"damage":16,"enemies":"3 Sentries","floor":10,"turns":7},{"damage":0,"enemies":"2 Louse","floor":12,"turns":2},{"damage":0,"enemies":"Slime Boss","floor":16,"turns":9},{"damage":0,"enemies":"Chosen","floor":18,"turns":4},{"damage":5,"enemies":"Gremlin Leader","floor":24,"turns":5},{"damage":0,"enemies":"Shell Parasite","floor":27,"turns":3},{"damage":18,"enemies":"Slavers","floor":28,"turns":4},{"damage":1,"enemies":"Book of Stabbing","floor":30,"turns":3},{"damage":9,"enemies":"Snake Plant","floor":31,"turns":3},{"damage":32,"enemies":"Champ","floor":33,"turns":9},{"damage":6,"enemies":"3 Darklings","floor":35,"turns":4},{"damage":18,"enemies":"3 Shapes","floor":37,"turns":4},{"damage":10,"enemies":"Maw","floor":39,"turns":7},{"damage":0,"enemies":"Giant Head","floor":40,"turns":7},{"damage":41,"enemies":"Transient","floor":42,"turns":5}],"seed_played":"-5164742911214630783","potions_obtained":[{"floor":7,"key":"LiquidBronze"},{"floor":8,"key":"EntropicBrew"},{"floor":30,"key":"Block Potion"},{"floor":31,"key":"Strength Potion"},{"floor":33,"key":"SpeedPotion"},{"floor":37,"key":"EssenceOfSteel"}],"is_trial":false,"path_per_floor":["M","M","?","?","?","R","E","?","T","E","R","M","R","T","R","B",null,"M","?","?","$","?","R","E","R","T","M","E","$","E","M","R","B",null,"M","$","M","?","M","E","R","M"],"character_chosen":"DEFECT","items_purchased":["Undo","Loop","All For One","Lee\u0027s Waffle"],"campfire_rested":1,"item_purchase_floors":[21,21,29,29],"current_hp_per_floor":[68,68,68,73,57,57,57,32,32,16,16,16,16,16,40,40,70,70,70,54,54,54,54,49,49,49,49,41,97,96,87,87,55,87,81,81,63,51,41,41,41,0],"gold":265,"neow_bonus":"THREE_ENEMY_KILL","is_prod":false,"is_daily":false,"chose_seed":false,"campfire_upgraded":4,"win_rate":0,"timestamp":1556225362,"path_taken":["M","M","?","?","?","R","E","?","T","E","R","M","R","?","R","BOSS","M","?","?","$","?","R","E","R","T","M","E","$","E","M","R","BOSS","M","$","M","?","M","E","R","M"],"build_version":"2019-01-23","purchased_purges":1,"victory":false,"max_hp_per_floor":[75,75,75,80,80,80,80,80,80,80,80,80,80,80,80,80,80,80,80,80,80,80,80,80,80,80,80,90,97,97,97,97,97,97,97,97,97,97,97,97,97,97],"card_choices":[{"not_picked":["Redo","Force Field"],"picked":"Go for the Eyes","floor":1},{"not_picked":["Barrage","Skim"],"picked":"Cold Snap","floor":2},{"not_picked":["Chaos","Leap"],"picked":"Gash","floor":7},{"not_picked":["Stack","Scrape"],"picked":"Coolheaded","floor":8},{"not_picked":["Skim","Genetic Algorithm"],"picked":"All For One","floor":10},{"not_picked":["Undo","Fusion"],"picked":"Go for the Eyes","floor":12},{"not_picked":["Meteor Strike","Buffer"],"picked":"Biased Cognition","floor":16},{"not_picked":["Coolheaded"],"picked":"SKIP","floor":18},{"not_picked":["Streamline"],"picked":"SKIP","floor":24},{"not_picked":[],"picked":"Glacier","floor":27},{"not_picked":[],"picked":"Gash","floor":28},{"not_picked":[],"picked":"Genetic Algorithm+1","floor":30},{"not_picked":["Compile Driver"],"picked":"SKIP","floor":31},{"not_picked":[],"picked":"Creative AI","floor":33},{"not_picked":[],"picked":"FTL","floor":34},{"not_picked":["Stack"],"picked":"SKIP","floor":35},{"not_picked":["Turbo"],"picked":"SKIP","floor":37},{"not_picked":["Force Field"],"picked":"SKIP","floor":39},{"not_picked":[],"picked":"Gash+1","floor":40}],"player_experience":308082,"relics_obtained":[{"floor":7,"key":"Dream Catcher"},{"floor":8,"key":"Whetstone"},{"floor":9,"key":"Orichalcum"},{"floor":10,"key":"Unceasing Top"},{"floor":14,"key":"Mercury Hourglass"},{"floor":20,"key":"Necronomicon"},{"floor":24,"key":"Shovel"},{"floor":25,"key":"Boot"},{"floor":26,"key":"Bronze Scales"},{"floor":28,"key":"Pear"},{"floor":30,"key":"Gremlin Horn"},{"floor":32,"key":"Mummified Hand"},{"floor":40,"key":"Vajra"},{"floor":41,"key":"Pantograph"}],"event_choices":[{"cards_removed":["Strike_B"],"damage_healed":0,"gold_gain":0,"player_choice":"Card Removal","damage_taken":0,"max_hp_gain":0,"max_hp_loss":0,"event_name":"The Cleric","floor":3,"gold_loss":50},{"damage_healed":0,"gold_gain":0,"player_choice":"Donut","damage_taken":0,"max_hp_gain":5,"max_hp_loss":0,"event_name":"Big Fish","floor":4,"gold_loss":0},{"damage_healed":0,"gold_gain":0,"player_choice":"Entered Light","damage_taken":16,"max_hp_gain":0,"max_hp_loss":0,"event_name":"Shining Light","floor":5,"gold_loss":0,"cards_upgraded":["Defend_B","Strike_B"]},{"damage_healed":0,"gold_gain":0,"player_choice":"Searched \u00271\u0027 times","damage_taken":0,"max_hp_gain":0,"max_hp_loss":0,"event_name":"Dead Adventurer","floor":8,"gold_loss":0},{"cards_removed":["Strike_B"],"damage_healed":0,"gold_gain":0,"player_choice":"Elegance","damage_taken":0,"max_hp_gain":0,"max_hp_loss":0,"event_name":"Back to Basics","floor":19,"gold_loss":0},{"damage_healed":0,"gold_gain":0,"player_choice":"Obtained Book","damage_taken":16,"max_hp_gain":0,"max_hp_loss":0,"event_name":"Cursed Tome","floor":20,"gold_loss":0},{"damage_healed":0,"gold_gain":0,"player_choice":"Inject Mutagens","damage_taken":0,"relics_obtained":["MutagenicStrength"],"max_hp_gain":0,"max_hp_loss":0,"event_name":"Drug Dealer","floor":22,"gold_loss":0},{"damage_healed":0,"gold_gain":0,"player_choice":"Embrace Madness","damage_taken":12,"max_hp_gain":0,"max_hp_loss":0,"event_name":"Winding Halls","floor":38,"gold_loss":0,"cards_obtained":["Madness","Madness"]}],"is_beta":false,"boss_relics":[{"not_picked":["Eternal Feather","Astrolabe"],"picked":"Busted Crown"},{"not_picked":["Runic Dome","Empty Cage"],"picked":"Orrery"}],"items_purged_floors":[21],"is_endless":false,"potions_floor_spawned":[7,8,24,30,31,33,37],"killed_by":"Transient","ascension_level":12}