{"gold_per_floor":[209,223,242,321,334,334,366,366,366,366,384,412,412,33,33,131,131,146,158,158,174,174,174,188,188,188,188,214,214,249,38,38,138,138,150,165,240,240,210,210,229,229,278,278,288,42,68,10,10,10],"floor_reached":51,"playtime":4001,"items_purged":["Strike_B","Strike_B"],"score":1119,"play_id":"63c02541-0eb5-4a3a-a0a7-4359f74c513f","local_time":"20190503154132","is_ascension_mode":true,"campfire_choices":[{"floor":6,"key":"REST"},{"data":"Electrodynamics","floor":8,"key":"SMITH"},{"data":"Dualcast","floor":10,"key":"SMITH"},{"floor":13,"key":"REST"},{"floor":15,"key":"REST"},{"data":"Biased Cognition","floor":23,"key":"SMITH"},{"data":"Biased Cognition","floor":27,"key":"SMITH"},{"data":"Capacitor","floor":29,"key":"SMITH"},{"data":"Thunder Strike","floor":32,"key":"SMITH"},{"data":"Meteor Strike","floor":40,"key":"SMITH"},{"data":"Glacier","floor":42,"key":"SMITH"},{"data":"Ball Lightning","floor":44,"key":"SMITH"},{"data":"Glacier","floor":49,"key":"SMITH"}],"neow_cost":"NONE","seed_source_timestamp":1288839512067100,"circlet_count":0,"master_deck":["AscendersBane","Strike_B","Strike_B","Defend_B","Defend_B","Defend_B","Defend_B","Zap+1","Dualcast+1","Sweeping Beam","Ball Lightning+1","Gash","Steam+1","Electrodynamics+1","Conserve Battery","Glacier+1","Biased Cognition+1","Streamline+1","Biased Cognition+1","Glacier+1","Capacitor+1","Go for the Eyes+1","Thunder Strike+1","Meteor Strike+1","Skim+1","White Noise+1","Cold Snap+1"],"relics":["Cracked Core","The Courier","War Paint","Mercury Hourglass","DataDisk","Meat on the Bone","Ancient Tea Set","Snecko Eye","Pantograph","Omamori","Juzu Bracelet","Inserter","Art of War","Pen Nib","Bag of Preparation","Bottled Lightning"],"potions_floor_usage":[7,12,30,33,47,50,50],"damage_taken":[{"damage":1,"enemies":"Cultist","floor":1,"turns":3},{"damage":9,"enemies":"2 Louse","floor":2,"turns":2},{"damage":2,"enemies":"Jaw Worm","floor":3,"turns":3},{"damage":13,"enemies":"Exordium Wildlife","floor":5,"turns":3},{"damage":20,"enemies":"3 Sentries","floor":7,"turns":7},{"damage":0,"enemies":"3 Louse","floor":11,"turns":1},{"damage":12,"enemies":"Lagavulin","floor":12,"turns":4},{"damage":6,"enemies":"The Guardian","floor":16,"turns":10},{"damage":3,"enemies":"Shell Parasite","floor":18,"turns":6},{"damage":2,"enemies":"Chosen","floor":19,"turns":4},{"damage":6,"enemies":"Snake Plant","floor":21,"turns":3},{"damage":7,"enemies":"Cultist and Chosen","floor":24,"turns":2},{"damage":6,"enemies":"Book of Stabbing","floor":28,"turns":2},{"damage":10,"enemies":"Slavers","floor":30,"turns":6},{"damage":0,"enemies":"Champ","floor":33,"turns":9},{"damage":23,"enemies":"3 Darklings","floor":35,"turns":3},{"damage":0,"enemies":"3 Shapes","floor":36,"turns":1},{"damage":0,"enemies":"Spire Growth","floor":41,"turns":3},{"damage":4,"enemies":"4 Shapes","floor":45,"turns":3},{"damage":0,"enemies":"Giant Head","floor":47,"turns":7},{"damage":53,"enemies":"Awakened One","floor":50,"turns":10}],"seed_played":"-7614165351896803877","potions_obtained":[{"floor":1,"key":"Fire Potion"},{"floor":3,"key":"Swift Potion"},{"floor":7,"key":"AttackPotion"},{"floor":18,"key":"SteroidPotion"},{"floor":21,"key":"FairyPotion"},{"floor":24,"key":"FocusPotion"},{"floor":39,"key":"FearPotion"},{"floor":39,"key":"Ancient Potion"},{"floor":41,"key":"Energy Potion"},{"floor":45,"key":"Dexterity Potion"}],"is_trial":false,"path_per_floor":["T","?","M","?","T","?","?","?","$"],"character_chosen":"DEFECT","items_purchased":["Meat on the Bone","Ancient Tea Set","Thunder Strike","Pen Nib","Bag of Preparation","Ancient Potion"],"campfire_rested":3,"item_purchase_floors":[14,14,31,46,46,48],"current_hp_per_floor":[67,58,56,56,43,65,45,45,45,45,45,33,55,55,75,69,74,71,69,69,63,63,63,56,56,56,56,50,50,40,40,40,65,73,50,50,43,62,62,62,62,62,62,62,58,58,58,58,58,34],"gold":10,"neow_bonus":"HUNDRED_GOLD","is_prod":false,"is_daily":false,"chose_seed":false,"campfire_upgraded":10,"win_rate":0,"timestamp":1556919692,"path_taken":["M","M","M","?","M","R","E","R","T","R","M","E","R","$","R","BOSS","M","M","?","?","?","R","M","?","T","R","E","R","E","$","R","BOSS","M","M","?","?","?","R","M","R","T","R","M","$","E","?","R","BOSS"],"build_version":"2019-01-23","purchased_purges":2,"victory":true,"max_hp_per_floor":[75,75,75,75,75,75,75,75,75,75,75,75,75,75,75,75,75,75,75,75,75,75,75,75,75,75,75,75,75,75,75,75,75,75,75,75,75,75,75,75,75,75,75,75,75,75,75,75,75,75],"card_choices":[{"not_picked":["BootSequence","Turbo"],"picked":"Sweeping Beam","floor":1},{"not_picked":["Go for the Eyes","Conserve Battery"],"picked":"Ball Lightning","floor":2},{"not_picked":["Barrage","Darkness"],"picked":"Gash","floor":3},{"not_picked":["Streamline","Stack"],"picked":"Steam","floor":5},{"not_picked":["Stack","Beam Cell"],"picked":"Electrodynamics","floor":7},{"not_picked":["Rebound","Go for the Eyes"],"picked":"Conserve Battery","floor":11},{"not_picked":["Go for the Eyes","Rebound"],"picked":"Glacier","floor":12},{"not_picked":["Seek","Electrodynamics"],"picked":"Biased Cognition","floor":16},{"not_picked":["Sweeping Beam","Cold Snap"],"picked":"Streamline+1","floor":18},{"not_picked":["Barrage","Go for the Eyes","Streamline"],"picked":"SKIP","floor":19},{"not_picked":["Stack","Scrape","Streamline"],"picked":"SKIP","floor":21},{"not_picked":["Go for the Eyes","Leap"],"picked":"Glacier","floor":24},{"not_picked":["Cold Snap","Reprogram+1"],"picked":"Capacitor","floor":28},{"not_picked":["Scrape","Cold Snap"],"picked":"Go for the Eyes+1","floor":30},{"not_picked":["Fission","Reboot"],"picked":"Meteor Strike","floor":33},{"not_picked":["Gash","Steam"],"picked":"Skim+1","floor":35},{"not_picked":["Lockon+1","Stack+1","Static Discharge"],"picked":"SKIP","floor":36},{"not_picked":["Streamline+1","Chill","Redo"],"picked":"SKIP","floor":41},{"not_picked":["Steam+1","Chill"],"picked":"White Noise+1","floor":45},{"not_picked":["Blizzard+1","Sweeping Beam+1"],"picked":"Cold Snap+1","floor":47}],"player_experience":642283,"relics_obtained":[{"floor":4,"key":"The Courier"},{"floor":7,"key":"War Paint"},{"floor":9,"key":"Mercury Hourglass"},{"floor":12,"key":"DataDisk"},{"floor":26,"key":"Pantograph"},{"floor":28,"key":"Omamori"},{"floor":30,"key":"Juzu Bracelet"},{"floor":43,"key":"Art of War"},{"floor":47,"key":"Bottled Lightning"}],"event_choices":[{"damage_healed":0,"gold_gain":0,"player_choice":"Copied","damage_taken":0,"max_hp_gain":0,"max_hp_loss":0,"event_name":"Duplicator","floor":20,"gold_loss":0,"cards_obtained":["Biased Cognition"]},{"damage_healed":0,"gold_gain":0,"player_choice":"Ignored","damage_taken":0,"max_hp_gain":0,"max_hp_loss":0,"event_name":"Ghosts","floor":22,"gold_loss":0},{"damage_healed":0,"gold_gain":75,"player_choice":"Touch","damage_taken":7,"max_hp_gain":0,"max_hp_loss":0,"event_name":"FaceTrader","floor":37,"gold_loss":0},{"damage_healed":19,"gold_gain":0,"player_choice":"Writhe","damage_taken":0,"max_hp_gain":0,"max_hp_loss":0,"event_name":"Winding Halls","floor":38,"gold_loss":0,"cards_obtained":["Writhe"]},{"damage_healed":0,"gold_gain":0,"player_choice":"Bought 2 Potions","damage_taken":0,"max_hp_gain":0,"max_hp_loss":0,"event_name":"The Woman in Blue","floor":39,"gold_loss":0}],"is_beta":false,"boss_relics":[{"not_picked":["Ectoplasm","Velvet Choker"],"picked":"Snecko Eye"},{"not_picked":["Lizard Tail","White Beast Statue"],"picked":"Inserter"}],"items_purged_floors":[14,31],"is_endless":false,"potions_floor_spawned":[1,3,7,18,21,24,41,45],"ascension_level":10}