{"gold_per_floor":[115,76,76,151,167,193,193,526,526,526,541,541,560,510,510,605,605,616,636,636,636,636,636],"floor_reached":23,"playtime":1050,"items_purged":[],"score":300,"play_id":"5aa4853e-bb83-4b39-b820-f99ffc23239b","local_time":"20181204202819","is_ascension_mode":true,"campfire_choices":[{"data":"White Noise","floor":7,"key":"SMITH"},{"floor":10,"key":"REST"},{"data":"Buffer","floor":15,"key":"SMITH"}],"neow_cost":"NONE","seed_source_timestamp":220010492737133,"circlet_count":0,"master_deck":["Strike_B+1","Strike_B+1","Defend_B+1","Defend_B+1","Defend_B+1","Defend_B+1","Zap+1","Dualcast","White Noise+1","FTL","Cold Snap","Buffer+1","Cold Snap","Self Repair","Self Repair+1","Necronomicurse"],"relics":["Cracked Core","NeowsBlessing","StoneCalendar","Old Coin","Du-Vu Doll","War Paint","Orrery","Necronomicon","MutagenicStrength"],"potions_floor_usage":[8,11,18],"damage_taken":[{"damage":0,"enemies":"2 Louse","floor":1,"turns":1},{"damage":0,"enemies":"Jaw Worm","floor":5,"turns":1},{"damage":0,"enemies":"Lagavulin","floor":6,"turns":1},{"damage":36,"enemies":"Gremlin Nob","floor":8,"turns":4},{"damage":0,"enemies":"Small Slimes","floor":11,"turns":2},{"damage":1,"enemies":"Looter","floor":13,"turns":3},{"damage":31,"enemies":"Hexaghost","floor":16,"turns":11},{"damage":12,"enemies":"Chosen","floor":18,"turns":6},{"damage":6,"enemies":"Spheric Guardian","floor":19,"turns":6},{"damage":59,"enemies":"Slavers","floor":23,"turns":4}],"seed_played":"-3831151328684686154","potions_obtained":[{"floor":5,"key":"Regen Potion"},{"floor":8,"key":"SkillPotion"},{"floor":13,"key":"GamblersBrew"}],"is_trial":false,"path_per_floor":["M","$","?","?","M","E","R","E","T","R","M","?","M","?","R","B",null,"M","M","?","?","?","E"],"character_chosen":"DEFECT","items_purchased":["FTL"],"campfire_rested":1,"item_purchase_floors":[2],"current_hp_per_floor":[68,68,68,57,57,57,57,33,33,55,55,55,54,54,54,23,62,57,68,52,52,52,0],"gold":636,"neow_bonus":"THREE_ENEMY_KILL","is_prod":false,"is_daily":false,"chose_seed":false,"campfire_upgraded":2,"win_rate":0,"timestamp":1543951699,"path_taken":["M","$","?","?","M","E","R","E","T","R","M","?","M","?","R","BOSS","M","M","?","?","?","E"],"build_version":"2018-11-15","purchased_purges":0,"victory":false,"max_hp_per_floor":[75,75,75,75,75,75,75,75,75,75,75,75,75,75,75,75,75,75,75,75,75,75,75],"card_choices":[{"not_picked":["Barrage","Hologram"],"picked":"White Noise","floor":1},{"not_picked":["Beam Cell","Stack","Static Discharge"],"picked":"SKIP","floor":5},{"not_picked":["Rebound","Steam Power","Go for the Eyes"],"picked":"SKIP","floor":6},{"not_picked":["Stack","FTL"],"picked":"Cold Snap","floor":8},{"not_picked":["Stack","FTL"],"picked":"Buffer","floor":11},{"not_picked":["Recycle","Beam Cell","Ball Lightning"],"picked":"SKIP","floor":13},{"not_picked":["Ball Lightning","Reboot"],"picked":"Cold Snap","floor":17},{"not_picked":["FTL","Compile Driver"],"picked":"Self Repair","floor":17},{"not_picked":["Sweeping Beam+1","Tempest+1"],"picked":"Self Repair+1","floor":18},{"not_picked":["Steam","Rebound","Gash+1"],"picked":"SKIP","floor":19}],"player_experience":344558,"relics_obtained":[{"floor":6,"key":"StoneCalendar"},{"floor":8,"key":"Old Coin"},{"floor":9,"key":"Du-Vu Doll"},{"floor":20,"key":"Necronomicon"}],"event_choices":[{"cards_removed":["Strike_B"],"damage_healed":0,"gold_gain":0,"player_choice":"Forget","damage_taken":0,"max_hp_gain":0,"max_hp_loss":0,"event_name":"Living Wall","floor":3,"gold_loss":0},{"damage_healed":0,"gold_gain":75,"player_choice":"Gather Gold","damage_taken":11,"max_hp_gain":0,"max_hp_loss":0,"event_name":"World of Goop","floor":4,"gold_loss":0},{"damage_healed":0,"gold_gain":0,"player_choice":"Searched \u00271\u0027 times","damage_taken":0,"relics_obtained":["War Paint"],"max_hp_gain":0,"max_hp_loss":0,"event_name":"Dead Adventurer","floor":12,"gold_loss":0},{"cards_removed":["Strike_B"],"damage_healed":0,"gold_gain":0,"player_choice":"Card Removal","damage_taken":0,"max_hp_gain":0,"max_hp_loss":0,"event_name":"The Cleric","floor":14,"gold_loss":50},{"damage_healed":0,"gold_gain":0,"player_choice":"Obtained Book","damage_taken":16,"max_hp_gain":0,"max_hp_loss":0,"event_name":"Cursed Tome","floor":20,"gold_loss":0},{"damage_healed":0,"gold_gain":0,"player_choice":"Inject Mutagens","damage_taken":0,"relics_obtained":["MutagenicStrength"],"max_hp_gain":0,"max_hp_loss":0,"event_name":"Drug Dealer","floor":21,"gold_loss":0},{"damage_healed":0,"gold_gain":0,"player_choice":"Simplicity","damage_taken":0,"max_hp_gain":0,"max_hp_loss":0,"event_name":"Back to Basics","floor":22,"gold_loss":0,"cards_upgraded":["Strike_B","Strike_B","Defend_B","Defend_B","Defend_B"]}],"is_beta":false,"boss_relics":[{"not_picked":["Pandora\u0027s Box","White Beast Statue"],"picked":"Orrery"}],"items_purged_floors":[],"is_endless":false,"potions_floor_spawned":[5,8,13],"killed_by":"Slavers","ascension_level":7}