{"gold_per_floor":[110,129,140,159,159,193,193,193,193,269,269,309,309,344,344,465,465,489,505,519,434,359,402,418,441,441,459,494,538,538,571,571,696,696,709,728,747,760,760,760,791,791,791,791,829,829,39,59,59,59],"floor_reached":50,"playtime":24366,"items_purged":["Writhe","Defend_B"],"score":759,"play_id":"268a7dea-aedd-46f2-a938-7ce119dff58c","local_time":"20190409212807","is_ascension_mode":true,"campfire_choices":[{"data":"Chill","floor":7,"key":"SMITH"},{"data":"Fission","floor":15,"key":"SMITH"},{"data":"Machine Learning","floor":30,"key":"SMITH"},{"floor":32,"key":"REST"},{"data":"Storm","floor":40,"key":"SMITH"},{"data":"Coolheaded","floor":42,"key":"SMITH"},{"data":"Reboot","floor":44,"key":"SMITH"},{"data":"Zap","floor":49,"key":"SMITH"}],"neow_cost":"CURSE","seed_source_timestamp":1574290696979500,"circlet_count":0,"master_deck":["Strike_B","Strike_B","Strike_B+1","Defend_B","Defend_B","Defend_B","Zap+1","Dualcast","Sweeping Beam","Chill+1","Leap","FTL","Glacier","Cold Snap","Ball Lightning","Melter","Blizzard+1","Cold Snap","Go for the Eyes","Fission+1","Reboot+1","Rebound+1","Coolheaded+1","Rebound+1","Darkness","Double Energy+1","Chill","Machine Learning+1","Capacitor","FTL+1","Conserve Battery+1","Ball Lightning+1","Steam+1","Melter","Steam","Storm+1","Aggregate+1","Biased Cognition","Barrage+1","Lockon+1","Cold Snap","Skim","Coolheaded+1","Doom and Gloom+1","Stack+1","Capacitor+1","Gash+1","Self Repair","Headbutt","Predator+1"],"relics":["Cracked Core","Prayer Wheel","Golden Idol","Juzu Bracelet","Darkstone Periapt","Pantograph","Incense Burner","FossilizedHelix","WingedGreaves","Ornamental Fan","Inserter","PreservedInsect","Bag of Preparation","Bottled Lightning","Whetstone","Torii","Peace Pipe","Coffee Dripper","Vajra","Calipers","Symbiotic Virus","PrismaticShard","Letter Opener"],"potions_floor_usage":[3,16,28,31,33,33,50],"damage_taken":[{"damage":0,"enemies":"Small Slimes","floor":1,"turns":3},{"damage":3,"enemies":"2 Louse","floor":2,"turns":3},{"damage":4,"enemies":"Jaw Worm","floor":3,"turns":4},{"damage":4,"enemies":"2 Fungi Beasts","floor":4,"turns":3},{"damage":14,"enemies":"Gremlin Nob","floor":6,"turns":4},{"damage":0,"enemies":"3 Sentries","floor":10,"turns":4},{"damage":0,"enemies":"3 Sentries","floor":12,"turns":4},{"damage":11,"enemies":"Lagavulin","floor":14,"turns":6},{"damage":24,"enemies":"Hexaghost","floor":16,"turns":10},{"damage":0,"enemies":"3 Byrds","floor":18,"turns":4},{"damage":0,"enemies":"Spheric Guardian","floor":19,"turns":3},{"damage":0,"enemies":"Shelled Parasite and Fungi","floor":20,"turns":6},{"damage":6,"enemies":"Gremlin Leader","floor":23,"turns":4},{"damage":17,"enemies":"Snake Plant","floor":24,"turns":5},{"damage":0,"enemies":"3 Cultists","floor":25,"turns":3},{"damage":20,"enemies":"Snecko","floor":27,"turns":7},{"damage":4,"enemies":"Slavers","floor":28,"turns":4},{"damage":16,"enemies":"Book of Stabbing","floor":29,"turns":5},{"damage":0,"enemies":"Slavers","floor":31,"turns":4},{"damage":8,"enemies":"Collector","floor":33,"turns":11},{"damage":5,"enemies":"3 Shapes","floor":35,"turns":3},{"damage":10,"enemies":"Orb Walker","floor":36,"turns":4},{"damage":0,"enemies":"Jaw Worm Horde","floor":37,"turns":4},{"damage":46,"enemies":"Spire Growth","floor":38,"turns":5},{"damage":9,"enemies":"Reptomancer","floor":41,"turns":5},{"damage":0,"enemies":"Giant Head","floor":45,"turns":8},{"damage":0,"enemies":"Maw","floor":48,"turns":7},{"damage":50,"enemies":"Awakened One","floor":50,"turns":12}],"seed_played":"-1162863338958798841","potions_obtained":[{"floor":3,"key":"Fruit Juice"},{"floor":10,"key":"Poison Potion"},{"floor":14,"key":"FairyPotion"},{"floor":20,"key":"AttackPotion"},{"floor":24,"key":"Ancient Potion"},{"floor":25,"key":"Energy Potion"},{"floor":29,"key":"Poison Potion"},{"floor":31,"key":"SkillPotion"},{"floor":33,"key":"SkillPotion"},{"floor":36,"key":"SmokeBomb"}],"is_trial":false,"path_per_floor":["M","M","M","M","?","E","R","?","T","?","T","E","?","E","R","B",null,"M","M","M","?","$","E","M","M","T","M","E","E","R","E","R","B",null,"M","M","M","M","?","R","E","R","T","R","E","?","$","M","R","B"],"character_chosen":"DEFECT","items_purchased":["Symbiotic Virus","PrismaticShard","Letter Opener"],"campfire_rested":1,"item_purchase_floors":[47,47,47],"current_hp_per_floor":[75,72,73,69,69,55,55,48,48,48,48,48,48,37,37,38,74,74,74,74,74,74,68,51,51,51,31,27,11,11,11,33,50,74,69,59,59,13,13,13,4,4,4,4,4,4,4,11,11,0],"gold":59,"neow_bonus":"ONE_RARE_RELIC","is_prod":false,"is_daily":false,"chose_seed":false,"campfire_upgraded":7,"win_rate":0,"timestamp":1554838087,"path_taken":["M","M","M","M","?","E","R","?","T","?","?","E","?","E","R","BOSS","M","M","M","?","$","E","M","M","T","M","E","E","R","E","R","BOSS","M","M","M","M","?","R","E","R","T","R","E","?","$","M","R","BOSS"],"build_version":"2019-01-23","purchased_purges":2,"victory":false,"max_hp_per_floor":[75,75,80,80,74,74,74,74,74,74,74,74,74,74,74,74,74,74,74,74,74,74,74,74,74,74,74,74,74,74,74,74,74,74,74,74,74,74,74,74,74,74,74,74,74,74,74,74,74,74],"card_choices":[{"not_picked":["Streamline","Blizzard"],"picked":"Sweeping Beam","floor":1},{"not_picked":["Sunder","Beam Cell"],"picked":"Chill","floor":1},{"not_picked":["Turbo","Streamline"],"picked":"Leap","floor":2},{"not_picked":["Double Energy","Coolheaded"],"picked":"FTL","floor":2},{"not_picked":["Cold Snap","Heatsinks"],"picked":"Glacier","floor":3},{"not_picked":["Hologram","Static Discharge"],"picked":"Cold Snap","floor":3},{"not_picked":["Leap","Redo"],"picked":"Ball Lightning","floor":4},{"not_picked":["Redo","Gash"],"picked":"Melter","floor":4},{"not_picked":["Conserve Battery","Genetic Algorithm"],"picked":"Blizzard","floor":6},{"not_picked":["Redo","Rebound"],"picked":"Cold Snap","floor":10},{"not_picked":["Leap","Static Discharge"],"picked":"Go for the Eyes","floor":12},{"not_picked":["Beam Cell","Redo"],"picked":"Fission","floor":14},{"not_picked":["Thunder Strike","Core Surge"],"picked":"Reboot","floor":16},{"not_picked":["Reprogram","Skim"],"picked":"Rebound+1","floor":18},{"not_picked":["Barrage","Redo"],"picked":"Coolheaded","floor":18},{"not_picked":["Gash","Rip and Tear"],"picked":"Rebound+1","floor":19},{"not_picked":["Streamline","Tempest"],"picked":"Darkness","floor":19},{"not_picked":["Ball Lightning","Stack+1"],"picked":"Double Energy+1","floor":20},{"not_picked":["Streamline","Auto Shields+1"],"picked":"Chill","floor":20},{"not_picked":["Core Surge","Conserve Battery"],"picked":"Machine Learning","floor":23},{"not_picked":["Sunder","Streamline"],"picked":"Capacitor","floor":24},{"not_picked":["Turbo+1","Go for the Eyes+1"],"picked":"FTL+1","floor":24},{"not_picked":["Recycle","Undo"],"picked":"Conserve Battery+1","floor":25},{"not_picked":["Redo+1","Leap"],"picked":"Ball Lightning+1","floor":25},{"not_picked":["Rebound","Tempest"],"picked":"Steam+1","floor":27},{"not_picked":["Cold Snap+1","Genetic Algorithm+1"],"picked":"Melter","floor":27},{"not_picked":["Gash","Leap"],"picked":"Steam","floor":28},{"not_picked":["Machine Learning","Stack+1"],"picked":"Storm","floor":29},{"not_picked":["Conserve Battery","Coolheaded+1"],"picked":"Aggregate+1","floor":31},{"not_picked":["All For One","Multi-Cast"],"picked":"Biased Cognition","floor":33},{"not_picked":["Go for the Eyes","Turbo+1"],"picked":"Barrage+1","floor":35},{"not_picked":["Go for the Eyes","Undo+1"],"picked":"Lockon+1","floor":35},{"not_picked":["Leap+1","Beam Cell"],"picked":"Cold Snap","floor":36},{"not_picked":["Barrage","Genetic Algorithm"],"picked":"Skim","floor":36},{"not_picked":["Reboot","Streamline+1"],"picked":"Coolheaded+1","floor":37},{"not_picked":["Redo","Gash"],"picked":"Doom and Gloom+1","floor":37},{"not_picked":["Leap","Skim"],"picked":"Stack+1","floor":38},{"not_picked":["Recycle+1","Barrage+1"],"picked":"Capacitor+1","floor":38},{"not_picked":["Sunder","Turbo"],"picked":"Gash+1","floor":41},{"not_picked":["Hyperbeam","Auto Shields"],"picked":"Self Repair","floor":45},{"not_picked":["Dash+1","Swift Strike+1"],"picked":"Headbutt","floor":48},{"not_picked":["Steam","Skim+1"],"picked":"Predator+1","floor":48}],"player_experience":307274,"relics_obtained":[{"floor":6,"key":"Juzu Bracelet"},{"floor":9,"key":"Pantograph"},{"floor":11,"key":"FossilizedHelix"},{"floor":12,"key":"WingedGreaves"},{"floor":14,"key":"Ornamental Fan"},{"floor":23,"key":"Bag of Preparation"},{"floor":26,"key":"Bottled Lightning"},{"floor":28,"key":"Whetstone"},{"floor":29,"key":"Torii"},{"floor":31,"key":"Peace Pipe"},{"floor":41,"key":"Vajra"},{"floor":45,"key":"Calipers"}],"event_choices":[{"damage_healed":0,"gold_gain":0,"player_choice":"Lose Max HP","damage_taken":0,"relics_obtained":["Golden Idol"],"max_hp_gain":0,"max_hp_loss":6,"event_name":"Golden Idol","floor":5,"gold_loss":0},{"damage_healed":0,"gold_gain":0,"player_choice":"Success","damage_taken":7,"relics_obtained":["Darkstone Periapt"],"max_hp_gain":0,"max_hp_loss":0,"event_name":"Scrap Ooze","floor":8,"gold_loss":0},{"damage_healed":0,"gold_gain":0,"player_choice":"Searched \u00272\u0027 times","damage_taken":0,"relics_obtained":["Incense Burner"],"max_hp_gain":0,"max_hp_loss":0,"event_name":"Dead Adventurer","floor":10,"gold_loss":0},{"damage_healed":0,"gold_gain":0,"player_choice":"Grow","damage_taken":0,"max_hp_gain":0,"max_hp_loss":0,"event_name":"Living Wall","floor":13,"gold_loss":0,"cards_upgraded":["Blizzard"]},{"damage_healed":0,"gold_gain":0,"player_choice":"Obtained Relic","damage_taken":0,"relics_obtained":["PreservedInsect"],"max_hp_gain":0,"max_hp_loss":0,"event_name":"Addict","floor":21,"gold_loss":85},{"damage_healed":0,"gold_gain":0,"player_choice":"Ignored","damage_taken":0,"max_hp_gain":0,"max_hp_loss":0,"event_name":"Tomb of Lord Red Mask","floor":39,"gold_loss":0},{"cards_removed":["Strike_B"],"damage_healed":0,"gold_gain":0,"player_choice":"Offered Basic","damage_taken":0,"max_hp_gain":0,"max_hp_loss":0,"event_name":"Bonfire Elementals","floor":46,"gold_loss":0}],"is_beta":false,"boss_relics":[{"not_picked":["Empty Cage","Philosopher\u0027s Stone"],"picked":"Inserter"},{"not_picked":["Astrolabe","Calling Bell"],"picked":"Coffee Dripper"}],"items_purged_floors":[22,47],"is_endless":false,"potions_floor_spawned":[3,10,14,20,24,25,29,31,33,36,41,45],"killed_by":"Awakened One","ascension_level":1}