{"gold_per_floor":[113,131,147,247,259,259,291,304,327,327,346,346,174,197,197,316,316,335,353,369,369],"floor_reached":21,"playtime":1153,"items_purged":["Strike_R"],"score":256,"play_id":"06cb5c93-e046-4ea3-87aa-e7ddf77e0361","local_time":"20180818101448","is_ascension_mode":true,"campfire_choices":[{"data":"Whirlwind","floor":6,"key":"SMITH"},{"data":"Feed","floor":12,"key":"SMITH"},{"data":"Clothesline","floor":15,"key":"SMITH"}],"neow_cost":"NONE","seed_source_timestamp":200444277498425,"circlet_count":0,"master_deck":["Strike_R","Strike_R","Defend_R","Defend_R","Defend_R","Defend_R","Bash+1","Clothesline+1","Headbutt","Cleave","Whirlwind+1","Feed+1","Pommel Strike","Iron Wave","Clash","Battle Trance","Shockwave","Impervious","Flex"],"relics":["Burning Blood","Orichalcum","Regal Pillow","Golden Idol","Empty Cage"],"potions_floor_usage":[7,16,16,18],"damage_taken":[{"damage":6,"enemies":"Jaw Worm","floor":1,"turns":4},{"damage":1,"enemies":"Cultist","floor":2,"turns":3},{"damage":8,"enemies":"2 Louse","floor":3,"turns":3},{"damage":13,"enemies":"Blue Slaver","floor":5,"turns":4},{"damage":20,"enemies":"3 Sentries","floor":7,"turns":6},{"damage":11,"enemies":"Looter","floor":8,"turns":3},{"damage":0,"enemies":"Lots of Slimes","floor":11,"turns":1},{"damage":7,"enemies":"Exordium Wildlife","floor":14,"turns":3},{"damage":29,"enemies":"The Guardian","floor":16,"turns":9},{"damage":28,"enemies":"2 Thieves","floor":18,"turns":5},{"damage":19,"enemies":"Shell Parasite","floor":19,"turns":6},{"damage":24,"enemies":"Snake Plant","floor":20,"turns":5},{"damage":33,"floor":21,"turns":3}],"seed_played":"6363570697497225230","potions_obtained":[{"floor":5,"key":"SkillPotion"},{"floor":7,"key":"Poison Potion"},{"floor":11,"key":"EssenceOfSteel"},{"floor":14,"key":"Energy Potion"},{"floor":16,"key":"LiquidBronze"}],"is_trial":false,"path_per_floor":["M","M","M","?","M","R","E","M","T","?","M","R","$","M","R","B",null,"M","M","M"],"character_chosen":"IRONCLAD","items_purchased":["Clash","Battle Trance"],"campfire_rested":0,"item_purchase_floors":[13,13],"current_hp_per_floor":[80,80,78,78,71,71,57,52,52,32,41,41,41,44,44,25,75,53,40,26,0],"gold":369,"neow_bonus":"UPGRADE_CARD","is_prod":false,"is_daily":false,"chose_seed":false,"campfire_upgraded":3,"win_rate":0,"timestamp":1534612488,"path_taken":["M","M","M","?","M","R","E","M","T","?","M","R","$","M","R","BOSS","M","M","M","?"],"build_version":"2018-08-16","purchased_purges":1,"victory":false,"max_hp_per_floor":[80,80,80,80,80,80,80,80,80,80,83,83,83,87,87,91,91,91,91,95,95],"card_choices":[{"not_picked":["Sword Boomerang","Combust"],"picked":"Clothesline","floor":1},{"not_picked":["True Grit","Rupture"],"picked":"Headbutt","floor":2},{"not_picked":["Body Slam","Twin Strike"],"picked":"Cleave","floor":3},{"not_picked":["Ghostly Armor","Thunderclap"],"picked":"Whirlwind","floor":5},{"not_picked":["Iron Wave","Twin Strike"],"picked":"Feed","floor":7},{"not_picked":["Hemokinesis","Warcry"],"picked":"Pommel Strike","floor":8},{"not_picked":["Headbutt","Clash"],"picked":"Iron Wave","floor":11},{"not_picked":["Corruption","Cleave"],"picked":"Shockwave","floor":14},{"not_picked":["Fiend Fire","Immolate"],"picked":"Impervious","floor":16},{"not_picked":["Feel No Pain+1","Rupture","Warcry"],"picked":"SKIP","floor":18},{"not_picked":["Rupture","Uppercut"],"picked":"Flex","floor":19},{"not_picked":["Feel No Pain","Second Wind","Fire Breathing"],"picked":"SKIP","floor":20}],"player_experience":89635,"relics_obtained":[{"floor":7,"key":"Orichalcum"},{"floor":9,"key":"Regal Pillow"}],"event_choices":[{"event_name":"Golden Shrine","player_choice":"Pray","floor":4,"damage_taken":0},{"event_name":"Golden Idol","player_choice":"Take Damage","floor":10,"damage_taken":0},{"event_name":"Masked Bandits","player_choice":"Fought Bandits","floor":21,"damage_taken":0}],"is_beta":false,"boss_relics":[{"not_picked":["Runic Cube","Philosopher\u0027s Stone"],"picked":"Empty Cage"}],"items_purged_floors":[13],"is_endless":false,"potions_floor_spawned":[5,7,11,14,16],"ascension_level":5}