{"gold_per_floor":[119,139,139,158,158,158,189,114,161,173,173,173,206,219,219,308,308,327,277,300,14,38,77,77,92,92,135,160,194,194,215,215,313,376,389,412,432,445,112,112,127,87,87,11,11,11,31,66,66,66],"floor_reached":50,"playtime":2326,"items_purged":["Strike_G","Strike_G"],"score":977,"play_id":"8e50ad8f-e768-4c53-9e95-ebef36f2b517","local_time":"20190503191115","is_ascension_mode":true,"campfire_choices":[{"data":"Bouncing Flask","floor":6,"key":"SMITH"},{"floor":12,"key":"REST"},{"floor":15,"key":"REST"},{"data":"Noxious Fumes","floor":24,"key":"SMITH"},{"floor":30,"key":"REST"},{"floor":32,"key":"REST"},{"data":"Wraith Form v2","floor":40,"key":"SMITH"},{"floor":46,"key":"REST"},{"floor":49,"key":"RECALL"}],"neow_cost":"NONE","seed_source_timestamp":1754793297411438,"circlet_count":0,"master_deck":["AscendersBane","Defend_G","Defend_G","Defend_G","Defend_G","Defend_G","Strike_G+1","Strike_G","Strike_G","Survivor","Neutralize+1","Quick Slash","Bouncing Flask+1","Dagger Throw","Noxious Fumes+1","Crippling Poison+1","Poisoned Stab","Adrenaline","Dagger Spray+1","Bouncing Flask","Glass Knife","Backflip","Dagger Spray+1","PiercingWail","PiercingWail","Venomology","Malaise","Poisoned Stab+1","Dodge and Roll+1","Tools of the Trade","Panacea","Wraith Form v2+1","Leg Sweep","Caltrops","Footwork","Blur+1","PiercingWail"],"relics":["Ring of the Snake","Bronze Scales","Strawberry","Art of War","Golden Idol","Bag of Preparation","Velvet Choker","Meat on the Bone","Dream Catcher","Dodecahedron","Ninja Scroll","Tiny House","FossilizedHelix","Darkstone Periapt"],"potions_floor_usage":[7,13,16,27,29,33,33,33,38,41,47,48,50,50,50],"damage_taken":[{"damage":0,"enemies":"2 Louse","floor":1,"turns":3},{"damage":0,"enemies":"Cultist","floor":2,"turns":4},{"damage":1,"enemies":"Jaw Worm","floor":4,"turns":5},{"damage":28,"enemies":"3 Sentries","floor":7,"turns":11},{"damage":5,"enemies":"Red Slaver","floor":10,"turns":2},{"damage":2,"enemies":"Lagavulin","floor":13,"turns":5},{"damage":18,"enemies":"Lots of Slimes","floor":14,"turns":3},{"damage":22,"enemies":"The Guardian","floor":16,"turns":9},{"damage":1,"enemies":"3 Byrds","floor":18,"turns":3},{"damage":10,"enemies":"Shell Parasite","floor":20,"turns":3},{"damage":8,"enemies":"Snake Plant","floor":22,"turns":3},{"damage":15,"enemies":"Book of Stabbing","floor":23,"turns":4},{"damage":1,"enemies":"Snecko","floor":25,"turns":5},{"damage":39,"enemies":"Gremlin Leader","floor":27,"turns":6},{"damage":14,"enemies":"Shelled Parasite and Fungi","floor":28,"turns":3},{"damage":18,"enemies":"Slavers","floor":29,"turns":4},{"damage":14,"enemies":"Snake Plant","floor":31,"turns":3},{"damage":49,"enemies":"Champ","floor":33,"turns":11},{"damage":9,"enemies":"Orb Walker","floor":35,"turns":4},{"damage":6,"enemies":"3 Shapes","floor":36,"turns":2},{"damage":25,"enemies":"Spire Growth","floor":37,"turns":5},{"damage":15,"enemies":"Sphere and 2 Shapes","floor":38,"turns":7},{"damage":17,"enemies":"Transient","floor":41,"turns":5},{"damage":32,"enemies":"Spire Growth","floor":47,"turns":6},{"damage":34,"enemies":"Reptomancer","floor":48,"turns":8},{"damage":21,"enemies":"Time Eater","floor":50,"turns":15}],"seed_played":"4079920828793061652","potions_obtained":[{"floor":4,"key":"Weak Potion"},{"floor":7,"key":"Block Potion"},{"floor":13,"key":"SteroidPotion"},{"floor":20,"key":"GhostInAJar"},{"floor":25,"key":"Regen Potion"},{"floor":28,"key":"FearPotion"},{"floor":29,"key":"SteroidPotion"},{"floor":33,"key":"Strength Potion"},{"floor":34,"key":"FearPotion"},{"floor":41,"key":"Dexterity Potion"},{"floor":47,"key":"Fire Potion"},{"floor":48,"key":"Block Potion"}],"is_trial":false,"path_per_floor":["M","M","?","M","?","R","E","$","T","M","?","R","E","M","R","B",null,"M","?","M","$","M","E","R","M","T","E","M","E","R","M","R","B",null,"M","M","M","M","$","R","M","$","T","$","?","R","M","E","R","B"],"character_chosen":"THE_SILENT","items_purchased":["Meat on the Bone","Bouncing Flask","Panacea","Wraith Form v2","Caltrops","Footwork"],"campfire_rested":5,"item_purchase_floors":[21,21,39,39,42,44],"current_hp_per_floor":[59,59,59,58,66,66,45,45,45,40,15,36,34,16,37,15,59,58,58,48,48,40,37,37,48,48,36,34,28,49,47,68,31,68,59,53,40,37,37,37,32,32,32,32,32,55,35,13,13,0],"gold":66,"neow_bonus":"RANDOM_COMMON_RELIC","is_prod":false,"is_daily":false,"chose_seed":false,"campfire_upgraded":3,"win_rate":0,"timestamp":1556935875,"path_taken":["M","M","?","M","?","R","E","$","T","?","?","R","E","M","R","BOSS","M","?","?","?","M","E","R","M","T","E","M","E","R","M","R","BOSS","M","M","?","M","$","R","?","$","T","?","?","R","M","E","R","BOSS"],"build_version":"2019-01-23","purchased_purges":2,"victory":false,"max_hp_per_floor":[66,66,66,66,66,66,73,73,73,73,73,73,73,73,73,73,73,73,73,73,73,73,73,73,73,73,73,73,73,73,73,73,73,78,78,78,78,78,78,78,78,78,78,78,78,78,78,78,78,78],"card_choices":[{"not_picked":["Backflip","Prepared"],"picked":"Quick Slash","floor":1},{"not_picked":["Bane","Outmaneuver","Backflip"],"picked":"SKIP","floor":2},{"not_picked":["Dodge and Roll","Outmaneuver"],"picked":"Bouncing Flask","floor":4},{"not_picked":["Outmaneuver","Heel Hook"],"picked":"Dagger Throw","floor":7},{"not_picked":["Flying Knee","Deflect"],"picked":"Noxious Fumes","floor":10},{"not_picked":["Venomology","Eviscerate"],"picked":"Crippling Poison","floor":13},{"not_picked":["PiercingWail","Underhanded Strike"],"picked":"Poisoned Stab","floor":14},{"not_picked":["Glass Knife","Storm of Steel"],"picked":"Adrenaline","floor":16},{"not_picked":["Prepared","Bane"],"picked":"Dagger Spray+1","floor":18},{"not_picked":["Infinite Blades+1","Outmaneuver","Bane+1"],"picked":"SKIP","floor":20},{"not_picked":["Endless Agony","Outmaneuver"],"picked":"Glass Knife","floor":22},{"not_picked":["Cloak And Dagger","Bane"],"picked":"Backflip","floor":23},{"not_picked":["Dodge and Roll","Backstab","Deflect"],"picked":"SKIP","floor":25},{"not_picked":["Backstab","Sucker Punch","Accuracy"],"picked":"SKIP","floor":27},{"not_picked":["Escape Plan","Bane+1"],"picked":"Dagger Spray+1","floor":28},{"not_picked":["Flechettes","Accuracy"],"picked":"PiercingWail","floor":29},{"not_picked":["Prepared","Bouncing Flask"],"picked":"PiercingWail","floor":31},{"not_picked":["Backflip","Calculated Gamble"],"picked":"Venomology","floor":32},{"not_picked":["Night Terror","Unload"],"picked":"Malaise","floor":33},{"not_picked":["Sucker Punch","Dodge and Roll"],"picked":"Poisoned Stab+1","floor":35},{"not_picked":["Choke","Accuracy"],"picked":"Dodge and Roll+1","floor":36},{"not_picked":["Dagger Throw","Underhanded Strike"],"picked":"Tools of the Trade","floor":37},{"not_picked":["Infinite Blades","Outmaneuver","Prepared"],"picked":"SKIP","floor":38},{"not_picked":["Finisher","Dagger Throw"],"picked":"Leg Sweep","floor":41},{"not_picked":["Crippling Poison","Dodge and Roll+1"],"picked":"Blur+1","floor":46},{"not_picked":["Deadly Poison","Accuracy"],"picked":"PiercingWail","floor":47},{"not_picked":["Deflect","Acrobatics","Blade Dance"],"picked":"SKIP","floor":48}],"player_experience":393603,"relics_obtained":[{"floor":7,"key":"Strawberry"},{"floor":9,"key":"Art of War"},{"floor":13,"key":"Bag of Preparation"},{"floor":23,"key":"Dream Catcher"},{"floor":27,"key":"Dodecahedron"},{"floor":29,"key":"Ninja Scroll"},{"floor":43,"key":"FossilizedHelix"},{"floor":48,"key":"Darkstone Periapt"}],"event_choices":[{"damage_healed":0,"gold_gain":0,"player_choice":"Grow","damage_taken":0,"max_hp_gain":0,"max_hp_loss":0,"event_name":"Living Wall","floor":3,"gold_loss":0,"cards_upgraded":["Neutralize"]},{"damage_healed":8,"gold_gain":0,"player_choice":"Full Heal","damage_taken":0,"max_hp_gain":0,"max_hp_loss":0,"event_name":"Wheel of Change","floor":5,"gold_loss":0},{"damage_healed":0,"gold_gain":0,"player_choice":"Take Damage","damage_taken":25,"relics_obtained":["Golden Idol"],"max_hp_gain":0,"max_hp_loss":0,"event_name":"Golden Idol","floor":11,"gold_loss":0},{"damage_healed":0,"gold_gain":0,"player_choice":"Upgrade","damage_taken":0,"max_hp_gain":0,"max_hp_loss":0,"event_name":"Designer","floor":19,"gold_loss":50,"cards_upgraded":["Crippling Poison"]},{"damage_healed":0,"gold_gain":0,"player_choice":"Ignored","damage_taken":0,"max_hp_gain":0,"max_hp_loss":0,"event_name":"Mysterious Sphere","floor":45,"gold_loss":0}],"is_beta":false,"boss_relics":[{"not_picked":["Cursed Key","Calling Bell"],"picked":"Velvet Choker"},{"not_picked":["Lizard Tail","HoveringKite"],"picked":"Tiny House"}],"items_purged_floors":[8,39],"is_endless":false,"potions_floor_spawned":[4,7,13,20,25,28,29,33,35,41,47,48],"killed_by":"Time Eater","ascension_level":15}