{"gold_per_floor":[115,115,115,131,146,146,179,179,179,191,191,252,427,444,444,540,540,560,560,560,572,572],"floor_reached":22,"playtime":682,"items_purged":[],"score":316,"play_id":"afd75f73-0800-4da4-93e4-7b56d0be01da","local_time":"20190404183424","is_ascension_mode":true,"campfire_choices":[{"data":"Fiend Fire","floor":6,"key":"SMITH"},{"floor":8,"key":"REST"},{"floor":11,"key":"REST"},{"floor":15,"key":"REST"}],"neow_cost":"NONE","seed_source_timestamp":108538649221640,"circlet_count":0,"master_deck":["AscendersBane","Defend_R","Defend_R","Defend_R","Defend_R","Bash","Rampage","Fiend Fire+1","Spot Weakness","Wild Strike","Sword Boomerang+1","Spot Weakness","True Grit","Doubt","Heavy Blade+1","Barricade","Body Slam+1","Bite+1","Bite+1","Bite+1","Bite+1","Bite+1","Burning Pact+1"],"relics":["Burning Blood","Molten Egg 2","Blue Candle","Tiny Chest","Fusion Hammer","Mummified Hand"],"potions_floor_usage":[7,7,12,16],"damage_taken":[{"damage":18,"enemies":"Small Slimes","floor":1,"turns":4},{"damage":11,"enemies":"2 Louse","floor":4,"turns":3},{"damage":12,"enemies":"Jaw Worm","floor":5,"turns":2},{"damage":40,"enemies":"Lagavulin","floor":7,"turns":5},{"damage":37,"enemies":"Gremlin Gang","floor":10,"turns":4},{"damage":28,"enemies":"Gremlin Nob","floor":12,"turns":4},{"damage":10,"enemies":"Large Slime","floor":14,"turns":5},{"damage":43,"enemies":"Hexaghost","floor":16,"turns":9},{"damage":13,"enemies":"Chosen","floor":18,"turns":4},{"damage":49,"enemies":"3 Byrds","floor":21,"turns":7},{"damage":47,"enemies":"Shelled Parasite and Fungi","floor":22,"turns":3}],"seed_played":"6756664122515737438","potions_obtained":[{"floor":1,"key":"AttackPotion"},{"floor":5,"key":"BloodPotion"},{"floor":10,"key":"SpeedPotion"},{"floor":12,"key":"Dexterity Potion"}],"is_trial":false,"path_per_floor":["M","?","?","M","M","R","E","R","T","M","R","E","?","M","R","B",null,"M","?","T","M","M"],"character_chosen":"IRONCLAD","items_purchased":[],"campfire_rested":3,"item_purchase_floors":[],"current_hp_per_floor":[68,61,61,56,50,50,24,50,50,19,45,23,23,19,45,8,68,61,61,61,42,0],"gold":572,"neow_bonus":"TEN_PERCENT_HP_BONUS","is_prod":false,"is_daily":false,"chose_seed":false,"campfire_upgraded":1,"win_rate":0,"timestamp":1554428064,"path_taken":["M","?","?","M","M","R","E","R","T","M","R","E","?","M","R","BOSS","M","?","?","M","M"],"build_version":"2019-01-23","purchased_purges":0,"victory":false,"max_hp_per_floor":[88,88,88,88,88,88,88,88,88,88,88,88,88,88,88,88,88,88,61,61,61,61],"card_choices":[{"not_picked":["Warcry","Havoc"],"picked":"Rampage","floor":1},{"not_picked":["Shockwave","Anger"],"picked":"Spot Weakness","floor":4},{"not_picked":["Fire Breathing","Perfected Strike"],"picked":"Wild Strike","floor":5},{"not_picked":["Rampage","Perfected Strike"],"picked":"Sword Boomerang","floor":7},{"not_picked":["Rampage+1","Reckless Charge+1"],"picked":"Spot Weakness","floor":10},{"not_picked":["Bloodletting","Clash+1"],"picked":"True Grit","floor":12},{"not_picked":["Brutality","Pummel+1"],"picked":"Heavy Blade+1","floor":14},{"not_picked":["Berserk","Juggernaut"],"picked":"Barricade","floor":16},{"not_picked":["Thunderclap+1","Perfected Strike+1"],"picked":"Body Slam+1","floor":18},{"not_picked":["Cleave+1","Double Tap"],"picked":"Burning Pact+1","floor":21}],"player_experience":374893,"relics_obtained":[{"floor":7,"key":"Molten Egg 2"},{"floor":9,"key":"Blue Candle"},{"floor":12,"key":"Tiny Chest"},{"floor":20,"key":"Mummified Hand"}],"event_choices":[{"damage_healed":0,"gold_gain":0,"player_choice":"Fled","damage_taken":7,"max_hp_gain":0,"max_hp_loss":0,"event_name":"Scrap Ooze","floor":2,"gold_loss":0},{"damage_healed":0,"gold_gain":0,"cards_transformed":["Strike_R"],"player_choice":"Change","damage_taken":0,"max_hp_gain":0,"max_hp_loss":0,"event_name":"Living Wall","floor":3,"gold_loss":0,"cards_obtained":["Fiend Fire"]},{"damage_healed":0,"gold_gain":175,"player_choice":"AGREE","damage_taken":0,"max_hp_gain":0,"max_hp_loss":0,"event_name":"Liars Game","floor":13,"gold_loss":0,"cards_obtained":["Doubt"]},{"damage_healed":0,"gold_gain":0,"player_choice":"Became a vampire","damage_taken":0,"max_hp_gain":0,"max_hp_loss":27,"event_name":"Vampires","floor":19,"gold_loss":0,"cards_obtained":["Bite","Bite","Bite","Bite","Bite"]}],"is_beta":false,"boss_relics":[{"not_picked":["White Beast Statue","Coffee Dripper"],"picked":"Fusion Hammer"}],"items_purged_floors":[],"is_endless":false,"potions_floor_spawned":[1,5,10,12],"killed_by":"Shelled Parasite and Fungi","ascension_level":10}