{"gold_per_floor":[114,114,129,129,129,163,183,224,224,260,94,94,117,132,132,226,226,240,240,256,256,13,47,70,111,135,170,205,232,287,299,311,419,431,458,1469,774,774,795,831,846,373,373,396,416,416,455,479,479,479,479,479,44,77,77],"floor_reached":55,"playtime":4049,"items_purged":["Strike_B","Normality","Normality","Pain"],"score":1610,"play_id":"772fd29e-218b-4363-b9b5-ef2a4d5be2a6","local_time":"20190429192434","is_ascension_mode":true,"campfire_choices":[{"floor":12,"key":"REST"},{"floor":15,"key":"REST"},{"data":"Go for the Eyes","floor":32,"key":"SMITH"},{"data":"Chill","floor":46,"key":"SMITH"},{"floor":49,"key":"RECALL"},{"data":"Chill","floor":52,"key":"SMITH"}],"neow_cost":"NONE","seed_source_timestamp":1408267977758428,"circlet_count":0,"master_deck":["AscendersBane","Defend_B","Defend_B+1","Zap+1","Dualcast+1","Cold Snap","Rebound","Undo","Hologram","Leap","Go for the Eyes+1","Glacier","Defragment+1","Gash","Gash+1","FTL+1","All For One","Conserve Battery","Buffer+1","Conserve Battery+1","Core Surge","Defragment+1","Chill+1","Gash+1","Electrodynamics+1","FTL+1","Undo","Chill+1","Redo+1","Self Repair+1","Hologram","Leap+1","Gash","Necronomicurse","Buffer+1","BootSequence+1","Ball Lightning+1","Creative AI+1","Leap+1","Glacier+1","Hologram+1","Seek+1","Go for the Eyes+1","Glacier+1","Loop+1","Coolheaded+1","Hologram+1","Coolheaded+1","All For One","Beam Cell+1","Heatsinks+1","Panacea+1","All For One","Stack+1"],"relics":["FrozenCore","Prayer Wheel","Golden Idol","Bottled Flame","Shuriken","Frozen Egg 2","Gremlin Horn","Meat on the Bone","War Paint","Whetstone","MawBank","Incense Burner","Necronomicon","Astrolabe","PreservedInsect","Toxic Egg 2","ClockworkSouvenir","WarpedTongs","Mercury Hourglass","Medical Kit","Oddly Smooth Stone","DollysMirror","Bottled Lightning"],"potions_floor_usage":[10,23,30,30,55,55],"damage_taken":[{"damage":7,"enemies":"Jaw Worm","floor":1,"turns":3},{"damage":0,"enemies":"Small Slimes","floor":3,"turns":2},{"damage":19,"enemies":"Gremlin Nob","floor":6,"turns":4},{"damage":0,"enemies":"2 Louse","floor":7,"turns":3},{"damage":8,"enemies":"Lagavulin","floor":8,"turns":8},{"damage":7,"enemies":"Gremlin Nob","floor":10,"turns":4},{"damage":4,"enemies":"Blue Slaver","floor":13,"turns":4},{"damage":0,"enemies":"3 Louse","floor":14,"turns":4},{"damage":6,"enemies":"The Guardian","floor":16,"turns":12},{"damage":11,"enemies":"Shell Parasite","floor":18,"turns":4},{"damage":0,"enemies":"Spheric Guardian","floor":20,"turns":7},{"damage":0,"enemies":"Gremlin Leader","floor":23,"turns":6},{"damage":0,"enemies":"Centurion and Healer","floor":24,"turns":5},{"damage":2,"enemies":"Book of Stabbing","floor":25,"turns":5},{"damage":6,"enemies":"Snecko","floor":27,"turns":5},{"damage":0,"enemies":"Sentry and Sphere","floor":28,"turns":4},{"damage":9,"enemies":"Cultist and Chosen","floor":29,"turns":5},{"damage":11,"enemies":"Slavers","floor":30,"turns":6},{"damage":0,"enemies":"Automaton","floor":33,"turns":10},{"damage":1,"enemies":"Orb Walker","floor":35,"turns":3},{"damage":24,"enemies":"3 Darklings","floor":39,"turns":7},{"damage":38,"enemies":"Giant Head","floor":40,"turns":14},{"damage":1,"enemies":"Spire Growth","floor":41,"turns":8},{"damage":4,"enemies":"4 Shapes","floor":44,"turns":10},{"damage":0,"enemies":"Writhing Mass","floor":45,"turns":11},{"damage":0,"enemies":"Nemesis","floor":47,"turns":7},{"damage":0,"enemies":"Sphere and 2 Shapes","floor":48,"turns":4},{"damage":29,"enemies":"Awakened One","floor":50,"turns":15},{"damage":8,"enemies":"Shield and Spear","floor":54,"turns":8},{"damage":68,"enemies":"The Heart","floor":55,"turns":8}],"seed_played":"-7801714068014515583","potions_obtained":[{"floor":6,"key":"Fire Potion"},{"floor":10,"key":"AttackPotion"},{"floor":13,"key":"SkillPotion"},{"floor":18,"key":"FocusPotion"},{"floor":28,"key":"Regen Potion"},{"floor":30,"key":"Ancient Potion"},{"floor":33,"key":"Fire Potion"},{"floor":35,"key":"Dexterity Potion"}],"is_trial":false,"path_per_floor":["M","?","M","?","?","E","M","E","T","E","$","R","M","M","R","B",null,"M","?","M","?","$","E","M","E","T","M","M","M","E","?","R","B",null,"M","?","$","?","M","E","M","$","T","M","M","R","E","M","R","B",null,"R","$","E","B"],"character_chosen":"DEFECT","items_purchased":["Defragment+1","Gash","Meat on the Bone","PreservedInsect","Toxic Egg 2","ClockworkSouvenir","Medical Kit","Glacier+1","Loop+1","Panacea+1","DollysMirror"],"campfire_rested":2,"item_purchase_floors":[11,11,22,37,37,37,42,42,42,53,53],"current_hp_per_floor":[57,54,54,59,40,21,21,13,13,6,6,28,24,24,46,40,67,56,56,56,76,76,76,76,74,74,68,68,69,76,60,60,70,75,74,74,74,74,60,44,53,53,53,69,69,69,76,76,76,67,74,74,74,66,0],"gold":77,"neow_bonus":"UPGRADE_CARD","is_prod":false,"is_daily":false,"chose_seed":false,"campfire_upgraded":3,"win_rate":0,"timestamp":1556591074,"path_taken":["M","?","M","?","?","E","M","E","T","E","$","R","M","M","R","BOSS","M","?","M","?","$","E","M","E","T","M","M","M","E","?","R","BOSS","M","?","$","?","M","E","M","$","T","M","M","R","E","?","R","BOSS","R","$","E","BOSS"],"build_version":"2019-01-23","purchased_purges":4,"victory":false,"max_hp_per_floor":[71,71,71,76,76,76,76,76,76,76,76,76,76,76,76,76,76,76,76,76,76,76,76,76,76,76,76,76,76,76,76,76,76,76,76,76,76,76,76,76,76,76,76,76,76,76,76,76,76,76,76,76,76,76,76],"card_choices":[{"not_picked":["Barrage","Sweeping Beam"],"picked":"Cold Snap","floor":1},{"not_picked":["Recycle","Hello World"],"picked":"Rebound","floor":3},{"not_picked":["Scrape","Redo"],"picked":"Undo","floor":3},{"not_picked":["Redo","Turbo"],"picked":"Hologram","floor":6},{"not_picked":["Barrage","Doom and Gloom"],"picked":"Leap","floor":7},{"not_picked":["Barrage","Skim"],"picked":"Go for the Eyes","floor":7},{"not_picked":["Skim","Auto Shields","Leap"],"picked":"SKIP","floor":8},{"not_picked":["Electrodynamics+1","Gash"],"picked":"Glacier","floor":10},{"not_picked":["Hologram","Beam Cell"],"picked":"Gash","floor":13},{"not_picked":["Redo","Sweeping Beam"],"picked":"FTL","floor":13},{"not_picked":["Rebound","Steam"],"picked":"All For One","floor":14},{"not_picked":["Scrape","Streamline"],"picked":"Conserve Battery","floor":14},{"not_picked":["Thunder Strike","Multi-Cast"],"picked":"Buffer+1","floor":16},{"not_picked":["Fusion","Scrape"],"picked":"Conserve Battery+1","floor":18},{"not_picked":["Rebound","Force Field","Reprogram"],"picked":"SKIP","floor":18},{"not_picked":["Auto Shields","Beam Cell"],"picked":"Chill","floor":20},{"not_picked":["Blizzard","Force Field"],"picked":"Gash+1","floor":20},{"not_picked":["Doom and Gloom","Ball Lightning"],"picked":"Electrodynamics+1","floor":23},{"not_picked":["Rip and Tear+1","Cold Snap"],"picked":"FTL+1","floor":24},{"not_picked":["Rip and Tear","Darkness","Coolheaded"],"picked":"SKIP","floor":24},{"not_picked":["Redo","Rebound"],"picked":"Undo","floor":25},{"not_picked":["Compile Driver","Darkness"],"picked":"Chill","floor":27},{"not_picked":["Redo","Scrape","White Noise"],"picked":"SKIP","floor":27},{"not_picked":["Barrage","Go for the Eyes"],"picked":"Redo+1","floor":28},{"not_picked":["Leap","Conserve Battery"],"picked":"Self Repair+1","floor":28},{"not_picked":["Conserve Battery","Reprogram"],"picked":"Hologram","floor":29},{"not_picked":["Fusion","Cold Snap"],"picked":"Leap+1","floor":29},{"not_picked":["Turbo","Hyperbeam"],"picked":"Gash","floor":30},{"not_picked":["Seek","Reboot"],"picked":"Buffer+1","floor":33},{"not_picked":["Melter","Rebound"],"picked":"Leap+1","floor":35},{"not_picked":["Streamline","Rip and Tear","Cold Snap"],"picked":"SKIP","floor":35},{"not_picked":["Hologram+1","Ball Lightning+1"],"picked":"Glacier+1","floor":39},{"not_picked":["Darkness+1","Rebound","Skim+1"],"picked":"SKIP","floor":39},{"not_picked":["Auto Shields+1","Gash"],"picked":"Hologram+1","floor":40},{"not_picked":["Aggregate+1","Barrage"],"picked":"Seek+1","floor":41},{"not_picked":["Steam Power+1","Streamline"],"picked":"Go for the Eyes+1","floor":41},{"not_picked":["Reprogram+1","Steam+1"],"picked":"Coolheaded+1","floor":44},{"not_picked":["Blizzard","Scrape"],"picked":"Hologram+1","floor":44},{"not_picked":["Fusion+1","Stack+1"],"picked":"Coolheaded+1","floor":45},{"not_picked":["Sweeping Beam","Cold Snap"],"picked":"All For One","floor":45},{"not_picked":["Steam+1","Turbo+1"],"picked":"Beam Cell+1","floor":47},{"not_picked":["Hello World+1","Chaos+1"],"picked":"Heatsinks+1","floor":48},{"not_picked":["Beam Cell","Go for the Eyes","Steam+1"],"picked":"SKIP","floor":48},{"not_picked":["Cold Snap","Amplify+1"],"picked":"Stack+1","floor":54}],"player_experience":358094,"relics_obtained":[{"floor":6,"key":"Bottled Flame"},{"floor":8,"key":"Shuriken"},{"floor":9,"key":"Frozen Egg 2"},{"floor":10,"key":"Gremlin Horn"},{"floor":23,"key":"War Paint"},{"floor":25,"key":"Whetstone"},{"floor":26,"key":"MawBank"},{"floor":30,"key":"Incense Burner"},{"floor":31,"key":"Necronomicon"},{"floor":40,"key":"Mercury Hourglass"},{"floor":47,"key":"Oddly Smooth Stone"},{"floor":54,"key":"Bottled Lightning"}],"event_choices":[{"damage_healed":0,"gold_gain":0,"player_choice":"Success","damage_taken":3,"relics_obtained":["Prayer Wheel"],"max_hp_gain":0,"max_hp_loss":0,"event_name":"Scrap Ooze","floor":2,"gold_loss":0},{"damage_healed":0,"gold_gain":0,"player_choice":"Donut","damage_taken":0,"max_hp_gain":5,"max_hp_loss":0,"event_name":"Big Fish","floor":4,"gold_loss":0},{"damage_healed":0,"gold_gain":0,"player_choice":"Take Damage","damage_taken":19,"relics_obtained":["Golden Idol"],"max_hp_gain":0,"max_hp_loss":0,"event_name":"Golden Idol","floor":5,"gold_loss":0},{"damage_healed":0,"gold_gain":0,"cards_transformed":["Strike_B","Strike_B"],"player_choice":"Became Test Subject","damage_taken":0,"max_hp_gain":0,"max_hp_loss":0,"event_name":"Drug Dealer","floor":19,"gold_loss":0,"cards_obtained":["Core Surge","Defragment"]},{"damage_healed":25,"gold_gain":0,"player_choice":"Heal","damage_taken":0,"max_hp_gain":0,"max_hp_loss":0,"event_name":"The Library","floor":21,"gold_loss":0},{"damage_healed":0,"gold_gain":0,"player_choice":"Obtained Book","damage_taken":16,"max_hp_gain":0,"max_hp_loss":0,"event_name":"Cursed Tome","floor":31,"gold_loss":0},{"damage_healed":0,"gold_gain":999,"player_choice":"Gold","damage_taken":0,"max_hp_gain":0,"max_hp_loss":0,"event_name":"MindBloom","floor":36,"gold_loss":0,"cards_obtained":["Normality","Normality"]},{"damage_healed":0,"gold_gain":0,"player_choice":"Rummage","damage_taken":0,"relics_obtained":["WarpedTongs"],"max_hp_gain":0,"max_hp_loss":0,"event_name":"Accursed Blacksmith","floor":38,"gold_loss":0,"cards_obtained":["Pain"]}],"is_beta":false,"boss_relics":[{"not_picked":["White Beast Statue","Ectoplasm"],"picked":"FrozenCore"},{"not_picked":["Snecko Eye","Tiny House"],"picked":"Astrolabe"}],"items_purged_floors":[11,37,42,53],"is_endless":false,"potions_floor_spawned":[6,10,13,16,18,24,28,30,33,35,40,41,44,48],"killed_by":"The Heart","ascension_level":14}