{"gold_per_floor":[119,119,129,304,314,314,346,357,357,357,388,388,402,413,413,509,509,528,453,552,552],"floor_reached":21,"playtime":564,"items_purged":[],"score":208,"play_id":"5523739c-f4c7-4bc8-abbd-15957bed1a87","local_time":"20190329195427","is_ascension_mode":true,"campfire_choices":[{"data":"Self Repair","floor":6,"key":"SMITH"},{"floor":10,"key":"REST"},{"floor":15,"key":"REST"}],"neow_cost":"NONE","seed_source_timestamp":941409424451049,"circlet_count":0,"master_deck":["Strike_B","Strike_B","Strike_B","Defend_B","Defend_B","Defend_B","Zap","Dualcast","Self Repair+1","Melter","Ball Lightning","Static Discharge","Ball Lightning","Streamline","Parasite","Streamline","Loop","Thunder Strike","Steam+1","Defragment+1","Hologram+1"],"relics":["Cracked Core","NeowsBlessing","Gremlin Horn","Question Card","Ornamental Fan","Vajra","Astrolabe"],"potions_floor_usage":[7,14,16],"damage_taken":[{"damage":0,"enemies":"Jaw Worm","floor":1,"turns":1},{"damage":0,"enemies":"2 Louse","floor":3,"turns":1},{"damage":0,"enemies":"Small Slimes","floor":5,"turns":1},{"damage":36,"enemies":"Lagavulin","floor":7,"turns":5},{"damage":11,"enemies":"Blue Slaver","floor":8,"turns":3},{"damage":35,"enemies":"3 Sentries","floor":11,"turns":6},{"damage":9,"enemies":"3 Louse","floor":13,"turns":2},{"damage":27,"enemies":"Gremlin Gang","floor":14,"turns":4},{"damage":38,"enemies":"Hexaghost","floor":16,"turns":8},{"damage":47,"enemies":"2 Thieves","floor":18,"turns":3},{"damage":41,"enemies":"Shell Parasite","floor":21,"turns":4}],"seed_played":"-3571528837319059316","potions_obtained":[{"floor":1,"key":"GamblersBrew"},{"floor":8,"key":"SpeedPotion"},{"floor":14,"key":"SpeedPotion"}],"is_trial":false,"path_per_floor":["M","?","M","?","M","R","E","M","T","R","E","?","M","M","R","B",null,"M","?","?","M"],"character_chosen":"DEFECT","items_purchased":[],"campfire_rested":2,"item_purchase_floors":[],"current_hp_per_floor":[75,72,72,72,75,75,49,48,48,70,45,63,54,37,59,31,75,38,38,38,0],"gold":552,"neow_bonus":"THREE_ENEMY_KILL","is_prod":false,"is_daily":false,"chose_seed":false,"campfire_upgraded":1,"win_rate":0,"timestamp":1553914467,"path_taken":["M","?","M","?","M","R","E","M","T","R","E","?","M","M","R","BOSS","M","?","?","M"],"build_version":"2019-01-23","purchased_purges":0,"victory":false,"max_hp_per_floor":[75,75,75,75,75,75,75,75,75,75,75,75,75,75,75,75,75,75,75,75,75],"card_choices":[{"not_picked":["Heatsinks","FTL"],"picked":"Self Repair","floor":1},{"not_picked":["Hologram","Ball Lightning"],"picked":"Melter","floor":3},{"not_picked":["Chill","Heatsinks"],"picked":"Ball Lightning","floor":5},{"not_picked":["Ball Lightning","Undo"],"picked":"Static Discharge","floor":7},{"not_picked":["Steam Power","Sweeping Beam","Chaos"],"picked":"Ball Lightning","floor":8},{"not_picked":["Steam Power","Hologram","Leap"],"picked":"Streamline","floor":11},{"not_picked":["Force Field","Gash","Stack"],"picked":"Streamline","floor":13},{"not_picked":["BootSequence","Conserve Battery","Go for the Eyes"],"picked":"Loop","floor":14},{"not_picked":["Core Surge","Hyperbeam","All For One"],"picked":"Thunder Strike","floor":16},{"not_picked":["Beam Cell+1","Steam","Sweeping Beam"],"picked":"Hologram+1","floor":18}],"player_experience":381289,"relics_obtained":[{"floor":7,"key":"Question Card"},{"floor":9,"key":"Ornamental Fan"},{"floor":11,"key":"Vajra"}],"event_choices":[{"damage_healed":0,"gold_gain":0,"player_choice":"Success","damage_taken":3,"relics_obtained":["Gremlin Horn"],"max_hp_gain":0,"max_hp_loss":0,"event_name":"Scrap Ooze","floor":2,"gold_loss":0},{"damage_healed":0,"gold_gain":175,"player_choice":"AGREE","damage_taken":0,"max_hp_gain":0,"max_hp_loss":0,"event_name":"Liars Game","floor":4,"gold_loss":0,"cards_obtained":["Doubt"]},{"damage_healed":18,"gold_gain":0,"player_choice":"Healed and dodged fight","damage_taken":0,"max_hp_gain":0,"max_hp_loss":0,"event_name":"Mushrooms","floor":12,"gold_loss":0,"cards_obtained":["Parasite"]},{"cards_removed":["Regret"],"damage_healed":0,"gold_gain":0,"player_choice":"Gave Gold","damage_taken":0,"max_hp_gain":0,"max_hp_loss":0,"event_name":"Beggar","floor":19,"gold_loss":75},{"damage_healed":0,"gold_gain":99,"player_choice":"Stole From Cult","damage_taken":0,"max_hp_gain":0,"max_hp_loss":0,"event_name":"Nest","floor":20,"gold_loss":0}],"is_beta":false,"boss_relics":[{"not_picked":["Fusion Hammer","White Beast Statue"],"picked":"Astrolabe"}],"items_purged_floors":[],"is_endless":false,"potions_floor_spawned":[1,8,14],"killed_by":"Shell Parasite","ascension_level":2}