{"gold_per_floor":[116,116,130,130,147,177,190,218,264,294,294,294,312,312,312,312],"floor_reached":16,"playtime":472,"items_purged":[],"score":216,"play_id":"4703b096-e516-4710-8ac4-b3c323f0e2da","local_time":"20190504224315","is_ascension_mode":true,"campfire_choices":[{"floor":12,"key":"REST"},{"floor":15,"key":"REST"}],"neow_cost":"NONE","seed_source_timestamp":427713802858200,"circlet_count":0,"master_deck":["AscendersBane","Strike_R","Strike_R","Strike_R","Strike_R","Defend_R","Defend_R","Defend_R","Defend_R","Bash","Heavy Blade","Inflame+1","Ghostly Armor","Shrug It Off","Spot Weakness","Offering","Armaments","Sword Boomerang"],"relics":["Burning Blood","NeowsBlessing","Centennial Puzzle","Matryoshka","Oddly Smooth Stone","Boot","Potion Belt","Bag of Marbles","Frozen Egg 2"],"potions_floor_usage":[10,16],"damage_taken":[{"damage":0,"enemies":"Jaw Worm","floor":1,"turns":1},{"damage":0,"enemies":"Cultist","floor":3,"turns":1},{"damage":0,"enemies":"2 Louse","floor":5,"turns":1},{"damage":45,"enemies":"3 Sentries","floor":6,"turns":10},{"damage":3,"enemies":"Blue Slaver","floor":7,"turns":6},{"damage":21,"enemies":"Lagavulin","floor":8,"turns":7},{"damage":23,"enemies":"Gremlin Nob","floor":10,"turns":4},{"damage":19,"enemies":"Lots of Slimes","floor":13,"turns":8},{"damage":38,"enemies":"Hexaghost","floor":16,"turns":9}],"seed_played":"8112668672865872643","potions_obtained":[{"floor":1,"key":"Block Potion"},{"floor":5,"key":"Swift Potion"},{"floor":10,"key":"SmokeBomb"}],"is_trial":false,"path_per_floor":["M","?","M","?","M","E","M","E","T","E","?","R","M","T","R","B"],"character_chosen":"IRONCLAD","items_purchased":[],"campfire_rested":2,"item_purchase_floors":[],"current_hp_per_floor":[74,70,75,75,75,36,39,24,24,7,7,29,16,16,38,0],"gold":312,"neow_bonus":"THREE_ENEMY_KILL","is_prod":false,"is_daily":false,"chose_seed":false,"campfire_upgraded":0,"win_rate":0,"timestamp":1557002595,"path_taken":["M","?","?","?","M","E","M","E","T","E","?","R","?","?","R","BOSS"],"build_version":"2019-01-23","purchased_purges":0,"victory":false,"max_hp_per_floor":[75,75,75,75,75,75,75,75,75,75,75,75,75,75,75,75],"card_choices":[{"not_picked":["Clash","Combust"],"picked":"Heavy Blade","floor":1},{"not_picked":["Flex","Shockwave"],"picked":"Inflame","floor":3},{"not_picked":["Anger","True Grit"],"picked":"Ghostly Armor","floor":5},{"not_picked":["Sentinel","Clothesline"],"picked":"Shrug It Off","floor":6},{"not_picked":["Inflame","Evolve"],"picked":"Spot Weakness","floor":7},{"not_picked":["Wild Strike","Reckless Charge"],"picked":"Offering","floor":8},{"not_picked":["Carnage","Sever Soul"],"picked":"Armaments","floor":10},{"not_picked":["Perfected Strike","Havoc"],"picked":"Sword Boomerang","floor":13}],"player_experience":1093159,"relics_obtained":[{"floor":6,"key":"Centennial Puzzle"},{"floor":8,"key":"Matryoshka"},{"floor":9,"key":"Oddly Smooth Stone"},{"floor":9,"key":"Boot"},{"floor":10,"key":"Potion Belt"},{"floor":14,"key":"Bag of Marbles"},{"floor":14,"key":"Frozen Egg 2"}],"event_choices":[{"damage_healed":0,"gold_gain":0,"player_choice":"Bought 0 Potions","damage_taken":0,"max_hp_gain":0,"max_hp_loss":0,"event_name":"The Woman in Blue","floor":2,"gold_loss":0},{"damage_healed":0,"gold_gain":0,"player_choice":"Grow","damage_taken":0,"max_hp_gain":0,"max_hp_loss":0,"event_name":"Living Wall","floor":4,"gold_loss":0,"cards_upgraded":["Inflame"]},{"cards_removed":["Strike_R"],"damage_healed":0,"gold_gain":0,"player_choice":"Purged","damage_taken":0,"max_hp_gain":0,"max_hp_loss":0,"event_name":"Purifier","floor":11,"gold_loss":0}],"is_beta":false,"boss_relics":[],"items_purged_floors":[],"is_endless":false,"potions_floor_spawned":[1,5,6,10],"killed_by":"Hexaghost","ascension_level":16}