{"path_per_floor":["M","M","?","M","$","R","M","M","T","M","E","M","M","M","R","B"],"character_chosen":"IRONCLAD","items_purchased":["Cleave","Feed"],"gold_per_floor":[118,129,129,146,29,29,44,63,63,73,103,73,86,99,99,203],"floor_reached":17,"campfire_rested":1,"playtime":2681,"current_hp_per_floor":[80,75,75,69,69,80,83,83,97,100,64,74,87,85,85,42],"items_purged":[],"gold":203,"play_id":"2945f4fc-557e-4ad1-b2c8-878ae243bb73","is_prod":false,"is_daily":false,"is_ascension_mode":false,"campfire_upgraded":0,"path_taken":["M","M","?","M","$","R","?","M","T","M","E","M","M","M","R","BOSS"],"build_version":"2018-01-25-PROD3","purchased_purges":0,"victory":false,"master_deck":["Strike_R","Strike_R","Strike_R","Strike_R","Strike_R","Defend_R","Defend_R","Defend_R","Defend_R","Bash","Fire Breathing","Iron Wave","Inflame","Bandage Up","Clothesline","Cleave","Feed","Armaments","Flame Barrier","Rage","Body Slam","Clothesline","Combust","Rampage","Reaper"],"max_hp_per_floor":[80,80,80,80,80,80,83,83,97,100,103,103,107,107,107,107],"relics":["Burning Blood","Mango","Peace Pipe"],"card_choices":[{"not_picked":["True Grit","Dropkick"],"picked":"Fire Breathing"},{"not_picked":["Sword Boomerang","Seeing Red"],"picked":"Iron Wave"},{"not_picked":["Feel No Pain","Seeing Red"],"picked":"Clothesline"},{"not_picked":["Warcry","Bloodletting"],"picked":"Armaments"},{"not_picked":["Reckless Charge","Fire Breathing"],"picked":"Flame Barrier"},{"not_picked":["Flame Barrier","Reckless Charge"],"picked":"Rage"},{"not_picked":["Hemokinesis","Corruption"],"picked":"Body Slam"},{"not_picked":["Corruption","Intimidate"],"picked":"Clothesline"},{"not_picked":["Clothesline","Flame Barrier"],"picked":"Combust"},{"not_picked":["Anger","Disarm"],"picked":"Rampage"},{"not_picked":["Double Tap","Dark Embrace"],"picked":"Reaper"}],"player_experience":4106,"potions_floor_usage":[],"damage_taken":[{"damage":5.0,"enemies":"Cultist","floor":1.0,"turns":4.0},{"damage":11.0,"enemies":"Blue Slaver","floor":2.0,"turns":5.0},{"damage":16.0,"enemies":"Jaw Worm","floor":4.0,"turns":4.0},{"damage":0.0,"enemies":"Exordium Wildlife","floor":7.0,"turns":4.0},{"damage":6.0,"enemies":"Exordium Thugs","floor":8.0,"turns":5.0},{"damage":5.0,"enemies":"2 Fungi Beasts","floor":10.0,"turns":4.0},{"damage":49.0,"enemies":"3 Sentries","floor":11.0,"turns":7.0},{"damage":0.0,"enemies":"Looter","floor":12.0,"turns":4.0},{"damage":1.0,"enemies":"Exordium Wildlife","floor":13.0,"turns":5.0},{"damage":12.0,"enemies":"3 Louse","floor":14.0,"turns":4.0},{"damage":53.0,"enemies":"The Guardian","floor":16.0,"turns":13.0}],"event_choices":[{"event_name":"Match and Keep!","player_choice":"3 cards matched","floor":3.0,"damage_taken":0.0},{"event_name":"Match and Keep!","player_choice":"3 cards matched","floor":3.0,"damage_taken":0.0}],"boss_relics":[],"potions_floor_spawned":[4,8,10,11,13,16],"seed_played":"-722316529821450412","ascension_level":0,"is_trial":false}