{"gold_per_floor":[118,118,142,160,178,178,208,208,208,221,234,88,122,136,136,213,213,224,224,224,124,223,223,250,250,303,178,178,213,248,178,178,178],"floor_reached":33,"playtime":1336,"items_purged":["Regret","Shame","Pain"],"score":593,"play_id":"604242db-8612-42fb-ab10-a20b3c15e907","local_time":"20190121144043","is_ascension_mode":true,"campfire_choices":[{"data":"Iron Wave","floor":6,"key":"SMITH"},{"data":"Armaments","floor":8,"key":"SMITH"},{"data":"Shrug It Off","floor":15,"key":"SMITH"},{"data":"Demon Form","floor":23,"key":"SMITH"},{"data":"Ghostly","floor":25,"key":"SMITH"},{"data":"Ghostly","floor":28,"key":"SMITH"},{"floor":32,"key":"REST"}],"neow_cost":"NONE","seed_source_timestamp":1363003630747516,"circlet_count":0,"master_deck":["AscendersBane","Strike_R","Strike_R","Strike_R","Strike_R","Strike_R","Defend_R","Defend_R","Defend_R","Defend_R","Iron Wave+1","Shrug It Off+1","Metallicize","Armaments+1","True Grit","Spot Weakness","Demon Form+1","Sword Boomerang","Ghostly+1","Ghostly+1","Ghostly","Ghostly","Ghostly","Limit Break"],"relics":["Burning Blood","Art of War","Anchor","Bird Faced Urn","Pear","Darkstone Periapt","Cursed Key","Happy Flower","WingedGreaves","Lantern","Smiling Mask","Self Forming Clay"],"potions_floor_usage":[4,24,30,33],"damage_taken":[{"damage":2,"enemies":"2 Louse","floor":1,"turns":4},{"damage":2,"enemies":"Jaw Worm","floor":4,"turns":3},{"damage":3,"enemies":"Small Slimes","floor":5,"turns":4},{"damage":33,"enemies":"3 Sentries","floor":7,"turns":13},{"damage":3,"enemies":"3 Louse","floor":10,"turns":4},{"damage":5,"enemies":"Blue Slaver","floor":11,"turns":6},{"damage":34,"enemies":"Gremlin Nob","floor":13,"turns":5},{"damage":5,"enemies":"Exordium Wildlife","floor":14,"turns":7},{"damage":33,"enemies":"The Guardian","floor":16,"turns":10},{"damage":6,"enemies":"Chosen","floor":18,"turns":5},{"damage":9,"enemies":"Book of Stabbing","floor":24,"turns":6},{"damage":0,"enemies":"Slavers","floor":29,"turns":9},{"damage":24,"enemies":"Gremlin Leader","floor":30,"turns":8},{"damage":56,"enemies":"Automaton","floor":33,"turns":10}],"seed_played":"3771474772638163550","potions_obtained":[{"floor":1,"key":"AttackPotion"},{"floor":4,"key":"Dexterity Potion"},{"floor":10,"key":"Strength Potion"},{"floor":24,"key":"Energy Potion"}],"is_trial":false,"path_per_floor":["M","?","T","M","M","R","E","R","T","M","M","$","E","M","R","B",null,"M","?","?","$","?","R","E","R","T","$","R","E","E","$","R","B"],"character_chosen":"IRONCLAD","items_purchased":["Spot Weakness","Limit Break"],"campfire_rested":1,"item_purchase_floors":[12,31],"current_hp_per_floor":[72,72,72,75,75,75,48,48,58,61,64,64,38,41,41,18,68,72,42,48,48,48,48,47,47,53,53,53,54,38,38,54,0],"gold":178,"neow_bonus":"REMOVE_CARD","is_prod":false,"is_daily":false,"chose_seed":false,"campfire_upgraded":6,"win_rate":0,"timestamp":1548081643,"path_taken":["M","?","?","M","?","R","E","R","T","M","M","$","E","M","R","BOSS","M","?","?","$","?","R","E","R","T","$","R","E","E","?","R","BOSS"],"build_version":"2019-01-17v2","purchased_purges":3,"victory":false,"max_hp_per_floor":[75,75,75,75,75,75,75,75,85,85,85,85,85,85,85,85,85,85,42,48,48,48,48,48,48,54,54,54,54,54,54,54,54],"card_choices":[{"not_picked":["Reckless Charge","Burning Pact"],"picked":"Iron Wave","floor":1},{"not_picked":["Clash","Feel No Pain"],"picked":"Shrug It Off","floor":4},{"not_picked":["Thunderclap","Sever Soul"],"picked":"Metallicize","floor":5},{"not_picked":["Seeing Red","Intimidate"],"picked":"Armaments","floor":7},{"not_picked":["Perfected Strike","Anger"],"picked":"True Grit","floor":10},{"not_picked":["Headbutt","Fiend Fire","Searing Blow"],"picked":"SKIP","floor":11},{"not_picked":["Fiend Fire","Combust"],"picked":"Demon Form","floor":13},{"not_picked":["Anger","Warcry"],"picked":"Sword Boomerang","floor":14},{"not_picked":["Spot Weakness","Clothesline","Infernal Blade"],"picked":"SKIP","floor":18},{"not_picked":["Feel No Pain","Anger","Perfected Strike+1"],"picked":"SKIP","floor":24},{"not_picked":["Flex","Carnage","Headbutt"],"picked":"SKIP","floor":29},{"not_picked":["Seeing Red","Cleave","Clothesline+1"],"picked":"SKIP","floor":30}],"player_experience":159419,"relics_obtained":[{"floor":3,"key":"Anchor"},{"floor":7,"key":"Bird Faced Urn"},{"floor":9,"key":"Pear"},{"floor":13,"key":"Darkstone Periapt"},{"floor":24,"key":"WingedGreaves"},{"floor":26,"key":"Lantern"},{"floor":29,"key":"Smiling Mask"},{"floor":30,"key":"Self Forming Clay"}],"event_choices":[{"damage_healed":0,"gold_gain":0,"player_choice":"Box","damage_taken":0,"relics_obtained":["Art of War"],"max_hp_gain":0,"max_hp_loss":0,"event_name":"Big Fish","floor":2,"gold_loss":0,"cards_obtained":["Regret"]},{"damage_healed":0,"gold_gain":0,"player_choice":"Became a Ghost","damage_taken":0,"max_hp_gain":0,"max_hp_loss":43,"event_name":"Ghosts","floor":19,"gold_loss":0,"cards_obtained":["Ghostly","Ghostly","Ghostly","Ghostly","Ghostly"]},{"damage_healed":0,"gold_gain":0,"player_choice":"Stole Relic","damage_taken":0,"relics_obtained":["Happy Flower"],"max_hp_gain":0,"max_hp_loss":0,"event_name":"Addict","floor":20,"gold_loss":0,"cards_obtained":["Shame"]},{"damage_healed":0,"gold_gain":99,"player_choice":"Stole From Cult","damage_taken":0,"max_hp_gain":0,"max_hp_loss":0,"event_name":"Nest","floor":22,"gold_loss":0}],"is_beta":false,"boss_relics":[{"not_picked":["Astrolabe","Runic Dome"],"picked":"Cursed Key"}],"items_purged_floors":[12,21,27],"is_endless":false,"potions_floor_spawned":[1,4,10,11,24,29],"killed_by":"Automaton","ascension_level":14}