{"gold_per_floor":[109,129,129,99,118,118,151,151,206,235,252,272,272,283,283,388,388,401,416,436,361,361,361,389,416,428,470,482,505,517,582,594,606],"floor_reached":33,"playtime":19107,"items_purged":[],"score":354,"play_id":"58b0da1d-d778-4b9b-95a6-c31c2e034e69","local_time":"20190315232857","is_ascension_mode":true,"campfire_choices":[{"data":"Armaments","floor":6,"key":"SMITH"},{"data":"Bash","floor":8,"key":"SMITH"},{"data":"Feel No Pain","floor":13,"key":"SMITH"},{"data":"Anger","floor":15,"key":"SMITH"},{"floor":23,"key":"REST"},{"floor":28,"key":"REST"},{"floor":32,"key":"REST"}],"neow_cost":"NONE","seed_source_timestamp":176865684443716,"circlet_count":0,"master_deck":["Strike_R","Strike_R","Defend_R","Defend_R","Defend_R","Defend_R","Bash+1","Entrench","Armaments+1","Anger+1","Rampage","Feel No Pain+1","Inflame","Warcry","Corruption","Immolate","Headbutt","Inflame","Sword Boomerang","Clothesline","Burning Pact"],"relics":["Burning Blood","Bag of Marbles","Tiny Chest","Darkstone Periapt","Busted Crown","FossilizedHelix","Self Forming Clay","MawBank","Pear","Blood Vial","StoneCalendar","Dream Catcher"],"potions_floor_usage":[7,11,14,16,20,24],"damage_taken":[{"damage":7,"enemies":"2 Louse","floor":1,"turns":3},{"damage":5,"enemies":"Small Slimes","floor":2,"turns":5},{"damage":6,"enemies":"Cultist","floor":5,"turns":4},{"damage":12,"enemies":"Gremlin Nob","floor":7,"turns":4},{"damage":27,"enemies":"3 Sentries","floor":10,"turns":8},{"damage":10,"enemies":"Gremlin Gang","floor":11,"turns":4},{"damage":17,"enemies":"Large Slime","floor":12,"turns":5},{"damage":7,"enemies":"Exordium Wildlife","floor":14,"turns":4},{"damage":32,"enemies":"The Guardian","floor":16,"turns":14},{"damage":30,"enemies":"2 Thieves","floor":18,"turns":4},{"damage":24,"enemies":"Spheric Guardian","floor":19,"turns":6},{"damage":30,"enemies":"Snecko","floor":20,"turns":5},{"damage":8,"enemies":"Gremlin Leader","floor":24,"turns":7},{"damage":37,"enemies":"Book of Stabbing","floor":27,"turns":6},{"damage":35,"enemies":"3 Cultists","floor":29,"turns":7},{"damage":68,"enemies":"Collector","floor":33,"turns":5}],"seed_played":"-8915000305271820528","potions_obtained":[{"floor":2,"key":"Explosive Potion"},{"floor":4,"key":"SpeedPotion"},{"floor":4,"key":"Block Potion"},{"floor":11,"key":"BloodPotion"},{"floor":19,"key":"SteroidPotion"},{"floor":20,"key":"Weak Potion"}],"is_trial":false,"path_per_floor":["?","?","M","M","?","T","T","T","T"],"character_chosen":"IRONCLAD","items_purchased":[],"campfire_rested":3,"item_purchase_floors":[],"current_hp_per_floor":[79,80,73,73,73,73,67,67,67,46,42,31,31,38,38,12,80,56,38,14,14,14,38,36,36,46,15,42,15,15,15,42,0],"gold":606,"neow_bonus":"REMOVE_CARD","is_prod":false,"is_daily":false,"chose_seed":false,"campfire_upgraded":4,"win_rate":0,"timestamp":1552714137,"path_taken":["M","M","?","?","?","R","E","R","T","E","M","M","R","M","R","BOSS","M","M","?","?","?","R","E","?","T","E","R","M","?","?","R","BOSS"],"build_version":"2019-01-23","purchased_purges":0,"victory":false,"max_hp_per_floor":[80,80,80,80,80,80,80,80,80,80,80,80,80,80,80,80,80,80,80,80,80,80,80,80,80,90,90,90,90,90,90,90,90],"card_choices":[{"not_picked":["Body Slam","Rampage"],"picked":"Entrench","floor":1},{"not_picked":["Shrug It Off","Clash"],"picked":"Armaments","floor":2},{"not_picked":["Dropkick","Rage"],"picked":"Anger","floor":5},{"not_picked":["Wild Strike","Fiend Fire"],"picked":"Rampage","floor":7},{"not_picked":["Clash","Havoc"],"picked":"Feel No Pain","floor":10},{"not_picked":["Uppercut","Twin Strike"],"picked":"Inflame","floor":11},{"not_picked":["Wild Strike","Entrench"],"picked":"Warcry","floor":12},{"not_picked":["Warcry","Thunderclap"],"picked":"Corruption","floor":14},{"not_picked":["Limit Break","Impervious"],"picked":"Immolate","floor":16},{"not_picked":[],"picked":"Headbutt","floor":18},{"not_picked":[],"picked":"Inflame","floor":19},{"not_picked":["Armaments"],"picked":"SKIP","floor":20},{"not_picked":["Fire Breathing+1"],"picked":"SKIP","floor":24},{"not_picked":[],"picked":"Sword Boomerang","floor":27},{"not_picked":[],"picked":"Clothesline","floor":29},{"not_picked":[],"picked":"Burning Pact","floor":32}],"player_experience":238905,"relics_obtained":[{"floor":7,"key":"Bag of Marbles"},{"floor":9,"key":"Tiny Chest"},{"floor":10,"key":"Darkstone Periapt"},{"floor":22,"key":"FossilizedHelix"},{"floor":24,"key":"Self Forming Clay"},{"floor":25,"key":"MawBank"},{"floor":26,"key":"Pear"},{"floor":27,"key":"Blood Vial"},{"floor":30,"key":"StoneCalendar"},{"floor":31,"key":"Dream Catcher"}],"event_choices":[{"cards_removed":["Strike_R"],"damage_healed":0,"gold_gain":0,"player_choice":"Card Removal","damage_taken":7,"max_hp_gain":0,"max_hp_loss":0,"event_name":"Golden Wing","floor":3,"gold_loss":0},{"damage_healed":0,"gold_gain":0,"player_choice":"Bought 2 Potions","damage_taken":0,"max_hp_gain":0,"max_hp_loss":0,"event_name":"The Woman in Blue","floor":4,"gold_loss":0},{"cards_removed":["Strike_R"],"damage_healed":0,"gold_gain":0,"player_choice":"Gave Gold","damage_taken":0,"max_hp_gain":0,"max_hp_loss":0,"event_name":"Beggar","floor":21,"gold_loss":75}],"is_beta":false,"boss_relics":[{"not_picked":["Tiny House","Pandora\u0027s Box"],"picked":"Busted Crown"}],"items_purged_floors":[],"is_endless":false,"potions_floor_spawned":[2,5,11,19,20],"killed_by":"Collector","ascension_level":4}