{"gold_per_floor":[116,116,129,40,53,386,386,386,479,51,66,98,166,131,131,235,235,245,45,45,56,1,1,30,30,54,68,68,86,97,108,108,208,208,218,218,218,218,235,235],"floor_reached":40,"playtime":2382,"items_purged":["Strike_R","Strike_R"],"score":476,"play_id":"ca076290-9c4d-4529-b00a-2424d8e354a9","local_time":"20190320173831","is_ascension_mode":true,"campfire_choices":[{"data":"Armaments","floor":7,"key":"SMITH"},{"floor":15,"key":"REST"},{"data":"J.A.X.","floor":23,"key":"SMITH"},{"floor":25,"key":"REST"},{"data":"Uppercut","floor":28,"key":"SMITH"},{"floor":32,"key":"REST"}],"neow_cost":"NONE","seed_source_timestamp":110366226202202,"circlet_count":0,"master_deck":["Strike_R","Strike_R","Strike_R","Defend_R","Defend_R","Defend_R","Defend_R","Bash","Inflame","Headbutt","Inflame","True Grit","Armaments+1","Inflame","Bandage Up","Uppercut+1","Bludgeon","Anger+1","J.A.X.+1","Flame Barrier","Shockwave","Metallicize","Heavy Blade","Shockwave","Feed","Havoc+1","Thinking Ahead","Dramatic Entrance","Enlightenment","Madness","Madness","Shrug It Off+1"],"relics":["Burning Blood","Matryoshka","Old Coin","MawBank","Letter Opener","Bottled Flame","Toy Ornithopter","Calipers","Velvet Choker","Bird Faced Urn","WingedGreaves","Omamori","Snecko Eye"],"potions_floor_usage":[6,12,12,16,30,30,33,33],"damage_taken":[{"damage":0,"enemies":"Small Slimes","floor":1,"turns":3},{"damage":13,"enemies":"Jaw Worm","floor":3,"turns":4},{"damage":1,"enemies":"Cultist","floor":5,"turns":3},{"damage":26,"enemies":"3 Sentries","floor":6,"turns":6},{"damage":27,"enemies":"Large Slime","floor":11,"turns":8},{"damage":32,"enemies":"Lagavulin","floor":12,"turns":8},{"damage":59,"enemies":"Slime Boss","floor":16,"turns":11},{"damage":0,"enemies":"Chosen","floor":18,"turns":4},{"damage":14,"enemies":"Shell Parasite","floor":21,"turns":4},{"damage":70,"enemies":"Book of Stabbing","floor":24,"turns":7},{"damage":22,"enemies":"Shelled Parasite and Fungi","floor":27,"turns":6},{"damage":27,"enemies":"Snake Plant","floor":29,"turns":4},{"damage":15,"enemies":"Centurion and Healer","floor":30,"turns":4},{"damage":33,"enemies":"Shelled Parasite and Fungi","floor":31,"turns":6},{"damage":39,"enemies":"Collector","floor":33,"turns":9},{"damage":30,"enemies":"3 Darklings","floor":35,"turns":5},{"damage":6,"enemies":"Orb Walker","floor":39,"turns":3},{"damage":76,"enemies":"Giant Head","floor":40,"turns":7}],"seed_played":"-4859034627291965545","potions_obtained":[{"floor":1,"key":"AttackPotion"},{"floor":12,"key":"Strength Potion"},{"floor":27,"key":"Fire Potion"},{"floor":29,"key":"BloodPotion"},{"floor":30,"key":"EssenceOfSteel"}],"is_trial":false,"path_per_floor":["M","?","M","$","M","E","R","T","T","$","M","E","?","?","R","B",null,"M","$","?","M","?","R","E","R","T","M","R","M","M","M","R","B",null,"M","?","?","?","M","E"],"character_chosen":"IRONCLAD","items_purchased":["Inflame","SteroidPotion","Inflame","Bandage Up","SkillPotion","Toy Ornithopter","Fire Potion","Dexterity Potion"],"campfire_rested":3,"item_purchase_floors":[4,4,10,10,10,10,19,19],"current_hp_per_floor":[88,63,56,56,61,41,41,41,41,41,24,12,12,34,60,16,88,88,88,88,80,80,80,26,52,52,46,46,35,52,37,63,52,88,74,74,64,53,55,0],"gold":235,"neow_bonus":"TEN_PERCENT_HP_BONUS","is_prod":false,"is_daily":false,"chose_seed":false,"campfire_upgraded":3,"win_rate":0,"timestamp":1553125111,"path_taken":["M","?","M","$","M","E","R","?","T","$","M","E","?","?","R","BOSS","M","$","?","M","?","R","E","R","T","M","R","?","M","M","R","BOSS","M","?","?","?","?","E"],"build_version":"2019-01-23","purchased_purges":2,"victory":false,"max_hp_per_floor":[88,88,88,88,88,88,88,88,88,88,88,88,88,88,88,88,88,88,88,88,88,88,88,88,88,88,88,88,88,88,88,88,88,88,88,88,88,88,88,88],"card_choices":[{"not_picked":["Rage","Twin Strike"],"picked":"Inflame","floor":1},{"not_picked":["Flex","Sword Boomerang"],"picked":"Headbutt","floor":3},{"not_picked":["Corruption","Entrench"],"picked":"True Grit","floor":5},{"not_picked":["Cleave","Rupture"],"picked":"Armaments","floor":6},{"not_picked":["Thunderclap","Flex","Body Slam"],"picked":"SKIP","floor":11},{"not_picked":["Dual Wield","Headbutt"],"picked":"Uppercut","floor":12},{"not_picked":["Juggernaut","Brutality"],"picked":"Bludgeon","floor":16},{"not_picked":["Headbutt","Havoc"],"picked":"Anger+1","floor":18},{"not_picked":["Rupture","Sentinel"],"picked":"Flame Barrier","floor":21},{"not_picked":["Clothesline","Sentinel+1"],"picked":"Shockwave","floor":24},{"not_picked":["Headbutt","Rage","Perfected Strike+1"],"picked":"SKIP","floor":27},{"not_picked":["Blood for Blood","Infernal Blade"],"picked":"Metallicize","floor":29},{"not_picked":["Bloodletting+1","Hemokinesis"],"picked":"Heavy Blade","floor":30},{"not_picked":["Thunderclap","Headbutt+1"],"picked":"Shockwave","floor":31},{"not_picked":["Demon Form","Dark Embrace"],"picked":"Feed","floor":33},{"not_picked":["Body Slam+1","Intimidate+1"],"picked":"Havoc+1","floor":35},{"not_picked":["HandOfGreed","Deep Breath"],"picked":"Thinking Ahead","floor":37},{"not_picked":["Blind","HandOfGreed"],"picked":"Dramatic Entrance","floor":37},{"not_picked":["PanicButton","Impatience"],"picked":"Enlightenment","floor":37},{"not_picked":["Blood for Blood+1","Twin Strike"],"picked":"Shrug It Off+1","floor":39}],"player_experience":300717,"relics_obtained":[{"floor":6,"key":"Old Coin"},{"floor":8,"key":"MawBank"},{"floor":9,"key":"Letter Opener"},{"floor":9,"key":"Bottled Flame"},{"floor":12,"key":"Calipers"},{"floor":24,"key":"WingedGreaves"},{"floor":26,"key":"Omamori"}],"event_choices":[{"damage_healed":0,"gold_gain":0,"player_choice":"Success","damage_taken":25,"relics_obtained":["Matryoshka"],"max_hp_gain":0,"max_hp_loss":0,"event_name":"Scrap Ooze","floor":2,"gold_loss":0},{"damage_healed":0,"gold_gain":68,"player_choice":"Gained Gold","damage_taken":0,"max_hp_gain":0,"max_hp_loss":0,"event_name":"Golden Wing","floor":13,"gold_loss":0},{"damage_healed":22,"gold_gain":0,"player_choice":"Healed","damage_taken":0,"max_hp_gain":0,"max_hp_loss":0,"event_name":"The Cleric","floor":14,"gold_loss":35},{"damage_healed":0,"gold_gain":0,"player_choice":"Obtain J.A.X.","damage_taken":0,"max_hp_gain":0,"max_hp_loss":0,"event_name":"Drug Dealer","floor":20,"gold_loss":0,"cards_obtained":["J.A.X."]},{"damage_healed":0,"gold_gain":0,"player_choice":"Paid Gold","damage_taken":0,"relics_obtained":["Bird Faced Urn"],"max_hp_gain":0,"max_hp_loss":0,"event_name":"WeMeetAgain","floor":22,"gold_loss":55},{"damage_healed":0,"gold_gain":0,"player_choice":"Ignored","damage_taken":0,"max_hp_gain":0,"max_hp_loss":0,"event_name":"Tomb of Lord Red Mask","floor":36,"gold_loss":0},{"damage_healed":0,"gold_gain":0,"player_choice":"Memory 3","damage_taken":10,"max_hp_gain":0,"max_hp_loss":0,"event_name":"SensoryStone","floor":37,"gold_loss":0},{"damage_healed":0,"gold_gain":0,"player_choice":"Embrace Madness","damage_taken":11,"max_hp_gain":0,"max_hp_loss":0,"event_name":"Winding Halls","floor":38,"gold_loss":0,"cards_obtained":["Madness","Madness"]}],"is_beta":false,"boss_relics":[{"not_picked":["Calling Bell","Astrolabe"],"picked":"Velvet Choker"},{"not_picked":["Runic Cube","Lizard Tail"],"picked":"Snecko Eye"}],"items_purged_floors":[10,19],"is_endless":false,"potions_floor_spawned":[1,12,27,29,30],"killed_by":"Giant Head","ascension_level":3}