{"gold_per_floor":[117,67,79,93,9,40,40,50,50,60,94,110,110,110,110,213,213,227,177,14,34,49,65,65,65,144,154,154,254,273,285,285,388,388,406,406,417,417,78,78,107,120,120,120,136,136,11,24,24,24],"floor_reached":51,"playtime":4072,"items_purged":["Strike_B","Strike_B"],"score":673,"play_id":"8f623ff0-d58e-40d1-92fc-ca793c22e80e","local_time":"20190430191102","is_ascension_mode":true,"campfire_choices":[{"floor":13,"key":"REST"},{"floor":15,"key":"REST"},{"data":"Panacea","floor":24,"key":"SMITH"},{"floor":32,"key":"REST"},{"data":"Defragment","floor":40,"key":"SMITH"},{"floor":44,"key":"REST"},{"floor":46,"key":"REST"},{"floor":49,"key":"REST"}],"neow_cost":"NONE","seed_source_timestamp":1364608572192131,"circlet_count":0,"master_deck":["Strike_B","Defend_B","Defend_B","Defend_B","Defend_B","Zap","Dualcast","Cold Snap","Streamline","Panacea+1","Genetic Algorithm","Zap","Bandage Up","Coolheaded","Hologram","Rip and Tear","Leap+1","Machine Learning","Discovery+1","Gash","Steam+1","Doom and Gloom","Redo+1","Electrodynamics","Writhe","Coolheaded+1","Flash of Steel","Defragment+1","Fission+1","Go for the Eyes+1"],"relics":["FrozenCore","Girya","Symbiotic Virus","Toxic Egg 2","Matryoshka","Busted Crown","Bag of Preparation","Bronze Scales","Letter Opener","Smiling Mask"],"potions_floor_usage":[12,21,50,50,50],"damage_taken":[{"damage":15,"enemies":"Small Slimes","floor":1,"turns":3},{"damage":7,"enemies":"2 Louse","floor":3,"turns":2},{"damage":0,"enemies":"Cultist","floor":4,"turns":2},{"damage":31,"enemies":"Lagavulin","floor":6,"turns":7},{"damage":5,"enemies":"2 Fungi Beasts","floor":8,"turns":4},{"damage":2,"enemies":"Blue Slaver","floor":10,"turns":4},{"damage":25,"enemies":"3 Sentries","floor":11,"turns":7},{"damage":2,"enemies":"Red Slaver","floor":12,"turns":2},{"damage":35,"enemies":"The Guardian","floor":16,"turns":9},{"damage":13,"enemies":"Spheric Guardian","floor":18,"turns":4},{"damage":0,"enemies":"Chosen","floor":21,"turns":4},{"damage":18,"enemies":"Shelled Parasite and Fungi","floor":22,"turns":7},{"damage":8,"enemies":"Sentry and Sphere","floor":23,"turns":11},{"damage":2,"enemies":"Snecko","floor":27,"turns":7},{"damage":9,"enemies":"Cultist and Chosen","floor":30,"turns":6},{"damage":12,"enemies":"Snake Plant","floor":31,"turns":6},{"damage":51,"enemies":"Collector","floor":33,"turns":12},{"damage":8,"enemies":"Orb Walker","floor":35,"turns":4},{"damage":11,"enemies":"3 Darklings","floor":37,"turns":6},{"damage":56,"enemies":"Reptomancer","floor":41,"turns":7},{"damage":2,"enemies":"Writhing Mass","floor":42,"turns":6},{"damage":16,"enemies":"Jaw Worm Horde","floor":45,"turns":4},{"damage":3,"enemies":"Transient","floor":48,"turns":5},{"damage":30,"enemies":"Time Eater","floor":50,"turns":13}],"seed_played":"1861132311487695392","potions_obtained":[{"floor":3,"key":"Ancient Potion"},{"floor":10,"key":"Ancient Potion"},{"floor":11,"key":"Weak Potion"},{"floor":12,"key":"Dexterity Potion"},{"floor":16,"key":"AttackPotion"},{"floor":22,"key":"Strength Potion"},{"floor":42,"key":"FocusPotion"}],"is_trial":false,"path_per_floor":["M","?","M","M","$","E","?","M","T","M","E","M","R","?","R","B",null,"M","?","$","M","M","M","R","$","T","M","?","?","M","M","R","B",null,"M","?","M","?","$","R","E","M","T","R","M","R","$","M","R","B",null],"character_chosen":"DEFECT","items_purchased":["Panacea","Discovery+1","Defragment","Fission+1","Bag of Preparation","FocusPotion"],"campfire_rested":6,"item_purchase_floors":[5,20,39,39,39,47],"current_hp_per_floor":[67,67,60,60,60,29,29,28,28,30,9,7,31,31,55,24,82,73,73,73,77,63,59,59,59,59,57,57,57,52,44,68,21,82,74,82,75,75,75,75,23,25,25,49,37,61,61,62,82,56],"gold":24,"neow_bonus":"TEN_PERCENT_HP_BONUS","is_prod":false,"is_daily":false,"chose_seed":false,"campfire_upgraded":2,"win_rate":0,"timestamp":1556647862,"path_taken":["M","?","M","M","$","E","?","M","T","M","E","?","R","?","R","BOSS","M","?","$","?","M","M","R","?","T","M","?","?","M","M","R","BOSS","M","?","M","?","$","R","E","M","T","R","M","R","$","M","R","BOSS"],"build_version":"2019-01-23","purchased_purges":2,"victory":true,"max_hp_per_floor":[82,82,82,82,82,82,82,82,82,82,82,82,82,82,82,82,82,82,82,82,82,82,82,82,82,82,82,82,82,82,82,82,82,82,82,82,82,82,82,82,82,82,82,82,82,82,82,82,82,82],"card_choices":[{"not_picked":["Conserve Battery","Stack"],"picked":"Cold Snap","floor":1},{"not_picked":["Double Energy","Tempest"],"picked":"Streamline","floor":3},{"not_picked":["Barrage","Conserve Battery","Rebound"],"picked":"SKIP","floor":4},{"not_picked":["Thunder Strike","Steam Power"],"picked":"Genetic Algorithm","floor":6},{"not_picked":["Blizzard","Turbo"],"picked":"Coolheaded","floor":8},{"not_picked":["Reprogram","Sunder"],"picked":"Hologram","floor":10},{"not_picked":["Redo","All For One"],"picked":"Rip and Tear","floor":11},{"not_picked":["Stack+1","Steam+1"],"picked":"Leap+1","floor":12},{"not_picked":["Thunder Strike","All For One"],"picked":"Machine Learning","floor":16},{"not_picked":["Conserve Battery+1","Sunder","Cold Snap"],"picked":"SKIP","floor":18},{"not_picked":["Cold Snap","Steam Power+1"],"picked":"Gash","floor":21},{"not_picked":["Auto Shields+1","Conserve Battery+1"],"picked":"Steam+1","floor":22},{"not_picked":["Consume+1","Cold Snap+1"],"picked":"Doom and Gloom","floor":23},{"not_picked":["Auto Shields+1","Cold Snap","Stack+1"],"picked":"SKIP","floor":27},{"not_picked":["Compile Driver+1","Reboot+1","Steam+1"],"picked":"SKIP","floor":30},{"not_picked":["Barrage","Genetic Algorithm+1"],"picked":"Redo+1","floor":31},{"not_picked":["Meteor Strike","Creative AI"],"picked":"Electrodynamics","floor":33},{"not_picked":["Rebound"],"picked":"SKIP","floor":35},{"not_picked":[],"picked":"Coolheaded+1","floor":37},{"not_picked":[],"picked":"Flash of Steel","floor":38},{"not_picked":["Conserve Battery+1"],"picked":"SKIP","floor":41},{"not_picked":["Cold Snap+1"],"picked":"SKIP","floor":42},{"not_picked":[],"picked":"Go for the Eyes+1","floor":45},{"not_picked":["Sweeping Beam"],"picked":"SKIP","floor":48}],"player_experience":1877982,"relics_obtained":[{"floor":6,"key":"Girya"},{"floor":9,"key":"Symbiotic Virus"},{"floor":11,"key":"Toxic Egg 2"},{"floor":26,"key":"Matryoshka"},{"floor":41,"key":"Bronze Scales"},{"floor":43,"key":"Letter Opener"},{"floor":43,"key":"Smiling Mask"}],"event_choices":[{"cards_removed":["Strike_B"],"damage_healed":0,"gold_gain":0,"player_choice":"Card Removal","damage_taken":0,"max_hp_gain":0,"max_hp_loss":0,"event_name":"The Cleric","floor":2,"gold_loss":50},{"damage_healed":0,"gold_gain":0,"player_choice":"2 cards matched","damage_taken":0,"max_hp_gain":0,"max_hp_loss":0,"event_name":"Match and Keep!","floor":7,"gold_loss":0,"cards_obtained":["Zap","Bandage Up"]},{"damage_healed":0,"gold_gain":0,"player_choice":"Ignored","damage_taken":0,"max_hp_gain":0,"max_hp_loss":0,"event_name":"Golden Idol","floor":14,"gold_loss":0},{"damage_healed":0,"gold_gain":0,"player_choice":"Bet on Murderer","damage_taken":0,"max_hp_gain":0,"max_hp_loss":0,"event_name":"The Joust","floor":19,"gold_loss":50},{"damage_healed":0,"gold_gain":0,"player_choice":"Ignored","damage_taken":0,"max_hp_gain":0,"max_hp_loss":0,"event_name":"Ghosts","floor":28,"gold_loss":0},{"damage_healed":0,"gold_gain":100,"player_choice":"Pray","damage_taken":0,"max_hp_gain":0,"max_hp_loss":0,"event_name":"Golden Shrine","floor":29,"gold_loss":0},{"damage_healed":21,"gold_gain":0,"player_choice":"Writhe","damage_taken":0,"max_hp_gain":0,"max_hp_loss":0,"event_name":"Winding Halls","floor":36,"gold_loss":0,"cards_obtained":["Writhe"]},{"damage_healed":0,"gold_gain":0,"player_choice":"Memory 1","damage_taken":0,"max_hp_gain":0,"max_hp_loss":0,"event_name":"SensoryStone","floor":38,"gold_loss":0}],"is_beta":false,"boss_relics":[{"not_picked":["Snecko Eye","Lizard Tail"],"picked":"FrozenCore"},{"not_picked":["Inserter","Pandora\u0027s Box"],"picked":"Busted Crown"}],"items_purged_floors":[20,47],"is_endless":false,"potions_floor_spawned":[3,10,11,12,16,22,23,27,31,33,35,42,45],"ascension_level":1}