{"gold_per_floor":[109,128,36,36,52,52,81,81,81,99,125,136,150,162,162,264,264,277,70,70,86,104,137,137,150,150,177,177,28,28,43,43,139,139,156,173,189,118,118,143,143,143,143,161,179,179,199,212,212,212],"floor_reached":51,"playtime":7853,"items_purged":[],"score":1426,"play_id":"aa9732da-8fe3-43b4-b2e8-1a78a21ac1cd","local_time":"20190428202900","is_ascension_mode":true,"campfire_choices":[{"data":"Whirlwind","floor":6,"key":"SMITH"},{"data":"Inflame","floor":8,"key":"SMITH"},{"floor":15,"key":"DIG"},{"floor":24,"key":"DIG"},{"floor":30,"key":"REST"},{"floor":32,"key":"DIG"},{"floor":41,"key":"DIG"},{"floor":46,"key":"DIG"},{"floor":49,"key":"DIG"}],"neow_cost":"NONE","seed_source_timestamp":1627384342058100,"circlet_count":0,"master_deck":["Bash","Pommel Strike","Inflame+1","Armaments+1","Whirlwind+1","Double Tap","Ghostly Armor","Spot Weakness","Flame Barrier","Shockwave","Whirlwind+1","Bloodletting+1","Impervious","Spot Weakness","Disarm","Exhume","Headbutt","Clothesline","Feed","Dark Embrace+1","Exhume","Feel No Pain+1","Corruption+1","Shrug It Off"],"relics":["Burning Blood","NeowsBlessing","FossilizedHelix","Shovel","Pocketwatch","Ornamental Fan","Black Star","ClockworkSouvenir","Kunai","Happy Flower","Frozen Egg 2","Dead Branch","Self Forming Clay","Bag of Preparation","Paper Frog","Enchiridion","Ancient Tea Set","War Paint","Pandora\u0027s Box","Magic Flower","Turnip","Question Card","Blue Candle","Torii","Calipers"],"potions_floor_usage":[18,21,23,27,27],"damage_taken":[{"damage":0,"enemies":"Cultist","floor":1,"turns":1},{"damage":0,"enemies":"Jaw Worm","floor":2,"turns":1},{"damage":0,"enemies":"2 Louse","floor":5,"turns":1},{"damage":42,"enemies":"Lagavulin","floor":7,"turns":8},{"damage":18,"enemies":"Exordium Thugs","floor":10,"turns":3},{"damage":25,"enemies":"3 Sentries","floor":11,"turns":7},{"damage":0,"enemies":"Gremlin Gang","floor":12,"turns":2},{"damage":11,"enemies":"Large Slime","floor":13,"turns":6},{"damage":0,"enemies":"3 Louse","floor":14,"turns":1},{"damage":0,"enemies":"Slime Boss","floor":16,"turns":6},{"damage":0,"enemies":"3 Byrds","floor":18,"turns":3},{"damage":28,"enemies":"Shell Parasite","floor":21,"turns":5},{"damage":11,"enemies":"Chosen and Byrds","floor":22,"turns":6},{"damage":0,"enemies":"Gremlin Leader","floor":23,"turns":5},{"damage":6,"enemies":"Snake Plant","floor":25,"turns":5},{"damage":22,"enemies":"Slavers","floor":27,"turns":3},{"damage":0,"enemies":"3 Cultists","floor":31,"turns":2},{"damage":0,"enemies":"Collector","floor":33,"turns":6},{"damage":0,"enemies":"3 Darklings","floor":35,"turns":2},{"damage":41,"enemies":"3 Shapes","floor":36,"turns":2},{"damage":19,"enemies":"3 Darklings","floor":37,"turns":4},{"damage":6,"enemies":"Nemesis","floor":40,"turns":5},{"damage":0,"enemies":"Sphere and 2 Shapes","floor":44,"turns":2},{"damage":0,"enemies":"Maw","floor":45,"turns":2},{"damage":18,"enemies":"Transient","floor":47,"turns":5},{"damage":0,"enemies":"Writhing Mass","floor":48,"turns":2},{"damage":12,"enemies":"Donu and Deca","floor":50,"turns":3}],"seed_played":"-3762584275769172790","potions_obtained":[{"floor":7,"key":"GamblersBrew"},{"floor":11,"key":"FearPotion"},{"floor":13,"key":"AttackPotion"},{"floor":18,"key":"Block Potion"},{"floor":21,"key":"SpeedPotion"},{"floor":23,"key":"FearPotion"},{"floor":33,"key":"LiquidBronze"},{"floor":40,"key":"EssenceOfSteel"}],"is_trial":false,"path_per_floor":["M","M","$","?","M","R","E","R","T","M","E","M","M","M","R","B",null,"M","$","T","M","M","E","R","M","T","E","?","$","R","M","R","B",null,"M","M","M","$","?","E","R","?","T","M","M","R","M","M","R","B",null],"character_chosen":"IRONCLAD","items_purchased":["Inflame","Armaments","ClockworkSouvenir","Ancient Tea Set","Corruption+1"],"campfire_rested":1,"item_purchase_floors":[3,3,19,29,38],"current_hp_per_floor":[78,80,80,80,80,80,44,44,44,32,13,19,14,20,20,26,67,73,73,73,51,46,52,52,52,52,36,20,20,44,50,50,56,74,80,45,32,32,70,70,70,80,80,80,80,80,71,80,80,77],"gold":212,"neow_bonus":"THREE_ENEMY_KILL","is_prod":false,"is_daily":false,"chose_seed":false,"campfire_upgraded":2,"win_rate":0,"timestamp":1556476140,"path_taken":["M","?","$","?","M","R","E","R","T","?","E","M","M","M","R","BOSS","M","$","?","M","?","E","R","M","T","E","?","?","R","M","R","BOSS","M","?","M","$","?","E","R","?","T","M","M","R","M","M","R","BOSS"],"build_version":"2019-01-23","purchased_purges":0,"victory":true,"max_hp_per_floor":[80,80,80,80,80,80,80,80,80,80,80,80,80,80,80,80,80,80,80,80,80,80,80,80,80,80,80,80,80,80,80,80,80,80,80,80,80,80,70,70,70,80,80,80,80,80,80,80,80,80],"card_choices":[{"not_picked":["Flex","Sword Boomerang","Clash"],"picked":"SKIP","floor":1},{"not_picked":["Headbutt","Armaments"],"picked":"Pommel Strike","floor":2},{"not_picked":["Rage","Rupture"],"picked":"Whirlwind","floor":5},{"not_picked":["Wild Strike","Armaments"],"picked":"Double Tap","floor":7},{"not_picked":["Hemokinesis","Clash","Flex"],"picked":"SKIP","floor":10},{"not_picked":["Combust","Armaments"],"picked":"Ghostly Armor","floor":11},{"not_picked":["Wild Strike","Seeing Red","Havoc"],"picked":"SKIP","floor":12},{"not_picked":["Combust","Flex"],"picked":"Spot Weakness","floor":13},{"not_picked":["Cleave","True Grit"],"picked":"Flame Barrier","floor":14},{"not_picked":["Barricade","Fiend Fire"],"picked":"Immolate","floor":16},{"not_picked":["Sword Boomerang+1","Clothesline+1","Combust"],"picked":"SKIP","floor":18},{"not_picked":["Clothesline","Body Slam+1"],"picked":"Shockwave","floor":21},{"not_picked":["Power Through","Evolve"],"picked":"Whirlwind+1","floor":22},{"not_picked":["Blood for Blood","Twin Strike","Cleave"],"picked":"SKIP","floor":23},{"not_picked":["Clothesline+1","Intimidate","Warcry+1"],"picked":"SKIP","floor":25},{"not_picked":["Combust+1","Clothesline+1","Juggernaut+1"],"picked":"SKIP","floor":27},{"not_picked":["Shrug It Off","Headbutt+1"],"picked":"Bloodletting+1","floor":31},{"not_picked":["Dark Embrace+1","Exhume"],"picked":"Impervious","floor":33},{"not_picked":["Intimidate","Perfected Strike","Headbutt"],"picked":"SKIP","floor":35},{"not_picked":["Evolve+1","Clash","Warcry+1"],"picked":"SKIP","floor":36},{"not_picked":["Reckless Charge+1","Iron Wave","Pommel Strike"],"picked":"SKIP","floor":37},{"not_picked":["Thunderclap+1","Perfected Strike+1","Limit Break"],"picked":"SKIP","floor":40},{"not_picked":["Power Through","Ghostly Armor+1","Entrench+1","Shockwave+1"],"picked":"SKIP","floor":44},{"not_picked":["Twin Strike","Evolve+1","Flex+1","Headbutt"],"picked":"SKIP","floor":45},{"not_picked":["Iron Wave","Fire Breathing+1","Reckless Charge"],"picked":"Shrug It Off","floor":47},{"not_picked":["Clothesline","Iron Wave","Sword Boomerang+1","Hemokinesis"],"picked":"SKIP","floor":48}],"player_experience":830321,"relics_obtained":[{"floor":7,"key":"FossilizedHelix"},{"floor":9,"key":"Shovel"},{"floor":11,"key":"Pocketwatch"},{"floor":15,"key":"Ornamental Fan"},{"floor":20,"key":"Kunai"},{"floor":23,"key":"Happy Flower"},{"floor":23,"key":"Frozen Egg 2"},{"floor":24,"key":"Dead Branch"},{"floor":26,"key":"Self Forming Clay"},{"floor":27,"key":"Bag of Preparation"},{"floor":27,"key":"Paper Frog"},{"floor":28,"key":"Enchiridion"},{"floor":32,"key":"War Paint"},{"floor":40,"key":"Magic Flower"},{"floor":40,"key":"Turnip"},{"floor":41,"key":"Question Card"},{"floor":43,"key":"Blue Candle"},{"floor":46,"key":"Torii"},{"floor":49,"key":"Calipers"}],"event_choices":[{"damage_healed":0,"gold_gain":0,"player_choice":"Upgraded","damage_taken":0,"max_hp_gain":0,"max_hp_loss":0,"event_name":"Upgrade Shrine","floor":4,"gold_loss":0,"cards_upgraded":["Armaments"]},{"damage_healed":0,"gold_gain":0,"player_choice":"Obtained Book","damage_taken":16,"max_hp_gain":0,"max_hp_loss":0,"event_name":"Cursed Tome","floor":28,"gold_loss":0},{"damage_healed":70,"gold_gain":0,"player_choice":"Heal","damage_taken":0,"max_hp_gain":0,"max_hp_loss":10,"event_name":"The Moai Head","floor":39,"gold_loss":0},{"cards_removed":["Immolate"],"damage_healed":0,"gold_gain":0,"player_choice":"Offered Rare","damage_taken":0,"max_hp_gain":10,"max_hp_loss":0,"event_name":"Bonfire Elementals","floor":42,"gold_loss":0}],"is_beta":false,"boss_relics":[{"not_picked":["Philosopher\u0027s Stone","Snecko Eye"],"picked":"Black Star"},{"not_picked":["Empty Cage","Tiny House"],"picked":"Pandora\u0027s Box"}],"items_purged_floors":[],"is_endless":false,"potions_floor_spawned":[7,11,13,16,18,21,23,25,33,40,47],"ascension_level":8}