{"gold_per_floor":[117,117,42,56,74,101,121,146,146,146,171,185,40,40,40,143,193,206,219,219,231,146,146],"floor_reached":23,"playtime":901,"items_purged":["Writhe"],"score":253,"play_id":"3fbfed4c-2204-4663-91ae-a4d934146374","local_time":"20190326114733","is_ascension_mode":true,"campfire_choices":[{"floor":10,"key":"REST"},{"floor":15,"key":"REST"}],"neow_cost":"CURSE","seed_source_timestamp":244877227604836,"circlet_count":0,"master_deck":["Strike_R","Strike_R","Strike_R","Strike_R+1","Strike_R","Defend_R","Defend_R","Defend_R","Defend_R","Bash","Demon Form","Armaments","Reckless Charge","Offering","Pommel Strike","Havoc","Thunderclap+1","Cleave+1","True Grit","Flame Barrier","Feel No Pain+1","Fiend Fire+1","Clothesline+1","Uppercut+1","Intimidate","Battle Trance"],"relics":["Burning Blood","Frozen Egg 2","Molten Egg 2","WingedGreaves","Turnip","Tiny House","Enchiridion","Boot"],"potions_floor_usage":[11,23],"damage_taken":[{"damage":12,"enemies":"Jaw Worm","floor":1,"turns":3},{"damage":7,"enemies":"2 Louse","floor":4,"turns":2},{"damage":5,"enemies":"Small Slimes","floor":5,"turns":3},{"damage":35,"enemies":"Gremlin Nob","floor":6,"turns":4},{"damage":19,"enemies":"Exordium Wildlife","floor":7,"turns":3},{"damage":23,"enemies":"Lagavulin","floor":8,"turns":6},{"damage":15,"enemies":"Gremlin Nob","floor":11,"turns":3},{"damage":6,"enemies":"Looter","floor":12,"turns":2},{"damage":41,"enemies":"The Guardian","floor":16,"turns":11},{"damage":14,"enemies":"2 Thieves","floor":18,"turns":4},{"damage":29,"enemies":"Shell Parasite","floor":19,"turns":3},{"damage":33,"enemies":"Chosen and Byrds","floor":21,"turns":7},{"damage":27,"enemies":"Book of Stabbing","floor":23,"turns":3}],"seed_played":"1310885515126344367","potions_obtained":[{"floor":1,"key":"FairyPotion"},{"floor":4,"key":"LiquidBronze"},{"floor":8,"key":"PowerPotion"},{"floor":16,"key":"EssenceOfSteel"}],"is_trial":false,"path_per_floor":["M","?","$","M","M","E","M","E","T","R","E","M","$","?","R","B",null,"M","M","?","M","?","E"],"character_chosen":"IRONCLAD","items_purchased":["Flame Barrier","Feel No Pain+1"],"campfire_rested":2,"item_purchase_floors":[13,13],"current_hp_per_floor":[74,79,79,78,79,50,37,20,20,45,36,36,36,36,61,26,90,82,59,43,16,16,0],"gold":146,"neow_bonus":"THREE_RARE_CARDS","is_prod":false,"is_daily":false,"chose_seed":false,"campfire_upgraded":0,"win_rate":0,"timestamp":1553622453,"path_taken":["M","?","$","M","M","E","M","E","T","R","E","M","$","?","R","BOSS","M","M","?","M","?","E"],"build_version":"2019-01-23","purchased_purges":1,"victory":false,"max_hp_per_floor":[80,85,85,85,85,85,85,85,85,85,85,85,85,85,85,85,90,90,90,90,90,90,90],"card_choices":[{"not_picked":["Offering","Feed"],"picked":"Demon Form","floor":0},{"not_picked":["Warcry","Perfected Strike"],"picked":"Armaments","floor":1},{"not_picked":["Body Slam","Warcry"],"picked":"Reckless Charge","floor":4},{"not_picked":["Cleave","Infernal Blade"],"picked":"Offering","floor":5},{"not_picked":["Clash","Body Slam"],"picked":"Pommel Strike","floor":6},{"not_picked":["Perfected Strike","Anger"],"picked":"Havoc","floor":7},{"not_picked":["Pommel Strike","Rage"],"picked":"Thunderclap","floor":8},{"not_picked":["Bludgeon+1","Headbutt+1"],"picked":"Cleave+1","floor":11},{"not_picked":["Anger+1","Iron Wave+1"],"picked":"True Grit","floor":12},{"not_picked":["Bludgeon+1","Brutality+1"],"picked":"Fiend Fire+1","floor":16},{"not_picked":["Dropkick+1","Flex"],"picked":"Clothesline+1","floor":17},{"not_picked":["Armaments","Havoc"],"picked":"Uppercut+1","floor":18},{"not_picked":["Reckless Charge+1","Pommel Strike+1"],"picked":"Intimidate","floor":19},{"not_picked":["Flex","Sword Boomerang+1"],"picked":"Battle Trance","floor":21}],"player_experience":330886,"relics_obtained":[{"floor":6,"key":"Frozen Egg 2"},{"floor":8,"key":"Molten Egg 2"},{"floor":9,"key":"WingedGreaves"},{"floor":11,"key":"Turnip"},{"floor":20,"key":"Enchiridion"}],"event_choices":[{"damage_healed":0,"gold_gain":0,"player_choice":"Donut","damage_taken":0,"max_hp_gain":5,"max_hp_loss":0,"event_name":"Big Fish","floor":2,"gold_loss":0},{"damage_healed":0,"gold_gain":0,"player_choice":"Ignored","damage_taken":0,"max_hp_gain":0,"max_hp_loss":0,"event_name":"Liars Game","floor":14,"gold_loss":0},{"damage_healed":0,"gold_gain":0,"player_choice":"Obtained Book","damage_taken":16,"max_hp_gain":0,"max_hp_loss":0,"event_name":"Cursed Tome","floor":20,"gold_loss":0},{"damage_healed":0,"gold_gain":0,"player_choice":"Obtained Relic","damage_taken":0,"relics_obtained":["Boot"],"max_hp_gain":0,"max_hp_loss":0,"event_name":"Addict","floor":22,"gold_loss":85}],"is_beta":false,"boss_relics":[{"not_picked":["Cursed Key","Busted Crown"],"picked":"Tiny House"}],"items_purged_floors":[3],"is_endless":false,"potions_floor_spawned":[1,4,8,16],"killed_by":"Book of Stabbing","ascension_level":4}