{"gold_per_floor":[209,284,284,294,307,335,126,126,126,144,170,170,187,197,197,300,300,316,344,170,186,197,197,22,22,22,22,22,22,22,35,35,130,130,140,540,840,854,871,378,409,409,409,409,427,440,48,68,68,68],"floor_reached":51,"playtime":5331,"items_purged":["Strike_R","Strike_R","Strike_R"],"score":753,"play_id":"e888547b-86af-4573-aad4-2fac2f9ede46","local_time":"20190306114912","is_ascension_mode":true,"campfire_choices":[{"floor":8,"key":"REST"},{"floor":12,"key":"REST"},{"data":"Bash","floor":15,"key":"SMITH"},{"floor":23,"key":"REST"},{"floor":25,"key":"REST"},{"data":"Burning Pact","floor":28,"key":"SMITH"},{"data":"Carnage","floor":32,"key":"SMITH"},{"data":"Impervious","floor":42,"key":"SMITH"},{"data":"Metallicize","floor":44,"key":"SMITH"},{"data":"Carnage","floor":49,"key":"SMITH"}],"neow_cost":"NONE","seed_source_timestamp":355067215035433,"circlet_count":0,"master_deck":["Strike_R+1","Strike_R+1","Defend_R+1","Defend_R+1","Defend_R+1","Defend_R+1","Bash+1","Metallicize+1","Feel No Pain","Shockwave","Impervious+1","Headbutt","Carnage+1","Wild Strike","Dual Wield","Burning Pact+1","Barricade","Clothesline","Clothesline+1","Entrench","Disarm+1","Pommel Strike+1","Body Slam","Double Tap","Pummel","Heavy Blade","Carnage+1","Shrug It Off+1"],"relics":["Burning Blood","Ornamental Fan","Paper Frog","Red Skull","Snecko Eye","Red Mask","War Paint","Shuriken","Busted Crown","Old Coin","Centennial Puzzle","Lantern","Sundial","Self Forming Clay","Mummified Hand"],"potions_floor_usage":[6,11,16,16,16,21,21,33,33,39,48,50],"damage_taken":[{"damage":1,"enemies":"Cultist","floor":1,"turns":4},{"damage":8,"enemies":"Jaw Worm","floor":4,"turns":5},{"damage":9,"enemies":"2 Louse","floor":5,"turns":3},{"damage":47,"enemies":"Lagavulin","floor":6,"turns":8},{"damage":0,"enemies":"Large Slime","floor":10,"turns":5},{"damage":24,"enemies":"3 Sentries","floor":11,"turns":7},{"damage":6,"enemies":"2 Fungi Beasts","floor":13,"turns":3},{"damage":17,"enemies":"Looter","floor":14,"turns":3},{"damage":51,"enemies":"The Guardian","floor":16,"turns":14},{"damage":10,"enemies":"2 Thieves","floor":18,"turns":5},{"damage":37,"enemies":"Masked Bandits","floor":19,"turns":6},{"damage":21,"enemies":"3 Byrds","floor":21,"turns":6},{"damage":26,"enemies":"Shelled Parasite and Fungi","floor":22,"turns":5},{"damage":9,"enemies":"Cultist and Chosen","floor":31,"turns":5},{"damage":27,"enemies":"Collector","floor":33,"turns":14},{"damage":0,"enemies":"3 Shapes","floor":35,"turns":4},{"damage":0,"enemies":"Mind Bloom Boss Battle","floor":36,"turns":4},{"damage":3,"enemies":"Orb Walker","floor":38,"turns":3},{"damage":13,"enemies":"Spire Growth","floor":39,"turns":5},{"damage":5,"enemies":"Reptomancer","floor":41,"turns":5},{"damage":3,"enemies":"4 Shapes","floor":45,"turns":6},{"damage":12,"enemies":"3 Darklings","floor":46,"turns":6},{"damage":19,"enemies":"Writhing Mass","floor":48,"turns":4},{"damage":14,"enemies":"Time Eater","floor":50,"turns":8}],"seed_played":"-7938721772153559660","potions_obtained":[{"floor":5,"key":"Poison Potion"},{"floor":6,"key":"Energy Potion"},{"floor":10,"key":"Weak Potion"},{"floor":13,"key":"Regen Potion"},{"floor":16,"key":"Regen Potion"},{"floor":19,"key":"Swift Potion"},{"floor":31,"key":"Strength Potion"},{"floor":36,"key":"EssenceOfSteel"},{"floor":38,"key":"Block Potion"},{"floor":41,"key":"SpeedPotion"},{"floor":48,"key":"Strength Potion"}],"is_trial":false,"path_per_floor":["?","?","M","?","?","?","T","M","?","?","M"],"character_chosen":"IRONCLAD","items_purchased":["Strength Potion","Headbutt","Carnage","Entrench","AttackPotion","Centennial Puzzle","Lantern","BloodPotion","Explosive Potion","Pummel","Mummified Hand","Heavy Blade","Carnage"],"campfire_rested":4,"item_purchase_floors":[7,7,7,20,24,40,40,40,40,40,47,47,47],"current_hp_per_floor":[80,69,69,67,64,23,23,47,47,53,35,59,59,48,48,18,80,76,45,45,42,22,46,46,70,70,70,70,70,70,67,67,46,80,80,80,80,80,73,73,74,74,74,74,77,71,71,66,66,58],"gold":68,"neow_bonus":"HUNDRED_GOLD","is_prod":false,"is_daily":false,"chose_seed":false,"campfire_upgraded":6,"win_rate":0,"timestamp":1551898152,"path_taken":["M","?","?","M","M","E","$","R","T","M","E","R","?","M","R","BOSS","M","?","$","M","M","R","$","R","T","?","R","?","?","?","R","BOSS","M","?","?","?","M","$","E","R","T","R","M","M","$","M","R","BOSS"],"build_version":"2019-01-23","purchased_purges":3,"victory":true,"max_hp_per_floor":[80,80,80,80,80,80,80,80,80,80,80,80,80,80,80,80,80,80,80,80,80,80,80,80,80,80,80,80,80,80,80,80,80,80,80,80,80,80,80,80,80,80,80,80,80,80,80,80,80,80],"card_choices":[{"not_picked":["Havoc","Clash"],"picked":"Metallicize","floor":1},{"not_picked":["Thunderclap","Heavy Blade"],"picked":"Feel No Pain","floor":4},{"not_picked":["Anger","Perfected Strike"],"picked":"Shockwave","floor":5},{"not_picked":["Headbutt","Shrug It Off"],"picked":"Impervious","floor":6},{"not_picked":["Sword Boomerang","Perfected Strike"],"picked":"Wild Strike","floor":10},{"not_picked":["Clash","Combust"],"picked":"Dual Wield","floor":11},{"not_picked":["Cleave","Wild Strike"],"picked":"Burning Pact","floor":13},{"not_picked":["Clash","Perfected Strike","Corruption"],"picked":"SKIP","floor":14},{"not_picked":["Berserk","Juggernaut"],"picked":"Barricade","floor":16},{"not_picked":["Iron Wave","Wild Strike"],"picked":"Clothesline","floor":18},{"not_picked":["Clash","Body Slam"],"picked":"Clothesline+1","floor":19},{"not_picked":["Rampage+1","Corruption"],"picked":"Disarm","floor":21},{"not_picked":["Dual Wield","Flex"],"picked":"Pommel Strike+1","floor":22},{"not_picked":["Battle Trance","Combust"],"picked":"Body Slam","floor":31},{"not_picked":["Berserk","Fiend Fire"],"picked":"Double Tap","floor":33},{"not_picked":["Anger"],"picked":"SKIP","floor":35},{"not_picked":["Perfected Strike+1"],"picked":"SKIP","floor":38},{"not_picked":["Sentinel+1"],"picked":"SKIP","floor":39},{"not_picked":["True Grit"],"picked":"SKIP","floor":41},{"not_picked":["Pommel Strike"],"picked":"SKIP","floor":45},{"not_picked":["Rage"],"picked":"SKIP","floor":46},{"not_picked":[],"picked":"Shrug It Off+1","floor":48}],"player_experience":129658,"relics_obtained":[{"floor":6,"key":"Ornamental Fan"},{"floor":9,"key":"Paper Frog"},{"floor":11,"key":"Red Skull"},{"floor":19,"key":"Red Mask"},{"floor":26,"key":"War Paint"},{"floor":30,"key":"Shuriken"},{"floor":36,"key":"Old Coin"},{"floor":41,"key":"Sundial"},{"floor":43,"key":"Self Forming Clay"}],"event_choices":[{"damage_healed":0,"gold_gain":75,"player_choice":"Gather Gold","damage_taken":11,"max_hp_gain":0,"max_hp_loss":0,"event_name":"World of Goop","floor":2,"gold_loss":0},{"damage_healed":0,"gold_gain":0,"player_choice":"0 cards matched","damage_taken":0,"max_hp_gain":0,"max_hp_loss":0,"event_name":"Match and Keep!","floor":3,"gold_loss":0,"cards_obtained":[]},{"damage_healed":0,"gold_gain":0,"player_choice":"Fought Bandits","damage_taken":0,"max_hp_gain":0,"max_hp_loss":0,"event_name":"Masked Bandits","floor":19,"gold_loss":0},{"damage_healed":0,"gold_gain":0,"player_choice":"Ignored","damage_taken":0,"max_hp_gain":0,"max_hp_loss":0,"event_name":"Beggar","floor":27,"gold_loss":0},{"damage_healed":0,"gold_gain":0,"player_choice":"Simplicity","damage_taken":0,"max_hp_gain":0,"max_hp_loss":0,"event_name":"Back to Basics","floor":29,"gold_loss":0,"cards_upgraded":["Strike_R","Strike_R","Defend_R","Defend_R","Defend_R"]},{"damage_healed":0,"gold_gain":0,"player_choice":"Fight","damage_taken":0,"max_hp_gain":0,"max_hp_loss":0,"event_name":"MindBloom","floor":36,"gold_loss":0},{"damage_healed":0,"gold_gain":300,"player_choice":"Gold","damage_taken":0,"max_hp_gain":0,"max_hp_loss":0,"event_name":"Wheel of Change","floor":37,"gold_loss":0}],"is_beta":false,"boss_relics":[{"not_picked":["Ectoplasm","Runic Cube"],"picked":"Snecko Eye"},{"not_picked":["Astrolabe","Velvet Choker"],"picked":"Busted Crown"}],"items_purged_floors":[7,20,24],"is_endless":false,"potions_floor_spawned":[5,6,10,13,16,19,31,36,38,41,48],"ascension_level":2}