{"gold_per_floor":[19,39,214,214,226,281,295,295],"floor_reached":8,"playtime":338,"items_purged":[],"score":61,"play_id":"f0a4a3fa-7c8c-4979-9149-6f3ee99975c0","local_time":"20190317165618","is_ascension_mode":true,"campfire_choices":[],"neow_cost":"NO_GOLD","seed_source_timestamp":352339586294448,"circlet_count":0,"master_deck":["Strike_R","Strike_R","Strike_R","Strike_R","Strike_R","Defend_R","Defend_R","Defend_R","Defend_R","Bash","Battle Trance","Inflame","Pommel Strike","Battle Trance","True Grit"],"relics":["Burning Blood","Ginger","Tiny Chest"],"potions_floor_usage":[8,8],"damage_taken":[{"damage":6,"enemies":"2 Louse","floor":1,"turns":4},{"damage":3,"enemies":"Small Slimes","floor":2,"turns":3},{"damage":6,"enemies":"Cultist","floor":5,"turns":3},{"damage":44,"enemies":"Lagavulin","floor":6,"turns":6},{"damage":21,"enemies":"Lots of Slimes","floor":7,"turns":5},{"damage":27,"enemies":"3 Sentries","floor":8,"turns":7}],"seed_played":"8248420150768909619","potions_obtained":[{"floor":5,"key":"SpeedPotion"},{"floor":6,"key":"SteroidPotion"}],"is_trial":false,"path_per_floor":["M","M","?","?","M","E","M","E"],"character_chosen":"IRONCLAD","items_purchased":[],"campfire_rested":0,"item_purchase_floors":[],"current_hp_per_floor":[80,80,80,80,80,42,27,0],"gold":295,"neow_bonus":"ONE_RARE_RELIC","is_prod":false,"is_daily":false,"chose_seed":false,"campfire_upgraded":0,"win_rate":0,"timestamp":1552863378,"path_taken":["M","M","?","?","M","E","M","E"],"build_version":"2019-01-23","purchased_purges":0,"victory":false,"max_hp_per_floor":[80,80,80,80,80,80,80,80],"card_choices":[{"not_picked":["Havoc","Anger"],"picked":"Battle Trance","floor":1},{"not_picked":["Pummel","Clothesline"],"picked":"Inflame","floor":2},{"not_picked":["Searing Blow","Sword Boomerang"],"picked":"Pommel Strike","floor":5},{"not_picked":["Iron Wave","Pommel Strike"],"picked":"Battle Trance","floor":6},{"not_picked":["Warcry","Rampage"],"picked":"True Grit","floor":7}],"player_experience":241360,"relics_obtained":[{"floor":6,"key":"Tiny Chest"}],"event_choices":[{"damage_healed":0,"gold_gain":175,"player_choice":"AGREE","damage_taken":0,"max_hp_gain":0,"max_hp_loss":0,"event_name":"Liars Game","floor":3,"gold_loss":0,"cards_obtained":["Doubt"]},{"cards_removed":["Doubt"],"damage_healed":0,"gold_gain":0,"player_choice":"Forget","damage_taken":0,"max_hp_gain":0,"max_hp_loss":0,"event_name":"Living Wall","floor":4,"gold_loss":0}],"is_beta":false,"boss_relics":[],"items_purged_floors":[],"is_endless":false,"potions_floor_spawned":[5,6],"killed_by":"3 Sentries","ascension_level":1}