{"gold_per_floor":[116,66,80,99,99,143,166,189,189,210,210,226,246,264,264,264],"floor_reached":16,"playtime":906,"items_purged":[],"score":108,"play_id":"92f24c60-1a7f-4f4a-bb52-06ee248f1bc5","local_time":"20181026142229","is_ascension_mode":false,"campfire_choices":[{"floor":11,"key":"REST"},{"data":"Armaments","floor":15,"key":"SMITH"}],"neow_cost":"NONE","seed_source_timestamp":253435075114241,"circlet_count":0,"master_deck":["Strike_R","Strike_R","Strike_R","Strike_R","Strike_R","Defend_R","Defend_R","Defend_R","Bash","Offering","Clash","True Grit","Armaments+1","Disarm","Iron Wave","Thunderclap"],"relics":["Burning Blood","Golden Idol","Pear","Calipers"],"potions_floor_usage":[8,16,16],"damage_taken":[{"damage":7,"enemies":"Jaw Worm","floor":1,"turns":3},{"damage":1,"enemies":"2 Louse","floor":3,"turns":2},{"damage":6,"enemies":"Cultist","floor":4,"turns":2},{"damage":30,"enemies":"Gremlin Nob","floor":6,"turns":4},{"damage":27,"enemies":"Lots of Slimes","floor":7,"turns":9},{"damage":6,"enemies":"Gremlin Gang","floor":8,"turns":8},{"damage":5,"enemies":"Exordium Wildlife","floor":10,"turns":6},{"damage":0,"enemies":"2 Fungi Beasts","floor":12,"turns":4},{"damage":2,"enemies":"Blue Slaver","floor":13,"turns":4},{"damage":7,"enemies":"Looter","floor":14,"turns":2},{"damage":62,"enemies":"Slime Boss","floor":16,"turns":14}],"seed_played":"8859904122915975123","potions_obtained":[{"floor":7,"key":"FearPotion"},{"floor":8,"key":"Energy Potion"},{"floor":12,"key":"FearPotion"},{"floor":14,"key":"FearPotion"}],"is_trial":false,"path_per_floor":["M","?","M","M","?","E","M","M","T","M","R","M","M","M","R"],"character_chosen":"IRONCLAD","items_purchased":[],"campfire_rested":1,"item_purchase_floors":[],"current_hp_per_floor":[79,79,80,80,60,46,25,25,25,26,53,59,63,62,62,0],"gold":264,"neow_bonus":"ONE_RANDOM_RARE_CARD","is_prod":false,"is_daily":false,"chose_seed":false,"campfire_upgraded":1,"win_rate":0,"timestamp":1540588949,"path_taken":["M","?","M","M","?","E","M","?","T","?","R","M","M","?","R","BOSS"],"build_version":"2018-10-25v2","purchased_purges":0,"victory":false,"max_hp_per_floor":[80,80,80,80,80,90,90,90,90,90,90,90,90,90,90,90],"card_choices":[{"not_picked":["Havoc","True Grit"],"picked":"Clash","floor":1},{"not_picked":["Sever Soul","Armaments"],"picked":"True Grit","floor":3},{"not_picked":["Wild Strike","Heavy Blade"],"picked":"Armaments","floor":4},{"not_picked":["Blood for Blood","Berserk"],"picked":"Disarm","floor":6},{"not_picked":["Corruption","Sword Boomerang"],"picked":"Iron Wave","floor":7},{"not_picked":["Dual Wield","Pommel Strike","Burning Pact"],"picked":"SKIP","floor":8},{"not_picked":["Headbutt","Ghostly Armor"],"picked":"Thunderclap","floor":10},{"not_picked":["Rupture","Flex","Pommel Strike"],"picked":"SKIP","floor":12},{"not_picked":["Fire Breathing","Havoc","Blood for Blood"],"picked":"SKIP","floor":13},{"not_picked":["Wild Strike","Berserk","Blood for Blood"],"picked":"SKIP","floor":14}],"player_experience":318123,"relics_obtained":[{"floor":6,"key":"Pear"},{"floor":9,"key":"Calipers"}],"event_choices":[{"cards_removed":["Defend_R"],"damage_healed":0,"gold_gain":0,"player_choice":"Card Removal","damage_taken":0,"max_hp_gain":0,"max_hp_loss":0,"event_name":"The Cleric","floor":2,"gold_loss":50},{"damage_healed":0,"gold_gain":0,"player_choice":"Take Damage","damage_taken":20,"relics_obtained":["Golden Idol"],"max_hp_gain":0,"max_hp_loss":0,"event_name":"Golden Idol","floor":5,"gold_loss":0}],"is_beta":false,"boss_relics":[],"items_purged_floors":[],"is_endless":false,"potions_floor_spawned":[7,8,12,14],"killed_by":"Slime Boss","ascension_level":0}