{"gold_per_floor":[111,111,129,141,156,156,173,16,16,30,30,56,56,67,67,67],"floor_reached":16,"playtime":711,"items_purged":[],"score":125,"play_id":"35f28033-e608-4a05-8219-9b59168ff490","local_time":"20190327215046","is_ascension_mode":true,"campfire_choices":[{"data":"Limit Break","floor":6,"key":"SMITH"},{"data":"Double Tap","floor":15,"key":"SMITH"}],"neow_cost":"PERCENT_DAMAGE","seed_source_timestamp":1128678485525063,"circlet_count":0,"master_deck":["Strike_R","Strike_R","Strike_R","Strike_R","Strike_R","Defend_R","Defend_R","Defend_R","Defend_R","Bash","Limit Break+1","Shrug It Off","Spot Weakness","Dual Wield","Whirlwind","Headbutt","Pommel Strike","Double Tap+1","Heavy Blade"],"relics":["Burning Blood","Bag of Marbles","Bottled Lightning","Juzu Bracelet","Magic Flower"],"potions_floor_usage":[5,7,14,16],"damage_taken":[{"damage":6,"enemies":"Jaw Worm","floor":1,"turns":5},{"damage":6,"enemies":"Cultist","floor":3,"turns":3},{"damage":10,"enemies":"Small Slimes","floor":4,"turns":3},{"damage":9,"enemies":"3 Louse","floor":5,"turns":3},{"damage":7,"enemies":"Gremlin Gang","floor":7,"turns":3},{"damage":0,"enemies":"Lots of Slimes","floor":10,"turns":1},{"damage":20,"enemies":"3 Sentries","floor":12,"turns":3},{"damage":0,"enemies":"2 Fungi Beasts","floor":14,"turns":2},{"damage":51,"enemies":"Hexaghost","floor":16,"turns":9}],"seed_played":"-4522465953088962328","potions_obtained":[{"floor":1,"key":"Block Potion"},{"floor":3,"key":"SkillPotion"},{"floor":7,"key":"EssenceOfSteel"},{"floor":12,"key":"Explosive Potion"}],"is_trial":false,"path_per_floor":["M","?","M","M","M","R","M","$","T","M","$","E","?","M","R","B"],"character_chosen":"IRONCLAD","items_purchased":["Bag of Marbles"],"campfire_rested":0,"item_purchase_floors":[8],"current_hp_per_floor":[56,56,56,52,49,49,48,48,48,54,54,40,40,49,49,0],"gold":67,"neow_bonus":"THREE_RARE_CARDS","is_prod":false,"is_daily":false,"chose_seed":false,"campfire_upgraded":2,"win_rate":0,"timestamp":1553691046,"path_taken":["M","?","M","M","M","R","M","$","T","M","$","E","?","M","R","BOSS"],"build_version":"2019-01-23","purchased_purges":0,"victory":false,"max_hp_per_floor":[80,80,80,80,80,80,80,80,80,80,80,80,80,80,80,80],"card_choices":[{"not_picked":["Bludgeon","Brutality"],"picked":"Limit Break","floor":0},{"not_picked":["Rage","Shockwave"],"picked":"Shrug It Off","floor":1},{"not_picked":["Rupture","Warcry"],"picked":"Spot Weakness","floor":3},{"not_picked":["Havoc","Clothesline"],"picked":"Dual Wield","floor":4},{"not_picked":["Searing Blow","Perfected Strike"],"picked":"Whirlwind","floor":5},{"not_picked":["Whirlwind","Clothesline"],"picked":"Headbutt","floor":7},{"not_picked":["Perfected Strike","Whirlwind"],"picked":"Pommel Strike","floor":10},{"not_picked":["Burning Pact","Headbutt"],"picked":"Double Tap","floor":12},{"not_picked":["Wild Strike","Power Through"],"picked":"Heavy Blade","floor":14}],"player_experience":178346,"relics_obtained":[{"floor":9,"key":"Bottled Lightning"},{"floor":12,"key":"Juzu Bracelet"},{"floor":13,"key":"Magic Flower"}],"event_choices":[{"damage_healed":0,"gold_gain":0,"player_choice":"Bought 0 Potions","damage_taken":0,"max_hp_gain":0,"max_hp_loss":0,"event_name":"The Woman in Blue","floor":2,"gold_loss":0},{"damage_healed":0,"gold_gain":0,"player_choice":"Relic","damage_taken":0,"max_hp_gain":0,"max_hp_loss":0,"event_name":"Wheel of Change","floor":13,"gold_loss":0}],"is_beta":false,"boss_relics":[],"items_purged_floors":[],"is_endless":false,"potions_floor_spawned":[1,3,7,12],"killed_by":"Hexaghost","ascension_level":4}