{"gold_per_floor":[135,3,39,39,73,127,127,127,127,187,187,226,318,371,371,467,467,500,445,463,232,270,270,8,8,33,65,103,103,103,136,136,136],"floor_reached":33,"playtime":1407,"items_purged":[],"score":479,"play_id":"f1ce884b-e44f-4602-a501-3d99b8a9ea48","local_time":"20190202184126","is_ascension_mode":true,"campfire_choices":[{"floor":8,"key":"REST"},{"floor":11,"key":"REST"},{"data":"Neutralize","floor":15,"key":"SMITH"},{"data":"Mayhem","floor":23,"key":"SMITH"},{"floor":25,"key":"REST"},{"floor":30,"key":"REST"},{"floor":32,"key":"REST"}],"neow_cost":"TEN_PERCENT_HP_LOSS","seed_source_timestamp":620133837821849,"circlet_count":0,"master_deck":["AscendersBane","Defend_G","Defend_G","Defend_G","Defend_G","Defend_G","Strike_G","Strike_G","Strike_G","Strike_G","Strike_G","Survivor","Neutralize+1","HandOfGreed","Dramatic Entrance","Terror","Noxious Fumes","Backstab","Well Laid Plans","PiercingWail","Crippling Poison","Tools of the Trade","Glass Knife","Deadly Poison","Mayhem+1","PiercingWail","Blur","Well Laid Plans","Distraction+1","Crippling Poison"],"relics":["Ring of the Snake","Pocketwatch","Pantograph","FossilizedHelix","Sozu","Tiny Chest","Regal Pillow","Juzu Bracelet","Kunai"],"potions_floor_usage":[6,27,28],"damage_taken":[{"damage":0,"enemies":"Cultist","floor":1,"turns":2},{"damage":0,"enemies":"Small Slimes","floor":3,"turns":2},{"damage":0,"enemies":"Jaw Worm","floor":5,"turns":2},{"damage":37,"enemies":"Lagavulin","floor":6,"turns":6},{"damage":9,"enemies":"3 Louse","floor":10,"turns":4},{"damage":0,"enemies":"Blue Slaver","floor":12,"turns":1},{"damage":15,"enemies":"3 Sentries","floor":13,"turns":7},{"damage":2,"enemies":"Gremlin Gang","floor":14,"turns":4},{"damage":1,"enemies":"Hexaghost","floor":16,"turns":10},{"damage":8,"enemies":"Shell Parasite","floor":18,"turns":7},{"damage":0,"enemies":"Chosen","floor":20,"turns":5},{"damage":16,"enemies":"Snake Plant","floor":22,"turns":5},{"damage":16,"enemies":"3 Cultists","floor":27,"turns":6},{"damage":28,"enemies":"Cultist and Chosen","floor":28,"turns":6},{"damage":12,"enemies":"Snake Plant","floor":31,"turns":6},{"damage":63,"enemies":"Collector","floor":33,"turns":8}],"seed_played":"409963527483839097","potions_obtained":[{"floor":3,"key":"SteroidPotion"},{"floor":6,"key":"EntropicBrew"},{"floor":10,"key":"SteroidPotion"}],"is_trial":false,"path_per_floor":["M","$","M","$","M","E","?","R","T","M","R","M","E","M","R","B",null,"M","?","M","$","M","R","$","R","T","M","M","T","R","M","R","B"],"character_chosen":"THE_SILENT","items_purchased":["Noxious Fumes","Backstab","Mayhem","PiercingWail","Blur","Regal Pillow"],"campfire_rested":5,"item_purchase_floors":[2,2,21,21,24,24],"current_hp_per_floor":[59,59,59,59,59,22,4,22,22,13,31,31,16,14,14,38,55,47,47,47,47,31,31,31,60,60,44,16,16,49,37,60,0],"gold":136,"neow_bonus":"RANDOM_COLORLESS_2","is_prod":false,"is_daily":false,"chose_seed":false,"campfire_upgraded":2,"win_rate":0,"timestamp":1549132886,"path_taken":["M","$","?","$","M","E","?","R","T","M","R","M","E","M","R","BOSS","M","?","M","$","M","R","$","R","T","M","M","?","R","M","R","BOSS"],"build_version":"2019-01-23","purchased_purges":0,"victory":false,"max_hp_per_floor":[60,60,60,60,60,60,60,60,60,60,60,60,60,60,60,60,60,60,60,60,60,60,60,60,60,60,60,60,60,60,60,60,60],"card_choices":[{"not_picked":["Sucker Punch","Concentrate"],"picked":"Terror","floor":1},{"not_picked":["Bane","Cloak And Dagger","Flechettes"],"picked":"SKIP","floor":3},{"not_picked":["Expertise","Riddle With Holes","Quick Slash"],"picked":"SKIP","floor":5},{"not_picked":["Underhanded Strike","Infinite Blades"],"picked":"Well Laid Plans","floor":6},{"not_picked":["Cloak And Dagger","Sucker Punch"],"picked":"PiercingWail","floor":10},{"not_picked":["Accuracy","Acrobatics","Slice"],"picked":"SKIP","floor":12},{"not_picked":["Flechettes","Well Laid Plans"],"picked":"Crippling Poison","floor":13},{"not_picked":["Dagger Throw","Cloak And Dagger"],"picked":"Tools of the Trade","floor":14},{"not_picked":["Phantasmal Killer","Adrenaline"],"picked":"Glass Knife","floor":16},{"not_picked":["Sucker Punch","Escape Plan","Underhanded Strike"],"picked":"SKIP","floor":18},{"not_picked":["Acrobatics","Calculated Gamble"],"picked":"Deadly Poison","floor":20},{"not_picked":["Poisoned Stab+1","Masterful Stab","Caltrops"],"picked":"SKIP","floor":22},{"not_picked":["Flying Knee","Poisoned Stab"],"picked":"Well Laid Plans","floor":27},{"not_picked":["Slice","Blade Dance"],"picked":"Distraction+1","floor":28},{"not_picked":["Caltrops+1","Distraction"],"picked":"Crippling Poison","floor":31}],"player_experience":195907,"relics_obtained":[{"floor":6,"key":"Pocketwatch"},{"floor":9,"key":"Pantograph"},{"floor":13,"key":"FossilizedHelix"},{"floor":26,"key":"Juzu Bracelet"},{"floor":29,"key":"Kunai"}],"event_choices":[{"damage_healed":0,"gold_gain":0,"player_choice":"Fled","damage_taken":18,"max_hp_gain":0,"max_hp_loss":0,"event_name":"Scrap Ooze","floor":7,"gold_loss":0},{"damage_healed":0,"gold_gain":0,"player_choice":"Obtained Relic","damage_taken":0,"relics_obtained":["Tiny Chest"],"max_hp_gain":0,"max_hp_loss":0,"event_name":"Addict","floor":19,"gold_loss":85}],"is_beta":false,"boss_relics":[{"not_picked":["Ring of the Serpent","Fusion Hammer"],"picked":"Sozu"}],"items_purged_floors":[],"is_endless":false,"potions_floor_spawned":[3,6,10,16,18,20,31],"killed_by":"Collector","ascension_level":17}