{"gold_per_floor":[114,124,144,162,181,210,210,245,545,545,75,75],"floor_reached":12,"playtime":481,"items_purged":["Strike_B"],"score":149,"play_id":"aedd5428-0bd4-41b6-a052-6b694fb4c3ab","local_time":"20190427113531","is_ascension_mode":true,"campfire_choices":[{"data":"Go for the Eyes","floor":7,"key":"SMITH"}],"neow_cost":"NONE","seed_source_timestamp":1210896063514839,"circlet_count":0,"master_deck":["AscendersBane","Strike_B","Strike_B","Strike_B","Defend_B","Defend_B","Defend_B","Defend_B","Zap","Dualcast","Conserve Battery","Go for the Eyes+1","Loop","Undo","Cold Snap","Ball Lightning","Self Repair","Self Repair","Defragment","Melter"],"relics":["Cracked Core","NeowsBlessing","Strawberry","The Courier","Old Coin","Matryoshka","Shuriken"],"potions_floor_usage":[6],"damage_taken":[{"damage":0,"enemies":"Cultist","floor":1,"turns":1},{"damage":0,"enemies":"2 Louse","floor":2,"turns":1},{"damage":0,"enemies":"Jaw Worm","floor":3,"turns":1},{"damage":7,"enemies":"2 Fungi Beasts","floor":4,"turns":4},{"damage":16,"enemies":"Gremlin Gang","floor":5,"turns":7},{"damage":13,"enemies":"Lagavulin","floor":6,"turns":6},{"damage":35,"enemies":"3 Sentries","floor":8,"turns":11},{"damage":10,"enemies":"The Mushroom Lair","floor":12,"turns":2}],"seed_played":"-9049103776972196068","potions_obtained":[{"floor":2,"key":"FearPotion"},{"floor":3,"key":"Dexterity Potion"}],"is_trial":false,"path_per_floor":["M","M","M","M","M","E","R","E","T","T","$","?"],"character_chosen":"DEFECT","items_purchased":["Self Repair","Self Repair","Defragment","Shuriken","Melter"],"campfire_rested":0,"item_purchase_floors":[11,11,11,11,11],"current_hp_per_floor":[68,68,68,61,45,39,39,4,4,4,4,0],"gold":75,"neow_bonus":"THREE_ENEMY_KILL","is_prod":false,"is_daily":false,"chose_seed":false,"campfire_upgraded":1,"win_rate":0,"timestamp":1556390131,"path_taken":["M","M","M","M","M","E","R","E","T","?","$","?"],"build_version":"2019-01-23","purchased_purges":1,"victory":false,"max_hp_per_floor":[75,75,75,75,75,82,82,82,82,82,82,82],"card_choices":[{"not_picked":["Stack","Beam Cell"],"picked":"Conserve Battery","floor":1},{"not_picked":["Rebound","Redo"],"picked":"Go for the Eyes","floor":2},{"not_picked":["Turbo","Skim"],"picked":"Loop","floor":3},{"not_picked":["Lockon","Turbo"],"picked":"Undo","floor":4},{"not_picked":["Capacitor","Darkness"],"picked":"Cold Snap","floor":5},{"not_picked":["Fusion","Turbo","Storm"],"picked":"SKIP","floor":6},{"not_picked":["Meteor Strike","Fusion"],"picked":"Ball Lightning","floor":8}],"player_experience":328150,"relics_obtained":[{"floor":6,"key":"Strawberry"},{"floor":8,"key":"The Courier"},{"floor":9,"key":"Old Coin"},{"floor":10,"key":"Matryoshka"}],"event_choices":[{"damage_healed":0,"gold_gain":0,"player_choice":"Fought Mushrooms","damage_taken":0,"max_hp_gain":0,"max_hp_loss":0,"event_name":"Mushrooms","floor":12,"gold_loss":0}],"is_beta":false,"boss_relics":[],"items_purged_floors":[11],"is_endless":false,"potions_floor_spawned":[2,3],"killed_by":"The Mushroom Lair","ascension_level":13}