{"gold_per_floor":[114,129,204,85,99,134,134,161,161,180,180,180,193,193,193,294,294,313,20,35,35,55,90,100,100,100,125,155,167,194,219,231,340,352,374,405,417,448,476,518,541,553,565,124,141,153,4,36,36,36],"floor_reached":51,"playtime":3111,"items_purged":["Strike_R","Strike_R"],"score":813,"play_id":"d7446526-d654-4722-92c5-2049b8e00945","local_time":"20180809201419","is_ascension_mode":false,"campfire_choices":[{"data":"Bash","floor":7,"key":"SMITH"},{"data":"Rampage","floor":12,"key":"SMITH"},{"data":"Uppercut","floor":15,"key":"SMITH"},{"floor":25,"key":"REST"},{"floor":29,"key":"REST"},{"floor":32,"key":"REST"},{"floor":42,"key":"REST"},{"floor":49,"key":"REST"}],"neow_cost":"","seed_source_timestamp":114789201110831,"circlet_count":0,"master_deck":["Strike_R","Strike_R","Defend_R","Defend_R","Defend_R","Defend_R","Bash+1","True Grit","Uppercut+1","Battle Trance","Inflame","Pommel Strike","Flame Barrier","Thunderclap","Rampage+1","Headbutt","Inflame","Barricade","Entrench","Shrug It Off","Fire Breathing","Reaper","Pummel","Whirlwind+1","Iron Wave","Armaments+1","Body Slam","Berserk","Headbutt+1","Disarm","Clothesline+1","Juggernaut","Inflame+1","Shockwave","Warcry","Shockwave+1","Burning Pact+1","Shrug It Off","Armaments+1","True Grit"],"relics":["Burning Blood","Strawberry","Pantograph","Letter Opener","Mark of Pain","Mummified Hand","Bronze Scales","Happy Flower","MawBank","Fusion Hammer","Potion Belt","Bottled Flame","Pen Nib","Dream Catcher"],"potions_floor_usage":[5,6,10,10,16,22,22,27,28,33,35,48,50,50,50,50],"damage_taken":[{"damage":6,"enemies":"Small Slimes","floor":1,"turns":3},{"damage":4,"enemies":"2 Louse","floor":2,"turns":4},{"damage":1,"enemies":"Cultist","floor":5,"turns":3},{"damage":6,"enemies":"Gremlin Nob","floor":6,"turns":3},{"damage":28,"enemies":"3 Sentries","floor":8,"turns":11},{"damage":7,"enemies":"Gremlin Gang","floor":10,"turns":5},{"damage":5,"enemies":"2 Fungi Beasts","floor":13,"turns":3},{"damage":29,"enemies":"The Guardian","floor":16,"turns":9},{"damage":10,"enemies":"Chosen","floor":18,"turns":3},{"damage":0,"enemies":"3 Byrds","floor":20,"turns":6},{"damage":5,"enemies":"Snake Plant","floor":22,"turns":5},{"damage":62,"enemies":"Gremlin Leader","floor":23,"turns":9},{"damage":9,"enemies":"Snecko","floor":24,"turns":6},{"damage":28,"enemies":"Book of Stabbing","floor":27,"turns":7},{"damage":20,"enemies":"3 Cultists","floor":28,"turns":4},{"damage":16,"enemies":"Snake Plant","floor":30,"turns":2},{"damage":28,"enemies":"Snecko","floor":31,"turns":5},{"damage":17,"enemies":"Champ","floor":33,"turns":17},{"damage":11,"enemies":"3 Darklings","floor":35,"turns":7},{"damage":7,"enemies":"3 Shapes","floor":36,"turns":7},{"damage":23,"enemies":"Sphere and 2 Shapes","floor":38,"turns":15},{"damage":18,"enemies":"Spire Growth","floor":39,"turns":5},{"damage":17,"enemies":"2 Orb Walkers","floor":40,"turns":2},{"damage":28,"enemies":"Flame Bruiser 2 Orb","floor":41,"turns":7},{"damage":0,"enemies":"3 Darklings","floor":45,"turns":2},{"damage":29,"enemies":"Spire Growth","floor":46,"turns":3},{"damage":20,"enemies":"Nemesis","floor":48,"turns":7},{"damage":59,"enemies":"Awakened One","floor":50,"turns":15}],"seed_played":"-1171651452855410229","potions_obtained":[{"floor":2,"key":"EntropicBrew"},{"floor":8,"key":"GamblersBrew"},{"floor":10,"key":"Weak Potion"},{"floor":13,"key":"PowerPotion"},{"floor":18,"key":"SkillPotion"},{"floor":24,"key":"Swift Potion"},{"floor":31,"key":"Strength Potion"},{"floor":33,"key":"Fruit Juice"},{"floor":41,"key":"Poison Potion"},{"floor":45,"key":"Swift Potion"},{"floor":46,"key":"Ancient Potion"}],"is_trial":false,"path_per_floor":["M","M","?","$","M","E","R","E","T","M","?","R","M","?","R","B",null,"M","$","M","?","M","E","M","R","T","E","M","R","M","M","R","B",null,"M","M","?","M","M","E","M","R","T","$","M","M","$","E","R","B"],"character_chosen":"IRONCLAD","items_purchased":["Battle Trance","Inflame","Armaments","Mummified Hand","LiquidBronze","SkillPotion","Shockwave","Pen Nib","Warcry","Shrug It Off"],"campfire_rested":5,"item_purchase_floors":[4,4,19,19,44,44,44,44,44,47],"current_hp_per_floor":[80,80,69,69,74,81,81,59,59,58,63,63,64,64,64,66,92,88,88,92,92,92,36,33,60,60,38,38,65,55,33,60,74,92,97,96,96,97,97,86,77,97,97,97,97,74,74,72,97,59],"gold":36,"neow_bonus":"","is_prod":false,"is_daily":false,"chose_seed":false,"campfire_upgraded":3,"win_rate":0.0,"timestamp":1533870859,"path_taken":["M","M","?","$","M","E","R","E","T","M","?","R","M","?","R","BOSS","M","$","M","?","M","E","M","R","T","E","?","R","M","M","R","BOSS","M","M","?","?","M","E","M","R","T","$","M","?","$","E","R","BOSS"],"build_version":"2018-08-09","purchased_purges":2,"victory":true,"max_hp_per_floor":[80,80,80,80,80,87,87,87,87,87,92,92,92,92,92,92,92,92,92,92,92,92,92,92,92,92,92,92,92,92,92,92,92,92,97,97,97,97,97,97,97,97,97,97,97,97,97,97,97,97],"card_choices":[{"not_picked":["Warcry","Fire Breathing"],"picked":"True Grit","floor":1},{"not_picked":["Flex","Fire Breathing"],"picked":"Uppercut","floor":2},{"not_picked":["True Grit","Warcry"],"picked":"Pommel Strike","floor":5},{"not_picked":["Shockwave","Reaper"],"picked":"Flame Barrier","floor":6},{"not_picked":["Searing Blow","Pommel Strike"],"picked":"Thunderclap","floor":8},{"not_picked":["True Grit","Body Slam"],"picked":"Rampage","floor":10},{"not_picked":["Armaments","Searing Blow"],"picked":"Headbutt","floor":13},{"not_picked":["Demon Form","Dark Embrace"],"picked":"Barricade","floor":16},{"not_picked":["Twin Strike","Body Slam"],"picked":"Entrench","floor":18},{"not_picked":["Burning Pact","Iron Wave"],"picked":"Shrug It Off","floor":20},{"not_picked":["Shrug It Off","Blood for Blood+1"],"picked":"Fire Breathing","floor":22},{"not_picked":["Combust+1","Uppercut"],"picked":"Reaper","floor":23},{"not_picked":["Anger+1","Clothesline"],"picked":"Pummel","floor":24},{"not_picked":["Pummel+1","Anger"],"picked":"Whirlwind+1","floor":27},{"not_picked":["Clash","Twin Strike"],"picked":"Iron Wave","floor":28},{"not_picked":["Twin Strike","Dual Wield+1"],"picked":"Armaments+1","floor":30},{"not_picked":["Perfected Strike","Thunderclap"],"picked":"Body Slam","floor":31},{"not_picked":["Fiend Fire","Feed"],"picked":"Berserk","floor":33},{"not_picked":["Sword Boomerang","Pommel Strike+1","Perfected Strike"],"picked":"SKIP","floor":35},{"not_picked":["Warcry","True Grit+1"],"picked":"Headbutt+1","floor":36},{"not_picked":["Rupture+1","Armaments+1"],"picked":"Disarm","floor":38},{"not_picked":["Armaments","Twin Strike+1"],"picked":"Clothesline+1","floor":39},{"not_picked":["Intimidate","Armaments"],"picked":"Juggernaut","floor":40},{"not_picked":["Cleave+1","Armaments+1"],"picked":"Inflame+1","floor":41},{"not_picked":["Rage+1","Iron Wave"],"picked":"Shockwave+1","floor":45},{"not_picked":["Clothesline+1","Corruption+1"],"picked":"Burning Pact+1","floor":46},{"not_picked":["Power Through+1","Cleave+1"],"picked":"Armaments+1","floor":48},{"not_picked":["Sword Boomerang+1","Battle Trance"],"picked":"True Grit","floor":49}],"player_experience":0,"relics_obtained":[{"floor":6,"key":"Strawberry"},{"floor":8,"key":"Pantograph"},{"floor":9,"key":"Letter Opener"},{"floor":23,"key":"Bronze Scales"},{"floor":26,"key":"Happy Flower"},{"floor":27,"key":"MawBank"},{"floor":40,"key":"Potion Belt"},{"floor":43,"key":"Bottled Flame"},{"floor":48,"key":"Dream Catcher"}],"event_choices":[{"event_name":"World of Goop","player_choice":"Gather Gold","floor":3,"damage_taken":0},{"event_name":"Big Fish","player_choice":"Donut","floor":11,"damage_taken":0},{"event_name":"Transmorgrifier","player_choice":"Transform","floor":14,"damage_taken":0},{"event_name":"Beggar","player_choice":"Ignored","floor":21,"damage_taken":0},{"event_name":"Falling","player_choice":"Removed Skill","floor":37,"damage_taken":0}],"is_beta":false,"boss_relics":[{"not_picked":["Ectoplasm","Lizard Tail"],"picked":"Mark of Pain"},{"not_picked":["Astrolabe","Orrery"],"picked":"Fusion Hammer"}],"items_purged_floors":[44,47],"is_endless":false,"potions_floor_spawned":[2,8,10,13,18,20,24,31,33,41,45,46],"ascension_level":0}