{"gold_per_floor":[109,124,124,124,145,145,188,213,261,294,307,307],"floor_reached":12,"playtime":534,"items_purged":[],"score":95,"play_id":"d9f85807-77c2-4de2-9c95-a6eb85f34444","local_time":"20180810200634","is_ascension_mode":true,"campfire_choices":[{"data":"Neutralize","floor":6,"key":"SMITH"}],"neow_cost":"NONE","seed_source_timestamp":203324071280028,"circlet_count":0,"master_deck":["Defend_G","Defend_G+1","Defend_G","Defend_G","Defend_G","Strike_G","Strike_G","Strike_G","Strike_G","Survivor","Neutralize+1","Dash","Flying Knee","Terror+1","Slice","Escape Plan"],"relics":["Ring of the Snake","Golden Idol","Ornamental Fan","War Paint","Happy Flower"],"potions_floor_usage":[7,8,12],"damage_taken":[{"damage":6,"enemies":"Jaw Worm","floor":1,"turns":8},{"damage":0,"enemies":"Cultist","floor":2,"turns":3},{"damage":1,"enemies":"2 Louse","floor":5,"turns":3},{"damage":3,"enemies":"Lagavulin","floor":7,"turns":6},{"damage":12,"enemies":"Exordium Wildlife","floor":8,"turns":3},{"damage":23,"enemies":"3 Sentries","floor":10,"turns":11},{"damage":1,"enemies":"2 Fungi Beasts","floor":11,"turns":3},{"damage":9,"enemies":"Lagavulin","floor":12,"turns":3}],"seed_played":"-1913821690289847094","potions_obtained":[{"floor":2,"key":"Strength Potion"},{"floor":7,"key":"AttackPotion"},{"floor":8,"key":"Ancient Potion"},{"floor":11,"key":"Strength Potion"}],"is_trial":false,"path_per_floor":["M","M","?","?","M","R","E","M","T","E","M"],"character_chosen":"THE_SILENT","items_purchased":[],"campfire_rested":0,"item_purchase_floors":[],"current_hp_per_floor":[71,71,64,45,44,44,41,29,29,6,5,0],"gold":307,"neow_bonus":"TEN_PERCENT_HP_BONUS","is_prod":false,"is_daily":false,"chose_seed":false,"campfire_upgraded":1,"win_rate":0,"timestamp":1533956794,"path_taken":["M","M","?","?","M","R","E","M","T","E","M","E"],"build_version":"2018-08-09","purchased_purges":0,"victory":false,"max_hp_per_floor":[77,77,77,77,77,77,77,77,77,77,77,77],"card_choices":[{"not_picked":["Dagger Spray","Acrobatics"],"picked":"Dash","floor":1},{"not_picked":["Sucker Punch","Backflip"],"picked":"Flying Knee","floor":2},{"not_picked":["Predator","Escape Plan"],"picked":"Terror","floor":5},{"not_picked":["Flying Knee","Distraction"],"picked":"Slice","floor":7},{"not_picked":["Catalyst","Finisher","Blade Dance"],"picked":"SKIP","floor":8},{"not_picked":["Dagger Throw","Flying Knee"],"picked":"Escape Plan","floor":10},{"not_picked":["Expertise","Deadly Poison","Outmaneuver"],"picked":"SKIP","floor":11}],"player_experience":17053,"relics_obtained":[{"floor":7,"key":"Ornamental Fan"},{"floor":9,"key":"War Paint"},{"floor":10,"key":"Happy Flower"}],"event_choices":[{"event_name":"Golden Wing","player_choice":"Card Removal","floor":3,"damage_taken":0},{"event_name":"Golden Idol","player_choice":"Take Damage","floor":4,"damage_taken":0}],"is_beta":false,"boss_relics":[],"items_purged_floors":[],"is_endless":false,"potions_floor_spawned":[2,7,8,11],"killed_by":"Lagavulin","ascension_level":1}