{"gold_per_floor":[117,67,81,81,91,91,101,101,127,127,155,80,148,176,176,275,275,291,390,305,305,316,316,331,331,331,331,356,356,374,230,230,330,330,345,358,119,119,139,139,154,166,191,222,222,242,242,261,261,261],"floor_reached":51,"playtime":1914,"items_purged":["Zap","Dualcast"],"score":1132,"play_id":"11582669-333f-4a62-9b4c-a9aa1b250be4","local_time":"20190114175353","is_ascension_mode":true,"campfire_choices":[{"data":"Creative AI","floor":6,"key":"SMITH"},{"data":"Hyperbeam","floor":8,"key":"SMITH"},{"data":"Biased Cognition","floor":10,"key":"SMITH"},{"data":"Storm","floor":15,"key":"SMITH"},{"data":"Storm","floor":23,"key":"SMITH"},{"data":"Ghostly","floor":27,"key":"SMITH"},{"floor":29,"key":"REST"},{"data":"Ghostly","floor":32,"key":"SMITH"},{"data":"Ghostly","floor":40,"key":"SMITH"},{"data":"Ghostly","floor":45,"key":"SMITH"},{"data":"Ghostly","floor":47,"key":"SMITH"},{"data":"Chill","floor":49,"key":"SMITH"}],"neow_cost":"NONE","seed_source_timestamp":769212705395754,"circlet_count":0,"master_deck":["Creative AI+1","Storm+1","Glacier","Cold Snap+1","Hyperbeam+1","Force Field","Biased Cognition+1","Hologram","Conserve Battery","Leap","Storm+1","Core Surge","Ghostly+1","Ghostly+1","Ghostly+1","Ghostly+1","Ghostly+1","Self Repair","Hologram","Electrodynamics","Coolheaded+1","Defragment","Chill+1","Leap+1","Glacier","Reinforced Body+1"],"relics":["Pandora\u0027s Box","Orichalcum","Whetstone","Pantograph","Smiling Mask","Inserter","Singing Bowl","Molten Egg 2","Torii","Philosopher\u0027s Stone","Meat on the Bone","Blood Vial","Lantern"],"potions_floor_usage":[7,11,22,28,28,30,50,50,50,50],"damage_taken":[{"damage":0,"enemies":"Small Slimes","floor":1,"turns":2},{"damage":4,"enemies":"Jaw Worm","floor":3,"turns":5},{"damage":0,"enemies":"2 Louse","floor":5,"turns":1},{"damage":8,"enemies":"Looter","floor":7,"turns":3},{"damage":11,"enemies":"Gremlin Nob","floor":11,"turns":4},{"damage":0,"enemies":"Lagavulin","floor":14,"turns":7},{"damage":0,"enemies":"The Guardian","floor":16,"turns":7},{"damage":3,"enemies":"Chosen","floor":18,"turns":6},{"damage":15,"enemies":"3 Byrds","floor":22,"turns":3},{"damage":22,"enemies":"Snake Plant","floor":24,"turns":4},{"damage":25,"enemies":"Slavers","floor":28,"turns":6},{"damage":1,"enemies":"Cultist and Chosen","floor":30,"turns":6},{"damage":24,"enemies":"Champ","floor":33,"turns":14},{"damage":0,"enemies":"Orb Walker","floor":35,"turns":5},{"damage":0,"enemies":"3 Shapes","floor":36,"turns":3},{"damage":0,"enemies":"Jaw Worm Horde","floor":39,"turns":2},{"damage":1,"enemies":"Maw","floor":41,"turns":7},{"damage":0,"enemies":"3 Darklings","floor":42,"turns":4},{"damage":0,"enemies":"Nemesis","floor":44,"turns":7},{"damage":0,"enemies":"4 Shapes","floor":46,"turns":2},{"damage":0,"enemies":"Sphere and 2 Shapes","floor":48,"turns":6},{"damage":10,"enemies":"Donu and Deca","floor":50,"turns":7}],"seed_played":"6553313515223273151","potions_obtained":[{"floor":3,"key":"Explosive Potion"},{"floor":5,"key":"Block Potion"},{"floor":7,"key":"Energy Potion"},{"floor":16,"key":"SneckoOil"},{"floor":22,"key":"Poison Potion"},{"floor":24,"key":"PowerPotion"},{"floor":28,"key":"SkillPotion"},{"floor":33,"key":"Strength Potion"},{"floor":36,"key":"LiquidBronze"},{"floor":38,"key":"Ancient Potion"},{"floor":46,"key":"EntropicBrew"}],"is_trial":false,"path_per_floor":["M","?","M","?","M","R","M","R","T","R","E","$","T","E","R","B",null,"M","?","?","?","M","R","M","?","T","R","E","R","M","$","R","B",null,"M","M","$","?","M","R","M","M","T","E","R","M","R","M","R","B",null],"character_chosen":"DEFECT","items_purchased":["Self Repair","Hologram","Meat on the Bone"],"campfire_rested":1,"item_purchase_floors":[31,31,37],"current_hp_per_floor":[68,68,64,69,69,69,61,61,61,61,50,50,50,50,50,75,79,76,76,76,60,47,47,27,27,27,27,4,17,18,18,18,26,41,46,46,46,46,48,48,48,48,48,50,50,50,50,50,50,47],"gold":261,"neow_bonus":"BOSS_RELIC","is_prod":false,"is_daily":false,"chose_seed":false,"campfire_upgraded":11,"win_rate":0,"timestamp":1547488433,"path_taken":["M","?","M","?","M","R","M","R","T","R","E","$","?","E","R","BOSS","M","?","?","?","M","R","M","?","T","R","E","R","M","$","R","BOSS","M","M","$","?","M","R","M","?","T","E","R","M","R","?","R","BOSS"],"build_version":"2019-01-10","purchased_purges":2,"victory":true,"max_hp_per_floor":[75,75,75,80,80,80,80,80,80,80,80,80,80,80,80,80,80,80,80,80,80,82,82,84,42,42,42,44,44,46,46,46,46,46,46,46,46,46,48,48,48,48,48,50,50,50,50,50,50,50],"card_choices":[{"not_picked":["Compile Driver","Go for the Eyes"],"picked":"Hologram","floor":1},{"not_picked":["Aggregate","Sweeping Beam","Stack"],"picked":"SKIP","floor":3},{"not_picked":["Hyperbeam","Coolheaded"],"picked":"Conserve Battery","floor":5},{"not_picked":["Gash","Beam Cell","Redo"],"picked":"SKIP","floor":7},{"not_picked":["Double Energy","Static Discharge"],"picked":"Leap","floor":11},{"not_picked":["Recycle","Ball Lightning"],"picked":"Storm","floor":14},{"not_picked":["Multi-Cast","Reboot"],"picked":"Core Surge","floor":16},{"not_picked":["Turbo+1","Rebound+1","Genetic Algorithm"],"picked":"SKIP","floor":18},{"not_picked":["Hologram","Stack","Streamline"],"picked":"Singing Bowl","floor":22},{"not_picked":["Loop","Sweeping Beam","Gash"],"picked":"Singing Bowl","floor":24},{"not_picked":["Rebound+1","Capacitor","Go for the Eyes+1"],"picked":"Singing Bowl","floor":28},{"not_picked":["Go for the Eyes+1","Fusion+1","Stack+1"],"picked":"Singing Bowl","floor":30},{"not_picked":["Seek","Machine Learning"],"picked":"Electrodynamics","floor":33},{"not_picked":["Capacitor+1","Chaos"],"picked":"Coolheaded+1","floor":35},{"not_picked":["Heatsinks","Redo"],"picked":"Defragment","floor":36},{"not_picked":["Gash+1","Beam Cell+1","Static Discharge"],"picked":"Singing Bowl","floor":39},{"not_picked":["Rebound+1","Beam Cell+1"],"picked":"Chill","floor":41},{"not_picked":["Hello World","Coolheaded+1"],"picked":"Leap+1","floor":42},{"not_picked":["Loop+1","Lockon+1","Compile Driver+1"],"picked":"Singing Bowl","floor":44},{"not_picked":["Turbo+1","Tempest"],"picked":"Glacier","floor":46},{"not_picked":["Streamline+1","Fusion"],"picked":"Reinforced Body+1","floor":48}],"player_experience":87670,"relics_obtained":[{"floor":9,"key":"Orichalcum"},{"floor":11,"key":"Whetstone"},{"floor":13,"key":"Pantograph"},{"floor":14,"key":"Smiling Mask"},{"floor":26,"key":"Molten Egg 2"},{"floor":28,"key":"Torii"},{"floor":43,"key":"Blood Vial"},{"floor":44,"key":"Lantern"}],"event_choices":[{"cards_removed":["Creative AI"],"damage_healed":0,"gold_gain":0,"player_choice":"Card Removal","damage_taken":0,"max_hp_gain":0,"max_hp_loss":0,"event_name":"The Cleric","floor":2,"gold_loss":50},{"damage_healed":0,"gold_gain":0,"player_choice":"Donut","damage_taken":0,"max_hp_gain":5,"max_hp_loss":0,"event_name":"Big Fish","floor":4,"gold_loss":0},{"damage_healed":0,"gold_gain":99,"player_choice":"Stole From Cult","damage_taken":0,"max_hp_gain":0,"max_hp_loss":0,"event_name":"Nest","floor":19,"gold_loss":0},{"damage_healed":0,"gold_gain":0,"player_choice":"Obtained Relic","damage_taken":0,"relics_obtained":["Singing Bowl"],"max_hp_gain":0,"max_hp_loss":0,"event_name":"Addict","floor":20,"gold_loss":85},{"damage_healed":0,"gold_gain":0,"player_choice":"Obtained Book","damage_taken":16,"max_hp_gain":0,"max_hp_loss":0,"event_name":"Cursed Tome","floor":21,"gold_loss":0},{"damage_healed":0,"gold_gain":0,"player_choice":"Became a Ghost","damage_taken":0,"max_hp_gain":0,"max_hp_loss":42,"event_name":"Ghosts","floor":25,"gold_loss":0,"cards_obtained":["Ghostly","Ghostly","Ghostly","Ghostly","Ghostly"]},{"damage_healed":0,"gold_gain":0,"player_choice":"Got Potions","damage_taken":0,"max_hp_gain":0,"max_hp_loss":0,"event_name":"Lab","floor":38,"gold_loss":0}],"is_beta":false,"boss_relics":[{"not_picked":["Fusion Hammer","Ectoplasm"],"picked":"Inserter"},{"not_picked":["Runic Pyramid","Empty Cage"],"picked":"Philosopher\u0027s Stone"}],"items_purged_floors":[12,31],"is_endless":false,"potions_floor_spawned":[3,5,7,16,22,24,28,33,36,44,46,48],"ascension_level":8}