{"gold_per_floor":[115,115,133,150,165,225,245,245,245,277,277],"floor_reached":11,"playtime":342,"items_purged":[],"score":94,"play_id":"f4e6db52-2026-4907-b367-e1958d5dcb33","local_time":"20190401190034","is_ascension_mode":true,"campfire_choices":[{"floor":8,"key":"REST"}],"neow_cost":"NONE","seed_source_timestamp":1197595391863580,"circlet_count":0,"master_deck":["Strike_B","Strike_B","Strike_B","Strike_B","Defend_B","Defend_B","Defend_B","Defend_B","Zap","Dualcast","Leap","Self Repair","Good Instincts","Lockon","Aggregate","Streamline","Darkness","Consume","Reinforced Body+1"],"relics":["Cracked Core","NeowsBlessing","Tiny Chest","Toxic Egg 2","Sundial"],"potions_floor_usage":[10],"damage_taken":[{"damage":0,"enemies":"2 Louse","floor":1,"turns":1},{"damage":0,"enemies":"Cultist","floor":3,"turns":1},{"damage":0,"enemies":"Jaw Worm","floor":4,"turns":1},{"damage":8,"enemies":"3 Louse","floor":5,"turns":4},{"damage":51,"enemies":"Lagavulin","floor":6,"turns":7},{"damage":9,"enemies":"Red Slaver","floor":7,"turns":3},{"damage":48,"enemies":"Gremlin Nob","floor":10,"turns":5},{"damage":0,"enemies":"Gremlin Gang","floor":11,"turns":1}],"seed_played":"1693610555289625291","potions_obtained":[{"floor":4,"key":"Ancient Potion"},{"floor":5,"key":"Strength Potion"}],"is_trial":false,"path_per_floor":["M","?","M","M","M","E","M","R","T","E","M"],"character_chosen":"DEFECT","items_purchased":[],"campfire_rested":1,"item_purchase_floors":[],"current_hp_per_floor":[75,75,75,75,74,30,28,50,50,9,9],"gold":277,"neow_bonus":"THREE_ENEMY_KILL","is_prod":false,"is_daily":false,"chose_seed":false,"campfire_upgraded":0,"win_rate":0,"timestamp":1554170434,"path_taken":["M","?","M","M","M","E","?","R","T","E","?"],"build_version":"2019-01-23","purchased_purges":0,"victory":false,"max_hp_per_floor":[75,75,75,75,75,75,75,75,75,75,75],"card_choices":[{"not_picked":["Steam Power","Scrape"],"picked":"Leap","floor":1},{"not_picked":["Stack","Conserve Battery"],"picked":"Lockon","floor":3},{"not_picked":["Leap","Turbo"],"picked":"Aggregate","floor":4},{"not_picked":["Hologram","Coolheaded"],"picked":"Streamline","floor":5},{"not_picked":["Steam","Leap"],"picked":"Darkness","floor":6},{"not_picked":["Go for the Eyes","Darkness"],"picked":"Consume","floor":7},{"not_picked":["Stack+1","Hyperbeam"],"picked":"Reinforced Body+1","floor":10}],"player_experience":387324,"relics_obtained":[{"floor":6,"key":"Tiny Chest"},{"floor":9,"key":"Toxic Egg 2"},{"floor":10,"key":"Sundial"}],"event_choices":[{"damage_healed":0,"gold_gain":0,"player_choice":"2 cards matched","damage_taken":0,"max_hp_gain":0,"max_hp_loss":0,"event_name":"Match and Keep!","floor":2,"gold_loss":0,"cards_obtained":["Self Repair","Good Instincts"]}],"is_beta":false,"boss_relics":[],"items_purged_floors":[],"is_endless":false,"potions_floor_spawned":[4,5],"killed_by":"Gremlin Gang","ascension_level":2}