{"gold_per_floor":[113,63,238,252,264,290,306,306],"floor_reached":8,"playtime":492,"items_purged":[],"score":67,"play_id":"3c5551a4-e62d-4f48-aa55-6be224dccc0b","local_time":"20190410203104","is_ascension_mode":true,"campfire_choices":[],"neow_cost":"NONE","seed_source_timestamp":94241328929432,"circlet_count":0,"master_deck":["Strike_B","Strike_B","Strike_B","Defend_B","Defend_B","Defend_B","Defend_B","Zap","Dualcast","White Noise","Doubt","Cold Snap","Capacitor","Redo"],"relics":["Cracked Core","NeowsBlessing","Strawberry"],"potions_floor_usage":[6],"damage_taken":[{"damage":0,"enemies":"Jaw Worm","floor":1,"turns":1},{"damage":0,"enemies":"Small Slimes","floor":4,"turns":1},{"damage":0,"enemies":"2 Louse","floor":5,"turns":1},{"damage":35,"enemies":"3 Sentries","floor":6,"turns":10},{"damage":24,"enemies":"2 Fungi Beasts","floor":7,"turns":4},{"damage":30,"enemies":"Exordium Thugs","floor":8,"turns":6}],"seed_played":"6326444787214298736","potions_obtained":[{"floor":1,"key":"GamblersBrew"},{"floor":4,"key":"SteroidPotion"}],"is_trial":false,"path_per_floor":["M","?","?","M","M","E","M","M"],"character_chosen":"DEFECT","items_purchased":[],"campfire_rested":0,"item_purchase_floors":[],"current_hp_per_floor":[75,75,75,75,75,47,23,0],"gold":306,"neow_bonus":"THREE_ENEMY_KILL","is_prod":false,"is_daily":false,"chose_seed":false,"campfire_upgraded":0,"win_rate":0,"timestamp":1554953464,"path_taken":["M","?","?","M","M","E","M","M"],"build_version":"2019-01-23","purchased_purges":0,"victory":false,"max_hp_per_floor":[75,75,75,75,75,82,82,82],"card_choices":[{"not_picked":["Steam Power","Barrage"],"picked":"White Noise","floor":1},{"not_picked":["Sweeping Beam","Coolheaded"],"picked":"Cold Snap","floor":4},{"not_picked":["Consume","Steam"],"picked":"Capacitor","floor":5},{"not_picked":["Fission","Force Field","Stack"],"picked":"SKIP","floor":6},{"not_picked":["Double Energy","Go for the Eyes"],"picked":"Redo","floor":7}],"player_experience":415981,"relics_obtained":[{"floor":6,"key":"Strawberry"}],"event_choices":[{"cards_removed":["Strike_B"],"damage_healed":0,"gold_gain":0,"player_choice":"Card Removal","damage_taken":0,"max_hp_gain":0,"max_hp_loss":0,"event_name":"The Cleric","floor":2,"gold_loss":50},{"damage_healed":0,"gold_gain":175,"player_choice":"AGREE","damage_taken":0,"max_hp_gain":0,"max_hp_loss":0,"event_name":"Liars Game","floor":3,"gold_loss":0,"cards_obtained":["Doubt"]}],"is_beta":false,"boss_relics":[],"items_purged_floors":[],"is_endless":false,"potions_floor_spawned":[1,4],"killed_by":"Exordium Thugs","ascension_level":3}