{"gold_per_floor":[119,69,69,89,89,116,116,144,144,172,190,205,219,219,219,219],"floor_reached":16,"playtime":1542,"items_purged":[],"score":239,"play_id":"f19bbdf0-64e6-4eea-ada6-1c6d1e6bd835","local_time":"20190503145111","is_ascension_mode":true,"campfire_choices":[{"data":"Heavy Blade","floor":7,"key":"SMITH"},{"data":"Cleave","floor":15,"key":"SMITH"}],"neow_cost":"NONE","seed_source_timestamp":311920926307400,"circlet_count":0,"master_deck":["AscendersBane","Strike_R+1","Strike_R","Strike_R+1","Strike_R","Defend_R","Defend_R","Defend_R+1","Defend_R","Bash+1","Heavy Blade+1","Shrug It Off","Power Through","Evolve","Cleave+1","Disarm+1","Pommel Strike"],"relics":["Burning Blood","NeowsBlessing","Blood Vial","Whetstone","Kunai","Ornamental Fan"],"potions_floor_usage":[8,16],"damage_taken":[{"damage":0,"enemies":"Jaw Worm","floor":1,"turns":1},{"damage":0,"enemies":"Small Slimes","floor":4,"turns":1},{"damage":0,"enemies":"Gremlin Nob","floor":6,"turns":1},{"damage":18,"enemies":"3 Sentries","floor":8,"turns":15},{"damage":44,"enemies":"Gremlin Nob","floor":10,"turns":5},{"damage":0,"enemies":"2 Louse","floor":11,"turns":2},{"damage":6,"enemies":"Exordium Thugs","floor":12,"turns":7},{"damage":5,"enemies":"2 Fungi Beasts","floor":13,"turns":4},{"damage":50,"enemies":"Hexaghost","floor":16,"turns":16}],"seed_played":"-8307370113067476290","potions_obtained":[{"floor":1,"key":"Dexterity Potion"},{"floor":4,"key":"Block Potion"},{"floor":10,"key":"Energy Potion"}],"is_trial":false,"path_per_floor":["M","?","?","M","?","E","R","E","T","E","M","M","M","?","R","B"],"character_chosen":"IRONCLAD","items_purchased":[],"campfire_rested":0,"item_purchase_floors":[],"current_hp_per_floor":[78,78,62,68,80,80,80,68,68,32,40,42,45,45,45,0],"gold":219,"neow_bonus":"THREE_ENEMY_KILL","is_prod":false,"is_daily":false,"chose_seed":false,"campfire_upgraded":2,"win_rate":0,"timestamp":1556887871,"path_taken":["M","?","?","M","?","E","R","E","T","E","M","M","M","?","R","BOSS"],"build_version":"2019-01-23","purchased_purges":0,"victory":false,"max_hp_per_floor":[80,80,80,80,80,80,80,80,80,80,80,80,80,80,80,80],"card_choices":[{"not_picked":["Flex","Burning Pact"],"picked":"Heavy Blade","floor":1},{"not_picked":["Anger","Cleave"],"picked":"Shrug It Off","floor":4},{"not_picked":["Perfected Strike","Thunderclap"],"picked":"Power Through","floor":6},{"not_picked":["Wild Strike","Armaments"],"picked":"Evolve","floor":8},{"not_picked":["Thunderclap","Flex"],"picked":"Cleave","floor":10},{"not_picked":["Clothesline","Bloodletting"],"picked":"Disarm","floor":11},{"not_picked":["Second Wind","Warcry","Entrench"],"picked":"SKIP","floor":12},{"not_picked":["Armaments","Carnage"],"picked":"Pommel Strike","floor":13}],"player_experience":1025013,"relics_obtained":[{"floor":6,"key":"Blood Vial"},{"floor":8,"key":"Whetstone"},{"floor":9,"key":"Kunai"},{"floor":10,"key":"Ornamental Fan"}],"event_choices":[{"cards_removed":["Strike_R"],"damage_healed":0,"gold_gain":0,"player_choice":"Card Removal","damage_taken":0,"max_hp_gain":0,"max_hp_loss":0,"event_name":"The Cleric","floor":2,"gold_loss":50},{"damage_healed":0,"gold_gain":0,"player_choice":"Entered Light","damage_taken":16,"max_hp_gain":0,"max_hp_loss":0,"event_name":"Shining Light","floor":3,"gold_loss":0,"cards_upgraded":["Defend_R","Bash"]},{"damage_healed":26,"gold_gain":0,"player_choice":"Banana","damage_taken":0,"max_hp_gain":0,"max_hp_loss":0,"event_name":"Big Fish","floor":5,"gold_loss":0},{"damage_healed":0,"gold_gain":0,"player_choice":"Grow","damage_taken":0,"max_hp_gain":0,"max_hp_loss":0,"event_name":"Living Wall","floor":14,"gold_loss":0,"cards_upgraded":["Disarm"]}],"is_beta":false,"boss_relics":[],"items_purged_floors":[],"is_endless":false,"potions_floor_spawned":[1,4,10,13],"killed_by":"Hexaghost","ascension_level":13}