{"gold_per_floor":[216,13,26,41,57,57,84,100,127,127],"floor_reached":10,"playtime":565,"items_purged":[],"score":126,"play_id":"e85f3d53-36e3-45a0-b059-8a321f64b368","local_time":"20190419105044","is_ascension_mode":true,"campfire_choices":[{"data":"Flame Barrier","floor":6,"key":"SMITH"}],"neow_cost":"NONE","seed_source_timestamp":39287437303803,"circlet_count":0,"master_deck":["AscendersBane","Strike_R","Strike_R","Strike_R","Strike_R","Strike_R","Defend_R","Defend_R","Defend_R","Defend_R","Bash","Sword Boomerang","Armaments","Headbutt","Dark Shackles","Rampage","Flame Barrier+1","Sever Soul","Searing Blow","Havoc"],"relics":["Burning Blood","Lantern","Oddly Smooth Stone"],"potions_floor_usage":[7],"damage_taken":[{"damage":7,"enemies":"Small Slimes","floor":1,"turns":5},{"damage":1,"enemies":"Cultist","floor":3,"turns":4},{"damage":2,"enemies":"Jaw Worm","floor":4,"turns":5},{"damage":9,"enemies":"Exordium Wildlife","floor":5,"turns":6},{"damage":41,"enemies":"Lagavulin","floor":7,"turns":9},{"damage":12,"enemies":"2 Fungi Beasts","floor":8,"turns":4},{"damage":48,"enemies":"Gremlin Nob","floor":10,"turns":4}],"seed_played":"8058777949981155033","potions_obtained":[{"floor":5,"key":"BloodPotion"},{"floor":8,"key":"Dexterity Potion"}],"is_trial":false,"path_per_floor":["M","$","M","M","M","R","E","M","T","E"],"character_chosen":"IRONCLAD","items_purchased":["Armaments","Headbutt","Dark Shackles"],"campfire_rested":0,"item_purchase_floors":[2,2,2],"current_hp_per_floor":[67,67,72,75,72,72,44,38,38,0],"gold":127,"neow_bonus":"HUNDRED_GOLD","is_prod":false,"is_daily":false,"chose_seed":false,"campfire_upgraded":1,"win_rate":0,"timestamp":1555696244,"path_taken":["M","$","M","M","M","R","E","M","T","E"],"build_version":"2019-01-23","purchased_purges":0,"victory":false,"max_hp_per_floor":[75,75,75,75,75,75,75,75,75,75],"card_choices":[{"not_picked":["Havoc","Clash"],"picked":"Sword Boomerang","floor":1},{"not_picked":["Anger","Headbutt"],"picked":"Rampage","floor":3},{"not_picked":["Armaments","Power Through"],"picked":"Flame Barrier","floor":4},{"not_picked":["Evolve","Havoc"],"picked":"Sever Soul","floor":5},{"not_picked":["Sword Boomerang","Offering"],"picked":"Searing Blow","floor":7},{"not_picked":["Headbutt","Thunderclap"],"picked":"Havoc","floor":8}],"player_experience":462497,"relics_obtained":[{"floor":7,"key":"Lantern"},{"floor":9,"key":"Oddly Smooth Stone"}],"event_choices":[],"is_beta":false,"boss_relics":[],"items_purged_floors":[],"is_endless":false,"potions_floor_spawned":[5,8],"killed_by":"Gremlin Nob","ascension_level":16}