{"gold_per_floor":[114,289,91,108,183,183,258,290,360,376,389,406,406,421,421,516,516,532,632,632,645,662,662,679,679,732,732,757,775,320,338,338,440,440,458,5,23,37,57,57],"floor_reached":40,"playtime":2190,"items_purged":["Doubt","Strike_B","Strike_B"],"score":588,"play_id":"aea4b5e9-11d2-49be-954e-7bf50cadbd9d","local_time":"20190421005911","is_ascension_mode":true,"campfire_choices":[{"data":"Redo","floor":6.0,"key":"SMITH"},{"data":"Blizzard","floor":13.0,"key":"SMITH"},{"data":"Zap","floor":15.0,"key":"SMITH"},{"floor":23.0,"key":"REST"},{"floor":25.0,"key":"REST"},{"data":"Blizzard","floor":27.0,"key":"SMITH"},{"floor":32.0,"key":"REST"}],"neow_cost":"NONE","seed_source_timestamp":659282475340738,"circlet_count":0,"master_deck":["Strike_B","Strike_B","Defend_B","Defend_B","Defend_B","Defend_B","Zap+1","Dualcast","Consume","Glacier","Ball Lightning","Redo+1","Glacier","Leap","Blizzard+1","Chill","Cold Snap","Core Surge","Blizzard+1","Coolheaded+1","Redo+1","Cold Snap","Barrage+1","Ball Lightning+1","Undo","Flash of Steel","All For One","Stack","Go for the Eyes+1","Conserve Battery+1"],"special_seed":0,"relics":["FrozenCore","NeowsBlessing","Nunchaku","Sundial","Torii","Bottled Lightning","Art of War","Anchor","Singing Bowl","Lizard Tail","Gambling Chip"],"potions_floor_usage":[40],"damage_taken":[{"damage":0.0,"enemies":"Small Slimes","floor":1.0,"turns":1.0},{"damage":0.0,"enemies":"2 Louse","floor":4.0,"turns":1.0},{"damage":0.0,"enemies":"3 Sentries","floor":8.0,"turns":1.0},{"damage":1.0,"enemies":"Cultist","floor":10.0,"turns":3.0},{"damage":0.0,"enemies":"Looter","floor":11.0,"turns":4.0},{"damage":3.0,"enemies":"Red Slaver","floor":12.0,"turns":3.0},{"damage":2.0,"enemies":"Exordium Thugs","floor":14.0,"turns":5.0},{"damage":3.0,"enemies":"Slime Boss","floor":16.0,"turns":10.0},{"damage":12.0,"enemies":"Shell Parasite","floor":18.0,"turns":4.0},{"damage":12.0,"enemies":"Colosseum Slavers","floor":19.0,"turns":7.0},{"damage":47.0,"enemies":"Colosseum Nobs","floor":19.0,"turns":8.0},{"damage":18.0,"enemies":"Chosen","floor":21.0,"turns":6.0},{"damage":1.0,"enemies":"Centurion and Healer","floor":22.0,"turns":7.0},{"damage":2.0,"enemies":"Chosen and Byrds","floor":24.0,"turns":8.0},{"damage":1.0,"enemies":"Snake Plant","floor":29.0,"turns":6.0},{"damage":0.0,"enemies":"Sentry and Sphere","floor":31.0,"turns":5.0},{"damage":49.0,"enemies":"Collector","floor":33.0,"turns":10.0},{"damage":24.0,"enemies":"3 Darklings","floor":35.0,"turns":5.0},{"damage":0.0,"enemies":"3 Shapes","floor":37.0,"turns":6.0},{"damage":9.0,"enemies":"Spire Growth","floor":38.0,"turns":7.0},{"damage":36.0,"enemies":"Maw","floor":39.0,"turns":13.0},{"damage":60,"enemies":"Reptomancer","floor":40,"turns":11}],"seed_played":"-4522538831828116175","potions_obtained":[{"floor":1.0,"key":"Regen Potion"},{"floor":10.0,"key":"SteroidPotion"},{"floor":12.0,"key":"Swift Potion"},{"floor":16.0,"key":"FairyPotion"},{"floor":24.0,"key":"Weak Potion"},{"floor":33.0,"key":"Ancient Potion"},{"floor":37.0,"key":"Weak Potion"},{"floor":39.0,"key":"PowerPotion"}],"is_trial":false,"path_per_floor":["M","?","$","M","?","R","?","E","T","M","M","M","R","M","R","B",null,"M","?","?","M","M","R","M","R","T","R","T","M","$","M","R","B",null,"M","$","M","M","M","E"],"character_chosen":"DEFECT","items_purchased":["Glacier","Ball Lightning","Singing Bowl","Flash of Steel","Stack","Gambling Chip"],"campfire_rested":3,"item_purchase_floors":[3,3,30,30,36,36],"current_hp_per_floor":[68,68,68,68,57,57,50,50,50,49,49,46,46,44,44,41,67,55,11,11,6,5,27,25,47,47,47,47,46,46,48,71,22,63,41,41,41,32,41,0],"gold":57,"neow_bonus":"THREE_ENEMY_KILL","is_prod":false,"is_daily":false,"chose_seed":false,"campfire_upgraded":4,"win_rate":0,"timestamp":1555775951,"path_taken":["M","?","$","M","?","R","?","E","T","M","M","M","R","M","R","BOSS","M","?","?","M","?","R","M","R","T","R","?","M","$","M","R","BOSS","M","?","M","M","M","E"],"build_version":"2019-01-23","purchased_purges":3,"victory":false,"max_hp_per_floor":[75,75,75,75,75,75,75,75,75,75,75,75,75,75,75,75,75,75,75,75,75,75,75,75,75,75,75,75,75,75,77,77,77,77,79,79,79,79,81,81],"card_choices":[{"not_picked":["Double Energy","Stack"],"picked":"Consume","floor":1.0},{"not_picked":["White Noise","Go for the Eyes"],"picked":"Redo","floor":4.0},{"not_picked":["Auto Shields","Hologram"],"picked":"Glacier","floor":8.0},{"not_picked":["Steam Power","Steam"],"picked":"Leap","floor":10.0},{"not_picked":["Coolheaded","Turbo"],"picked":"Blizzard","floor":11.0},{"not_picked":["Skim","Reinforced Body"],"picked":"Chill","floor":12.0},{"not_picked":["Conserve Battery","Rebound"],"picked":"Cold Snap","floor":14.0},{"not_picked":["Buffer","Hyperbeam"],"picked":"Core Surge","floor":16.0},{"not_picked":["Conserve Battery","Rip and Tear"],"picked":"Blizzard","floor":18.0},{"not_picked":["Darkness","Gash"],"picked":"Coolheaded+1","floor":19.0},{"not_picked":["Beam Cell","Doom and Gloom"],"picked":"Cold Snap","floor":21.0},{"not_picked":["Rebound+1","Go for the Eyes"],"picked":"Barrage+1","floor":22.0},{"not_picked":["Gash+1","Sweeping Beam"],"picked":"Ball Lightning+1","floor":24.0},{"not_picked":["Heatsinks","Tempest"],"picked":"Undo","floor":29.0},{"not_picked":["Scrape","Hello World","Stack"],"picked":"Singing Bowl","floor":31.0},{"not_picked":["Buffer","Core Surge"],"picked":"All For One","floor":33.0},{"not_picked":["Beam Cell","Heatsinks","Leap+1"],"picked":"Singing Bowl","floor":35.0},{"not_picked":["Heatsinks+1","Streamline+1"],"picked":"Go for the Eyes+1","floor":37.0},{"not_picked":["Rebound+1","Go for the Eyes"],"picked":"Conserve Battery+1","floor":38.0},{"not_picked":["Compile Driver+1","Redo+1","Stack"],"picked":"Singing Bowl","floor":39.0}],"player_experience":381520,"relics_obtained":[{"floor":8.0,"key":"Nunchaku"},{"floor":9.0,"key":"Sundial"},{"floor":19.0,"key":"Torii"},{"floor":19.0,"key":"Bottled Lightning"},{"floor":26.0,"key":"Art of War"},{"floor":28.0,"key":"Anchor"}],"event_choices":[{"damage_healed":0.0,"max_hp_gain":0.0,"max_hp_loss":0.0,"gold_gain":175.0,"event_name":"Liars Game","player_choice":"AGREE","floor":2.0,"gold_loss":0.0,"damage_taken":0.0,"cards_obtained":["Doubt"]},{"damage_healed":0.0,"max_hp_gain":0.0,"max_hp_loss":0.0,"gold_gain":75.0,"event_name":"World of Goop","player_choice":"Gather Gold","floor":5.0,"gold_loss":0.0,"damage_taken":11.0},{"damage_healed":0.0,"max_hp_gain":0.0,"max_hp_loss":0.0,"gold_gain":75.0,"event_name":"FaceTrader","player_choice":"Touch","floor":7.0,"gold_loss":0.0,"damage_taken":7.0},{"damage_healed":0.0,"max_hp_gain":0.0,"max_hp_loss":0.0,"gold_gain":0.0,"event_name":"Colosseum","player_choice":"Fight","floor":19.0,"gold_loss":0.0,"damage_taken":0.0},{"damage_healed":0.0,"max_hp_gain":0.0,"max_hp_loss":0.0,"gold_gain":0.0,"event_name":"Colosseum","player_choice":"Fought Nobs","floor":19.0,"gold_loss":0.0,"damage_taken":0.0},{"damage_healed":0.0,"max_hp_gain":0.0,"max_hp_loss":0.0,"gold_gain":0.0,"event_name":"Duplicator","player_choice":"Copied","floor":20.0,"gold_loss":0.0,"damage_taken":0.0,"cards_obtained":["Redo"]}],"is_beta":false,"boss_relics":[{"not_picked":["Empty Cage","Runic Pyramid"],"picked":"FrozenCore"},{"not_picked":["Busted Crown","Pandora\u0027s Box"],"picked":"Lizard Tail"}],"items_purged_floors":[3,30,36],"is_endless":false,"potions_floor_spawned":[1,10,12,16,19,24,33,37,39],"killed_by":"Reptomancer","ascension_level":7}