{"gold_per_floor":[19,39,93,109,120,149,67,82,82,157,227,227,242,342,342,472,472,497,511,259,259,220,220],"floor_reached":23,"playtime":1152,"items_purged":[],"score":227,"play_id":"228ae966-318e-4ea9-a992-11eae81d1096","local_time":"20190403205502","is_ascension_mode":true,"campfire_choices":[{"data":"Apotheosis","floor":15,"key":"SMITH"}],"neow_cost":"NO_GOLD","seed_source_timestamp":1992377349180591,"circlet_count":0,"master_deck":["Strike_B","Strike_B","Strike_B","Strike_B","Defend_B","Defend_B","Defend_B","Defend_B","Zap","Dualcast","Apotheosis+1","Forethought","Coolheaded","Go for the Eyes","Core Surge","Loop","Panacea","Cold Snap","Electrodynamics","Chill","Capacitor","Genetic Algorithm","Consume"],"relics":["Cracked Core","Boot","Blood Vial","Du-Vu Doll","Golden Idol","Sozu","Art of War","Ginger"],"potions_floor_usage":[5,5,6],"damage_taken":[{"damage":0,"enemies":"Cultist","floor":1,"turns":3},{"damage":4,"enemies":"Small Slimes","floor":2,"turns":3},{"damage":6,"enemies":"2 Louse","floor":4,"turns":2},{"damage":0,"enemies":"Lots of Slimes","floor":5,"turns":4},{"damage":0,"enemies":"Lagavulin","floor":6,"turns":4},{"damage":0,"enemies":"2 Fungi Beasts","floor":8,"turns":4},{"damage":7,"enemies":"Blue Slaver","floor":13,"turns":3},{"damage":14,"enemies":"Slime Boss","floor":16,"turns":10},{"damage":7,"enemies":"3 Byrds","floor":18,"turns":3},{"damage":27,"enemies":"2 Thieves","floor":19,"turns":4},{"damage":46,"enemies":"Gremlin Leader","floor":23,"turns":3}],"seed_played":"-1643137830620967371","potions_obtained":[{"floor":1,"key":"Block Potion"},{"floor":2,"key":"Fire Potion"},{"floor":5,"key":"PowerPotion"},{"floor":16,"key":"Strength Potion"}],"is_trial":false,"path_per_floor":["M","M","T","M","M","E","$","M","T","?","?","?","M","?","R","B",null,"M","M","$","T","$","E"],"character_chosen":"DEFECT","items_purchased":["Panacea","Capacitor","Genetic Algorithm","Art of War","Consume"],"campfire_rested":0,"item_purchase_floors":[7,20,20,20,22],"current_hp_per_floor":[75,71,71,65,65,65,65,67,67,56,56,38,33,33,33,21,75,68,43,43,43,43,0],"gold":220,"neow_bonus":"RANDOM_COLORLESS_2","is_prod":false,"is_daily":false,"chose_seed":false,"campfire_upgraded":1,"win_rate":0,"timestamp":1554321302,"path_taken":["M","M","?","M","M","E","$","M","T","?","?","?","M","?","R","BOSS","M","M","$","?","$","E"],"build_version":"2019-01-23","purchased_purges":0,"victory":false,"max_hp_per_floor":[75,75,75,75,75,75,75,75,75,75,75,75,75,75,75,75,75,75,75,75,75,75,75],"card_choices":[{"not_picked":["Recycle","Conserve Battery","Force Field"],"picked":"SKIP","floor":1},{"not_picked":["Turbo","Barrage"],"picked":"Coolheaded","floor":2},{"not_picked":["Sweeping Beam","Turbo"],"picked":"Go for the Eyes","floor":4},{"not_picked":["Consume","Steam Power"],"picked":"Core Surge","floor":5},{"not_picked":["Rebound","Barrage"],"picked":"Loop","floor":6},{"not_picked":["Gash","Stack"],"picked":"Cold Snap","floor":8},{"not_picked":["Conserve Battery","Compile Driver","Barrage"],"picked":"SKIP","floor":13},{"not_picked":["Amplify","Core Surge"],"picked":"Electrodynamics","floor":16},{"not_picked":["Stack","Sunder+1","Ball Lightning+1"],"picked":"SKIP","floor":18},{"not_picked":["Auto Shields","Steam Power"],"picked":"Chill","floor":19}],"player_experience":1701170,"relics_obtained":[{"floor":3,"key":"Boot"},{"floor":6,"key":"Blood Vial"},{"floor":9,"key":"Du-Vu Doll"},{"floor":21,"key":"Ginger"}],"event_choices":[{"damage_healed":0,"gold_gain":75,"player_choice":"Gather Gold","damage_taken":11,"max_hp_gain":0,"max_hp_loss":0,"event_name":"World of Goop","floor":10,"gold_loss":0},{"damage_healed":0,"gold_gain":70,"player_choice":"Gained Gold","damage_taken":0,"max_hp_gain":0,"max_hp_loss":0,"event_name":"Golden Wing","floor":11,"gold_loss":0},{"damage_healed":0,"gold_gain":0,"player_choice":"Take Damage","damage_taken":18,"relics_obtained":["Golden Idol"],"max_hp_gain":0,"max_hp_loss":0,"event_name":"Golden Idol","floor":12,"gold_loss":0},{"damage_healed":0,"gold_gain":100,"player_choice":"Gold","damage_taken":0,"max_hp_gain":0,"max_hp_loss":0,"event_name":"Wheel of Change","floor":14,"gold_loss":0}],"is_beta":false,"boss_relics":[{"not_picked":["Lizard Tail","Coffee Dripper"],"picked":"Sozu"}],"items_purged_floors":[],"is_endless":false,"potions_floor_spawned":[1,2,5,16],"killed_by":"Gremlin Leader","ascension_level":1}