{"gold_per_floor":[115,40,0,16,16,51,51,86,149,177,221,233,255,287,299,390,402,431,443],"floor_reached":19,"playtime":771,"items_purged":["Strike_R"],"score":346,"play_id":"fcfe15dc-a220-4f06-b4d1-dab1f29f21ab","local_time":"20190429162251","is_ascension_mode":true,"campfire_choices":[{"data":"Havoc","floor":7,"key":"SMITH"},{"floor":12,"key":"REST"},{"floor":15,"key":"REST"}],"neow_cost":"NONE","seed_source_timestamp":146865879285306,"circlet_count":0,"master_deck":["AscendersBane","Strike_R","Strike_R","Strike_R","Strike_R","Defend_R+1","Defend_R","Defend_R","Defend_R+1","Bash","Dark Embrace","Rampage","Havoc+1","Demon Form","Wild Strike","Headbutt","Metallicize","Havoc","Armaments","Immolate","Havoc"],"relics":["Burning Blood","War Paint","Bottled Lightning","MawBank","PreservedInsect","Ginger","Sozu"],"potions_floor_usage":[13,16],"damage_taken":[{"damage":11,"enemies":"Jaw Worm","floor":1,"turns":4},{"damage":12,"enemies":"Cultist","floor":4,"turns":4},{"damage":34,"enemies":"Gremlin Nob","floor":6,"turns":4},{"damage":4,"enemies":"Lagavulin","floor":8,"turns":5},{"damage":1,"enemies":"Small Slimes","floor":10,"turns":5},{"damage":27,"enemies":"3 Sentries","floor":11,"turns":6},{"damage":21,"enemies":"Exordium Thugs","floor":13,"turns":4},{"damage":0,"enemies":"Large Slime","floor":14,"turns":5},{"damage":44,"enemies":"Slime Boss","floor":16,"turns":9},{"damage":55,"enemies":"Chosen","floor":18,"turns":6},{"damage":16,"enemies":"Shell Parasite","floor":19,"turns":1}],"seed_played":"8642798172518007979","potions_obtained":[{"floor":1,"key":"SkillPotion"},{"floor":11,"key":"FearPotion"},{"floor":14,"key":"Regen Potion"}],"is_trial":false,"path_per_floor":["M","$","?","M","?","E","R","E","T","M","E","R","M","M","R","B",null,"M","M"],"character_chosen":"IRONCLAD","items_purchased":[],"campfire_rested":2,"item_purchase_floors":[],"current_hp_per_floor":[63,63,63,57,57,29,29,31,31,36,15,37,22,28,50,27,63,14,0],"gold":443,"neow_bonus":"ONE_RANDOM_RARE_CARD","is_prod":false,"is_daily":false,"chose_seed":false,"campfire_upgraded":1,"win_rate":0,"timestamp":1556580171,"path_taken":["M","$","?","M","?","E","R","E","T","M","E","R","?","M","R","BOSS","M","M"],"build_version":"2019-01-23","purchased_purges":1,"victory":false,"max_hp_per_floor":[75,75,75,75,75,75,75,75,75,75,75,75,75,75,75,75,75,75,75],"card_choices":[{"not_picked":["Intimidate","Clash"],"picked":"Rampage","floor":1},{"not_picked":["Iron Wave","Searing Blow"],"picked":"Havoc","floor":4},{"not_picked":["Anger","Twin Strike"],"picked":"Demon Form","floor":6},{"not_picked":["Clash","Sentinel"],"picked":"Wild Strike","floor":8},{"not_picked":["Rupture","Second Wind"],"picked":"Headbutt","floor":10},{"not_picked":["Hemokinesis","Flex"],"picked":"Metallicize","floor":11},{"not_picked":["Warcry","Dual Wield"],"picked":"Havoc","floor":13},{"not_picked":["Sword Boomerang","Wild Strike"],"picked":"Armaments","floor":14},{"not_picked":["Bludgeon","Juggernaut"],"picked":"Immolate","floor":16},{"not_picked":["Bloodletting+1","Armaments"],"picked":"Havoc","floor":18}],"player_experience":507461,"relics_obtained":[{"floor":6,"key":"Bottled Lightning"},{"floor":8,"key":"MawBank"},{"floor":9,"key":"PreservedInsect"},{"floor":11,"key":"Ginger"}],"event_choices":[{"damage_healed":0,"gold_gain":0,"player_choice":"Left Gold","damage_taken":0,"max_hp_gain":0,"max_hp_loss":0,"event_name":"World of Goop","floor":3,"gold_loss":40},{"damage_healed":0,"gold_gain":0,"player_choice":"Gave Potion","damage_taken":0,"relics_obtained":["War Paint"],"max_hp_gain":0,"max_hp_loss":0,"event_name":"WeMeetAgain","floor":5,"gold_loss":0}],"is_beta":false,"boss_relics":[{"not_picked":["Ectoplasm","Philosopher\u0027s Stone"],"picked":"Sozu"}],"items_purged_floors":[2],"is_endless":false,"potions_floor_spawned":[1,11,14],"killed_by":"Shell Parasite","ascension_level":17}