{"gold_per_floor":[109,124,140,156,173,173,191,204,204,234,247,280,280,311,311,410,410,420,439,97,97,97,97],"floor_reached":23,"playtime":959,"items_purged":["Strike_G"],"score":312,"play_id":"52aa0d45-5f8a-444d-a920-afe51bc5b960","local_time":"20190331173210","is_ascension_mode":true,"campfire_choices":[{"data":"Neutralize","floor":6,"key":"SMITH"},{"data":"Bouncing Flask","floor":15,"key":"SMITH"}],"neow_cost":"NONE","seed_source_timestamp":78054841984914,"circlet_count":0,"master_deck":["Defend_G","Defend_G","Defend_G","Defend_G","Defend_G","Strike_G","Strike_G","Strike_G","Strike_G","Survivor","Neutralize+1","Poisoned Stab","PiercingWail","Quick Slash","Deadly Poison","Dash","Backstab","Bouncing Flask+1","Poisoned Stab","Endless Agony","Flying Knee","Well Laid Plans","Glass Knife","Dagger Spray","Caltrops"],"relics":["Ring of the Snake","Anchor","Ornamental Fan","Matryoshka","Juzu Bracelet","Ginger","Runic Pyramid","PrismaticShard","Dodecahedron"],"potions_floor_usage":[16],"damage_taken":[{"damage":2,"enemies":"Cultist","floor":1,"turns":5},{"damage":7,"enemies":"Small Slimes","floor":2,"turns":3},{"damage":0,"enemies":"Jaw Worm","floor":3,"turns":4},{"damage":0,"enemies":"2 Fungi Beasts","floor":4,"turns":4},{"damage":5,"enemies":"Exordium Thugs","floor":5,"turns":4},{"damage":4,"enemies":"Blue Slaver","floor":7,"turns":3},{"damage":1,"enemies":"Exordium Wildlife","floor":8,"turns":3},{"damage":12,"enemies":"Lagavulin","floor":10,"turns":5},{"damage":0,"enemies":"2 Fungi Beasts","floor":11,"turns":3},{"damage":0,"enemies":"Gremlin Nob","floor":12,"turns":4},{"damage":29,"enemies":"Lagavulin","floor":14,"turns":5},{"damage":9,"enemies":"Slime Boss","floor":16,"turns":8},{"damage":0,"enemies":"Chosen","floor":18,"turns":4},{"damage":13,"enemies":"3 Byrds","floor":19,"turns":5},{"damage":56,"enemies":"Gremlin Leader","floor":23,"turns":7}],"seed_played":"6589319113263490980","potions_obtained":[{"floor":1,"key":"SpeedPotion"},{"floor":5,"key":"EssenceOfSteel"},{"floor":8,"key":"Explosive Potion"}],"is_trial":false,"path_per_floor":["M","M","M","M","M","R","M","M","T","E","M","E","?","E","R","B",null,"M","M","$","?","$","E"],"character_chosen":"THE_SILENT","items_purchased":["PrismaticShard","Caltrops"],"campfire_rested":0,"item_purchase_floors":[20,20],"current_hp_per_floor":[61,54,54,54,49,49,45,44,44,32,32,32,70,41,41,32,61,61,48,48,48,48,0],"gold":97,"neow_bonus":"RANDOM_COMMON_RELIC","is_prod":false,"is_daily":false,"chose_seed":false,"campfire_upgraded":2,"win_rate":0,"timestamp":1554078730,"path_taken":["M","M","M","?","?","R","M","M","T","E","M","E","?","E","R","BOSS","M","M","$","?","?","E"],"build_version":"2019-01-23","purchased_purges":1,"victory":false,"max_hp_per_floor":[70,70,70,70,70,70,70,70,70,70,70,70,70,70,70,70,70,70,70,70,70,70,70],"card_choices":[{"not_picked":["Choke","Deflect"],"picked":"Poisoned Stab","floor":1},{"not_picked":["Outmaneuver","Prepared"],"picked":"PiercingWail","floor":2},{"not_picked":["Concentrate","Acrobatics"],"picked":"Quick Slash","floor":3},{"not_picked":["Blade Dance","Prepared"],"picked":"Deadly Poison","floor":4},{"not_picked":["Flying Knee","Slice"],"picked":"Dash","floor":5},{"not_picked":["Masterful Stab","Expertise"],"picked":"Backstab","floor":7},{"not_picked":["Unload","Finisher"],"picked":"Bouncing Flask","floor":8},{"not_picked":["Eviscerate","Skewer"],"picked":"Poisoned Stab","floor":10},{"not_picked":["Backflip","Outmaneuver"],"picked":"Endless Agony","floor":11},{"not_picked":["Skewer","Quick Slash"],"picked":"Flying Knee","floor":12},{"not_picked":["Doppelganger","Sucker Punch"],"picked":"Well Laid Plans","floor":14},{"not_picked":["Tools of the Trade","Grand Finale"],"picked":"Glass Knife","floor":16},{"not_picked":["Prepared","Infinite Blades","Slice"],"picked":"SKIP","floor":18},{"not_picked":["Prepared","Flechettes"],"picked":"Dagger Spray","floor":19}],"player_experience":109551,"relics_obtained":[{"floor":9,"key":"Ornamental Fan"},{"floor":10,"key":"Matryoshka"},{"floor":12,"key":"Juzu Bracelet"},{"floor":14,"key":"Ginger"}],"event_choices":[{"damage_healed":38,"gold_gain":0,"player_choice":"Full Heal","damage_taken":0,"max_hp_gain":0,"max_hp_loss":0,"event_name":"Wheel of Change","floor":13,"gold_loss":0},{"damage_healed":0,"gold_gain":0,"player_choice":"Gave Potion","damage_taken":0,"relics_obtained":["Dodecahedron"],"max_hp_gain":0,"max_hp_loss":0,"event_name":"WeMeetAgain","floor":21,"gold_loss":0}],"is_beta":false,"boss_relics":[{"not_picked":["Ring of the Serpent","White Beast Statue"],"picked":"Runic Pyramid"}],"items_purged_floors":[20],"is_endless":false,"potions_floor_spawned":[1,5,8,11,12],"killed_by":"Gremlin Leader","ascension_level":6}