{"gold_per_floor":[112,112,132,92,111,137,154,154],"floor_reached":8,"playtime":371,"items_purged":[],"score":107,"play_id":"516b08f8-6709-4b7b-acdf-5353308b8f21","local_time":"20190430093259","is_ascension_mode":true,"campfire_choices":[],"neow_cost":"NONE","seed_source_timestamp":161457019754250,"circlet_count":0,"master_deck":["AscendersBane","Strike_R","Strike_R","Strike_R","Strike_R","Strike_R","Defend_R","Defend_R","Defend_R","Defend_R","Bash","Shockwave","Hemokinesis","Cleave","Armaments","Clothesline"],"relics":["Burning Blood","Question Card"],"potions_floor_usage":[8,8],"damage_taken":[{"damage":11,"enemies":"Small Slimes","floor":1,"turns":4},{"damage":16,"enemies":"Jaw Worm","floor":3,"turns":5},{"damage":9,"enemies":"Cultist","floor":5,"turns":3},{"damage":54,"enemies":"3 Sentries","floor":6,"turns":9},{"damage":3,"enemies":"2 Fungi Beasts","floor":7,"turns":4},{"damage":25,"enemies":"Lagavulin","floor":8,"turns":3}],"seed_played":"-2647581817177421104","potions_obtained":[{"floor":4,"key":"SteroidPotion"},{"floor":4,"key":"Fire Potion"}],"is_trial":false,"path_per_floor":["M","?","M","?","M","E","M","E"],"character_chosen":"IRONCLAD","items_purchased":[],"campfire_rested":0,"item_purchase_floors":[],"current_hp_per_floor":[70,75,65,65,62,14,17,0],"gold":154,"neow_bonus":"TEN_PERCENT_HP_BONUS","is_prod":false,"is_daily":false,"chose_seed":false,"campfire_upgraded":0,"win_rate":0,"timestamp":1556641979,"path_taken":["M","?","M","?","M","E","?","E"],"build_version":"2019-01-23","purchased_purges":0,"victory":false,"max_hp_per_floor":[82,87,87,87,87,87,87,87],"card_choices":[{"not_picked":["Thunderclap","Sword Boomerang"],"picked":"Shockwave","floor":1},{"not_picked":["Armaments","Seeing Red"],"picked":"Hemokinesis","floor":3},{"not_picked":["Iron Wave","Thunderclap"],"picked":"Cleave","floor":5},{"not_picked":["Sever Soul","Perfected Strike"],"picked":"Armaments","floor":6},{"not_picked":["Wild Strike","Body Slam","Clash"],"picked":"Clothesline","floor":7}],"player_experience":509458,"relics_obtained":[{"floor":6,"key":"Question Card"}],"event_choices":[{"damage_healed":0,"gold_gain":0,"player_choice":"Donut","damage_taken":0,"max_hp_gain":5,"max_hp_loss":0,"event_name":"Big Fish","floor":2,"gold_loss":0},{"damage_healed":0,"gold_gain":0,"player_choice":"Bought 3 Potions","damage_taken":0,"max_hp_gain":0,"max_hp_loss":0,"event_name":"The Woman in Blue","floor":4,"gold_loss":0}],"is_beta":false,"boss_relics":[],"items_purged_floors":[],"is_endless":false,"potions_floor_spawned":[6,7],"killed_by":"Lagavulin","ascension_level":17}