{"gold_per_floor":[364,364,380,63,76,105,105,119,119,154,154,181,181,142,142,142],"floor_reached":16,"playtime":879,"items_purged":[],"score":201,"play_id":"488a8f63-0ea6-4322-b48a-750322ecfb12","local_time":"20190323200008","is_ascension_mode":true,"campfire_choices":[{"data":"Inflame","floor":7,"key":"SMITH"},{"data":"Intimidate","floor":13,"key":"SMITH"},{"floor":15,"key":"REST"}],"neow_cost":"CURSE","seed_source_timestamp":1042470874253507,"circlet_count":0,"master_deck":["AscendersBane","Strike_R","Strike_R","Strike_R","Strike_R","Strike_R","Defend_R+1","Defend_R","Defend_R","Defend_R+1","Bash","Clothesline","Cleave","Inflame+1","Dropkick","Intimidate+1","Shrug It Off","Reaper"],"relics":["Burning Blood","Omamori","Mango","Question Card","Mummified Hand","War Paint"],"potions_floor_usage":[8,10,10,12],"damage_taken":[{"damage":8,"enemies":"2 Louse","floor":1,"turns":3},{"damage":1,"enemies":"Cultist","floor":3,"turns":4},{"damage":7,"enemies":"Jaw Worm","floor":5,"turns":3},{"damage":50,"enemies":"3 Sentries","floor":6,"turns":9},{"damage":6,"enemies":"3 Louse","floor":8,"turns":2},{"damage":14,"enemies":"Gremlin Nob","floor":10,"turns":4},{"damage":25,"enemies":"3 Sentries","floor":12,"turns":5},{"damage":58,"enemies":"Hexaghost","floor":16,"turns":11}],"seed_played":"-5870840082619486141","potions_obtained":[{"floor":1,"key":"Energy Potion"},{"floor":6,"key":"Ancient Potion"},{"floor":8,"key":"BloodPotion"},{"floor":10,"key":"SkillPotion"}],"is_trial":false,"path_per_floor":["M","?","M","$","M","E","R","M","T","E","?","E","R","?","R","B"],"character_chosen":"IRONCLAD","items_purchased":["Omamori","Cleave","Inflame","Dropkick"],"campfire_rested":1,"item_purchase_floors":[4,4,4,4],"current_hp_per_floor":[66,66,71,71,70,40,40,40,40,40,40,21,21,21,47,0],"gold":142,"neow_bonus":"TWO_FIFTY_GOLD","is_prod":false,"is_daily":false,"chose_seed":false,"campfire_upgraded":2,"win_rate":0,"timestamp":1553371208,"path_taken":["M","?","M","?","M","E","R","?","T","E","?","E","R","?","R","BOSS"],"build_version":"2019-01-23","purchased_purges":0,"victory":false,"max_hp_per_floor":[75,75,75,75,75,89,89,89,89,89,89,89,89,89,89,89],"card_choices":[{"not_picked":["Rage","Warcry","Headbutt"],"picked":"SKIP","floor":1},{"not_picked":["Anger","Warcry"],"picked":"Clothesline","floor":3},{"not_picked":["Wild Strike","Feel No Pain","Brutality"],"picked":"SKIP","floor":5},{"not_picked":["Fire Breathing","Wild Strike","Warcry"],"picked":"SKIP","floor":6},{"not_picked":["Dropkick","Clothesline"],"picked":"Intimidate","floor":8},{"not_picked":["Flame Barrier","Fire Breathing","Body Slam"],"picked":"Shrug It Off","floor":10},{"not_picked":["Feel No Pain","Offering","Pommel Strike"],"picked":"Reaper","floor":12}],"player_experience":1614765,"relics_obtained":[{"floor":6,"key":"Mango"},{"floor":9,"key":"Question Card"},{"floor":10,"key":"Mummified Hand"},{"floor":12,"key":"War Paint"}],"event_choices":[{"cards_removed":["Decay"],"damage_healed":0,"gold_gain":0,"player_choice":"Removed Curses","damage_taken":0,"max_hp_gain":0,"max_hp_loss":0,"event_name":"Fountain of Cleansing","floor":2,"gold_loss":0},{"damage_healed":0,"gold_gain":0,"player_choice":"Ignored","damage_taken":0,"max_hp_gain":0,"max_hp_loss":0,"event_name":"Shining Light","floor":11,"gold_loss":0},{"damage_healed":0,"gold_gain":0,"player_choice":"Left Gold","damage_taken":0,"max_hp_gain":0,"max_hp_loss":0,"event_name":"World of Goop","floor":14,"gold_loss":39}],"is_beta":false,"boss_relics":[],"items_purged_floors":[],"is_endless":false,"potions_floor_spawned":[1,6,8,10],"killed_by":"Hexaghost","ascension_level":14}