{"gold_per_floor":[116,116,116,126,126,156,170,195,263,263,263,263],"floor_reached":12,"playtime":224,"items_purged":[],"score":200,"play_id":"245991a0-3e10-4d1b-a9a1-ba545b7dfc13","local_time":"20190504222044","is_ascension_mode":true,"campfire_choices":[],"neow_cost":"NONE","seed_source_timestamp":426611227102300,"circlet_count":0,"master_deck":["AscendersBane","Strike_R","Strike_R+1","Strike_R","Strike_R+1","Defend_R","Defend_R","Defend_R","Defend_R","Bash","Heavy Blade","Rage","Headbutt","Havoc","Shockwave","Inflame"],"relics":["Burning Blood","NeowsBlessing","Torii","Bag of Marbles","Dodecahedron","Magic Flower"],"potions_floor_usage":[12],"damage_taken":[{"damage":0,"enemies":"Cultist","floor":1,"turns":1},{"damage":2,"enemies":"2 Louse","floor":4,"turns":2},{"damage":0,"enemies":"Lagavulin","floor":6,"turns":1},{"damage":14,"enemies":"Jaw Worm","floor":7,"turns":4},{"damage":38,"enemies":"3 Sentries","floor":8,"turns":9},{"damage":28,"enemies":"Gremlin Nob","floor":12,"turns":3}],"seed_played":"8016084774207237837","potions_obtained":[{"floor":7,"key":"Dexterity Potion"}],"is_trial":false,"path_per_floor":["M","?","$","M","?","E","M","E","T","T","?","E"],"character_chosen":"IRONCLAD","items_purchased":[],"campfire_rested":0,"item_purchase_floors":[],"current_hp_per_floor":[74,74,74,75,75,75,67,35,35,35,12,0],"gold":263,"neow_bonus":"THREE_ENEMY_KILL","is_prod":false,"is_daily":false,"chose_seed":false,"campfire_upgraded":0,"win_rate":0,"timestamp":1557001244,"path_taken":["M","?","$","M","?","E","M","E","T","?","?","E"],"build_version":"2019-01-23","purchased_purges":0,"victory":false,"max_hp_per_floor":[75,75,75,75,75,75,75,75,75,75,75,75],"card_choices":[{"not_picked":["Flex","Cleave"],"picked":"Heavy Blade","floor":1},{"not_picked":["Infernal Blade","Thunderclap"],"picked":"Headbutt","floor":4},{"not_picked":["Pommel Strike","Entrench"],"picked":"Havoc","floor":6},{"not_picked":["Clothesline","Body Slam"],"picked":"Shockwave","floor":7},{"not_picked":["Bloodletting","Feel No Pain"],"picked":"Inflame","floor":8}],"player_experience":1092103,"relics_obtained":[{"floor":6,"key":"Torii"},{"floor":8,"key":"Bag of Marbles"},{"floor":9,"key":"Dodecahedron"},{"floor":10,"key":"Magic Flower"}],"event_choices":[{"damage_healed":0,"gold_gain":0,"cards_transformed":["Strike_R"],"player_choice":"Change","damage_taken":0,"max_hp_gain":0,"max_hp_loss":0,"event_name":"Living Wall","floor":2,"gold_loss":0,"cards_obtained":["Rage"]},{"damage_healed":0,"gold_gain":0,"player_choice":"Ignored","damage_taken":0,"max_hp_gain":0,"max_hp_loss":0,"event_name":"Liars Game","floor":5,"gold_loss":0},{"damage_healed":0,"gold_gain":0,"player_choice":"Entered Light","damage_taken":23,"max_hp_gain":0,"max_hp_loss":0,"event_name":"Shining Light","floor":11,"gold_loss":0,"cards_upgraded":["Strike_R","Strike_R"]}],"is_beta":false,"boss_relics":[],"items_purged_floors":[],"is_endless":false,"potions_floor_spawned":[7],"killed_by":"Gremlin Nob","ascension_level":16}