{"gold_per_floor":[118,118,132,147,157,185,185,201,224,224,224,249,249,265,265,265],"floor_reached":16,"playtime":1180,"items_purged":[],"score":140,"play_id":"aad47c45-a59b-4753-963d-5079bad776c2","local_time":"20190412233936","is_ascension_mode":true,"campfire_choices":[{"data":"Warcry","floor":7,"key":"SMITH"},{"data":"Armaments","floor":10,"key":"SMITH"},{"data":"True Grit","floor":15,"key":"SMITH"}],"neow_cost":"TEN_PERCENT_HP_LOSS","seed_source_timestamp":540397243239120,"circlet_count":0,"master_deck":["Strike_R","Strike_R","Strike_R","Strike_R","Strike_R","Defend_R","Defend_R","Defend_R","Defend_R","Bash","Armaments+1","Body Slam","Warcry+1","Clothesline","Spot Weakness","Flex","Injury","True Grit+1"],"relics":["Burning Blood","Torii","Strawberry","Red Skull","Blood Vial","Golden Idol"],"potions_floor_usage":[5,6,6,12,16],"damage_taken":[{"damage":8,"enemies":"Jaw Worm","floor":1,"turns":5},{"damage":11,"enemies":"Small Slimes","floor":3,"turns":5},{"damage":1,"enemies":"2 Louse","floor":4,"turns":3},{"damage":1,"enemies":"Blue Slaver","floor":5,"turns":3},{"damage":24,"enemies":"Lagavulin","floor":6,"turns":7},{"damage":18,"enemies":"Exordium Thugs","floor":8,"turns":3},{"damage":0,"enemies":"Gremlin Gang","floor":12,"turns":3},{"damage":9,"enemies":"Exordium Wildlife","floor":14,"turns":5},{"damage":63,"enemies":"Slime Boss","floor":16,"turns":10}],"seed_played":"8370416513041877082","potions_obtained":[{"floor":1,"key":"Block Potion"},{"floor":4,"key":"Poison Potion"},{"floor":5,"key":"GamblersBrew"},{"floor":8,"key":"Explosive Potion"},{"floor":14,"key":"Strength Potion"}],"is_trial":false,"path_per_floor":["M","?","M","M","M","E","R","M","T","R","?","M","?","M","R","B"],"character_chosen":"IRONCLAD","items_purchased":[],"campfire_rested":0,"item_purchase_floors":[],"current_hp_per_floor":[70,65,60,65,70,52,52,40,40,40,40,48,48,47,47,0],"gold":265,"neow_bonus":"ONE_RARE_RELIC","is_prod":false,"is_daily":false,"chose_seed":false,"campfire_upgraded":3,"win_rate":0,"timestamp":1555079976,"path_taken":["M","?","M","M","M","E","R","M","T","R","?","M","?","M","R","BOSS"],"build_version":"2019-01-23","purchased_purges":0,"victory":false,"max_hp_per_floor":[72,79,79,79,79,79,79,79,79,79,79,79,79,79,79,79],"card_choices":[{"not_picked":["Infernal Blade","Thunderclap"],"picked":"Armaments","floor":1},{"not_picked":["Wild Strike","Flex"],"picked":"Body Slam","floor":3},{"not_picked":["Clash","Iron Wave"],"picked":"Warcry","floor":4},{"not_picked":["Infernal Blade","Intimidate"],"picked":"Clothesline","floor":5},{"not_picked":["Thunderclap","Flex"],"picked":"Spot Weakness","floor":6},{"not_picked":["Berserk","Thunderclap"],"picked":"Flex","floor":8},{"not_picked":["Entrench","Corruption","Thunderclap"],"picked":"SKIP","floor":12},{"not_picked":["Clothesline","Thunderclap"],"picked":"True Grit","floor":14}],"player_experience":314048,"relics_obtained":[{"floor":6,"key":"Red Skull"},{"floor":9,"key":"Blood Vial"}],"event_choices":[{"damage_healed":0,"gold_gain":0,"player_choice":"Success","damage_taken":12,"relics_obtained":["Strawberry"],"max_hp_gain":0,"max_hp_loss":0,"event_name":"Scrap Ooze","floor":2,"gold_loss":0},{"damage_healed":0,"gold_gain":0,"player_choice":"Take Wound","damage_taken":0,"relics_obtained":["Golden Idol"],"max_hp_gain":0,"max_hp_loss":0,"event_name":"Golden Idol","floor":11,"gold_loss":0,"cards_obtained":["Injury"]},{"damage_healed":0,"gold_gain":0,"player_choice":"Ignored","damage_taken":0,"max_hp_gain":0,"max_hp_loss":0,"event_name":"Liars Game","floor":13,"gold_loss":0}],"is_beta":false,"boss_relics":[],"items_purged_floors":[],"is_endless":false,"potions_floor_spawned":[1,4,5,8,14],"killed_by":"Slime Boss","ascension_level":7}