{"gold_per_floor":[118,135,147,164,164,190,200,200,200,200,210,225,225,225],"floor_reached":14,"playtime":425,"items_purged":[],"score":155,"play_id":"0160ee12-959d-47b7-ac42-f5ff6a4b51bc","local_time":"20190427230813","is_ascension_mode":true,"campfire_choices":[{"data":"Whirlwind","floor":8,"key":"SMITH"},{"data":"Perfected Strike","floor":13,"key":"SMITH"}],"neow_cost":"TEN_PERCENT_HP_LOSS","seed_source_timestamp":1557948621261400,"circlet_count":0,"master_deck":["Strike_R","Strike_R","Strike_R","Strike_R","Strike_R","Defend_R","Defend_R","Defend_R","Defend_R","Bash","Double Tap+1","Perfected Strike","Whirlwind+1","Wild Strike","Pommel Strike","Reaper","Perfected Strike+1","Uppercut"],"relics":["Burning Blood","Matryoshka","Kunai","Pen Nib"],"potions_floor_usage":[6,6],"damage_taken":[{"damage":6,"enemies":"Cultist","floor":1,"turns":3},{"damage":10,"enemies":"Small Slimes","floor":2,"turns":2},{"damage":8,"enemies":"2 Louse","floor":3,"turns":3},{"damage":17,"enemies":"Exordium Thugs","floor":4,"turns":5},{"damage":0,"enemies":"Gremlin Nob","floor":6,"turns":2},{"damage":51,"enemies":"Gremlin Gang","floor":7,"turns":4},{"damage":9,"enemies":"Red Slaver","floor":11,"turns":2},{"damage":23,"enemies":"Exordium Wildlife","floor":12,"turns":4},{"damage":20,"enemies":"3 Sentries","floor":14,"turns":3}],"seed_played":"-7799850014362156603","potions_obtained":[{"floor":1,"key":"SneckoOil"},{"floor":4,"key":"Energy Potion"},{"floor":6,"key":"GamblersBrew"}],"is_trial":false,"path_per_floor":["M","M","M","M","?","E","M","R","T","$","M","M","R","E"],"character_chosen":"IRONCLAD","items_purchased":[],"campfire_rested":0,"item_purchase_floors":[],"current_hp_per_floor":[72,68,66,55,55,61,16,16,16,16,13,12,12,0],"gold":225,"neow_bonus":"THREE_RARE_CARDS","is_prod":false,"is_daily":false,"chose_seed":false,"campfire_upgraded":2,"win_rate":0,"timestamp":1556399293,"path_taken":["M","M","M","M","?","E","?","R","T","$","M","M","R","E"],"build_version":"2019-01-23","purchased_purges":0,"victory":false,"max_hp_per_floor":[72,72,72,72,72,72,72,72,72,72,72,72,72,72],"card_choices":[{"not_picked":["Exhume","Dark Embrace"],"picked":"Double Tap","floor":0},{"not_picked":["Feel No Pain","Sword Boomerang"],"picked":"Perfected Strike","floor":1},{"not_picked":["Clash","Flex"],"picked":"Whirlwind","floor":2},{"not_picked":["Evolve","Rampage"],"picked":"Wild Strike","floor":3},{"not_picked":["Thunderclap","Heavy Blade","Flex"],"picked":"SKIP","floor":4},{"not_picked":["Sword Boomerang","Seeing Red"],"picked":"Pommel Strike","floor":6},{"not_picked":["Uppercut","Cleave"],"picked":"Reaper","floor":7},{"not_picked":["Armaments","Sentinel"],"picked":"Perfected Strike","floor":11},{"not_picked":["Sever Soul","Headbutt"],"picked":"Uppercut","floor":12}],"player_experience":811991,"relics_obtained":[{"floor":6,"key":"Matryoshka"},{"floor":9,"key":"Kunai"},{"floor":9,"key":"Pen Nib"}],"event_choices":[{"damage_healed":0,"gold_gain":0,"player_choice":"Upgraded","damage_taken":0,"max_hp_gain":0,"max_hp_loss":0,"event_name":"Upgrade Shrine","floor":5,"gold_loss":0,"cards_upgraded":["Double Tap"]}],"is_beta":false,"boss_relics":[],"items_purged_floors":[],"is_endless":false,"potions_floor_spawned":[1,4,6],"killed_by":"3 Sentries","ascension_level":6}