{"gold_per_floor":[111,286,296,296,296,296,329,329,329,357,0,19,44,63,63,160,160,179,194,293,293,218,218,237,237,237,237,237,250,277,297,297,401,401,419,436,98,109,109,134,162,192,192,218,218,234,234,250,250,250],"floor_reached":51,"playtime":5357,"items_purged":["Strike_R","Strike_R"],"score":1242,"play_id":"7cdd29da-5b67-48a7-8bd8-1f52dedc012b","local_time":"20190429193337","is_ascension_mode":true,"campfire_choices":[{"data":"Whirlwind","floor":6,"key":"SMITH"},{"data":"Bash","floor":8,"key":"SMITH"},{"data":"Disarm","floor":15,"key":"SMITH"},{"data":"Flame Barrier","floor":23,"key":"SMITH"},{"data":"Demon Form","floor":25,"key":"SMITH"},{"data":"Dual Wield","floor":32,"key":"SMITH"},{"floor":47,"key":"REST"},{"floor":49,"key":"REST"}],"neow_cost":"NONE","seed_source_timestamp":1712941230042400,"circlet_count":0,"master_deck":["AscendersBane","Strike_R","Strike_R+1","Strike_R+1","Defend_R","Defend_R+1","Defend_R+1","Defend_R","Bash+1","Whirlwind+1","Dual Wield+1","Disarm+1","Battle Trance","Demon Form+1","Clothesline+1","Seeing Red+1","Flame Barrier+1","Heavy Blade+1","Heavy Blade+1","Immolate","True Grit+1","Madness","Madness","Heavy Blade+1"],"relics":["Burning Blood","NeowsBlessing","Oddly Smooth Stone","Bird Faced Urn","Omamori","Brimstone","War Paint","Bottled Lightning","Snecko Eye","Ancient Tea Set","WarpedTongs","WingedGreaves","Sozu","Matryoshka","Blood Vial","Kunai","Potion Belt","Anchor","Peace Pipe","Frozen Egg 2"],"potions_floor_usage":[13,13,30,33,33],"damage_taken":[{"damage":0,"enemies":"Small Slimes","floor":1,"turns":1},{"damage":0,"enemies":"Jaw Worm","floor":3,"turns":1},{"damage":0,"enemies":"Lagavulin","floor":7,"turns":1},{"damage":34,"enemies":"3 Sentries","floor":10,"turns":5},{"damage":0,"enemies":"Cultist","floor":12,"turns":2},{"damage":18,"enemies":"Lagavulin","floor":13,"turns":5},{"damage":15,"enemies":"Blue Slaver","floor":14,"turns":3},{"damage":9,"enemies":"Hexaghost","floor":16,"turns":7},{"damage":7,"enemies":"Shell Parasite","floor":18,"turns":4},{"damage":0,"enemies":"Chosen","floor":19,"turns":3},{"damage":7,"enemies":"3 Cultists","floor":24,"turns":3},{"damage":12,"enemies":"Snecko","floor":29,"turns":3},{"damage":35,"enemies":"Slavers","floor":30,"turns":4},{"damage":0,"enemies":"Cultist and Chosen","floor":31,"turns":3},{"damage":37,"enemies":"Automaton","floor":33,"turns":6},{"damage":11,"enemies":"3 Shapes","floor":35,"turns":4},{"damage":0,"enemies":"3 Darklings","floor":36,"turns":1},{"damage":0,"enemies":"Transient","floor":38,"turns":5},{"damage":3,"enemies":"Nemesis","floor":40,"turns":3},{"damage":24,"enemies":"Reptomancer","floor":41,"turns":4},{"damage":14,"enemies":"Nemesis","floor":42,"turns":5},{"damage":0,"enemies":"Giant Head","floor":44,"turns":5},{"damage":38,"enemies":"Writhing Mass","floor":46,"turns":5},{"damage":9,"enemies":"3 Darklings","floor":48,"turns":4},{"damage":45,"enemies":"Time Eater","floor":50,"turns":6}],"seed_played":"6980868925076679960","potions_obtained":[{"floor":1,"key":"Weak Potion"},{"floor":10,"key":"Strength Potion"},{"floor":13,"key":"BloodPotion"},{"floor":14,"key":"GamblersBrew"},{"floor":16,"key":"Energy Potion"},{"floor":31,"key":"SteroidPotion"}],"is_trial":false,"path_per_floor":["M","?","M","?","?","R","E","R","T","E","$","M","E","M","R","B",null,"M","M","?","?","$","R","M","R","T","?","$","M","E","M","R","B",null,"M","M","$","M","?","E","E","E","T","E","?","M","R","M","R","B",null],"character_chosen":"IRONCLAD","items_purchased":["Brimstone","War Paint","Matryoshka"],"campfire_rested":2,"item_purchase_floors":[11,11,37],"current_hp_per_floor":[78,78,80,64,64,64,70,70,70,42,42,48,36,27,27,24,66,65,71,71,71,71,71,70,70,70,70,70,66,39,45,45,18,65,60,66,66,74,74,79,64,60,60,70,60,32,56,57,80,43],"gold":250,"neow_bonus":"THREE_ENEMY_KILL","is_prod":false,"is_daily":false,"chose_seed":false,"campfire_upgraded":6,"win_rate":0,"timestamp":1556559217,"path_taken":["M","?","M","?","?","R","E","R","T","E","$","?","E","M","R","BOSS","M","M","?","?","$","R","M","R","T","?","$","?","E","M","R","BOSS","M","M","$","M","?","E","E","E","T","E","?","M","R","M","R","BOSS"],"build_version":"2019-01-23","purchased_purges":2,"victory":true,"max_hp_per_floor":[80,80,80,80,80,80,80,80,80,80,80,80,80,80,80,80,80,80,80,80,80,80,80,80,80,80,80,80,80,80,80,80,80,80,80,80,80,80,80,80,80,80,80,80,80,80,80,80,80,80],"card_choices":[{"not_picked":["Combust","Second Wind","Thunderclap"],"picked":"SKIP","floor":1},{"not_picked":["Sentinel","Clash"],"picked":"Whirlwind","floor":3},{"not_picked":["Anger","Iron Wave","Armaments"],"picked":"SKIP","floor":7},{"not_picked":["Headbutt","Evolve"],"picked":"Dual Wield","floor":10},{"not_picked":["Flex","Anger","Body Slam"],"picked":"SKIP","floor":12},{"not_picked":["Clash","Body Slam"],"picked":"Disarm","floor":13},{"not_picked":["True Grit","Offering"],"picked":"Battle Trance","floor":14},{"not_picked":["Brutality","Bludgeon"],"picked":"Demon Form","floor":16},{"not_picked":["Combust","Second Wind+1"],"picked":"Clothesline+1","floor":18},{"not_picked":["Rampage","True Grit"],"picked":"Seeing Red+1","floor":19},{"not_picked":["Anger","Feel No Pain+1","Clash"],"picked":"SKIP","floor":24},{"not_picked":["Anger","Feel No Pain+1","Clash"],"picked":"SKIP","floor":24},{"not_picked":["Pommel Strike","Twin Strike","Wild Strike"],"picked":"SKIP","floor":29},{"not_picked":["Pommel Strike","Anger"],"picked":"Heavy Blade+1","floor":30},{"not_picked":["Headbutt","Burning Pact"],"picked":"Heavy Blade+1","floor":31},{"not_picked":["Demon Form","Double Tap"],"picked":"Immolate","floor":33},{"not_picked":["Whirlwind","Wild Strike+1","Rupture+1"],"picked":"SKIP","floor":35},{"not_picked":["Clothesline+1","Rupture","Sword Boomerang"],"picked":"SKIP","floor":36},{"not_picked":["Pommel Strike","Sword Boomerang+1","Perfected Strike"],"picked":"SKIP","floor":38},{"not_picked":["Offering","Searing Blow","Pummel+1"],"picked":"SKIP","floor":40},{"not_picked":["Twin Strike","Armaments"],"picked":"True Grit+1","floor":41},{"not_picked":["Reckless Charge+1","Perfected Strike+1","Twin Strike+1"],"picked":"SKIP","floor":42},{"not_picked":["Entrench","Flame Barrier","Bloodletting"],"picked":"SKIP","floor":44},{"not_picked":["Feel No Pain+1","Clash+1"],"picked":"Heavy Blade+1","floor":46},{"not_picked":["Twin Strike+1","Feel No Pain+1","Rage"],"picked":"SKIP","floor":48}],"player_experience":860366,"relics_obtained":[{"floor":7,"key":"Oddly Smooth Stone"},{"floor":9,"key":"Bird Faced Urn"},{"floor":10,"key":"Omamori"},{"floor":13,"key":"Bottled Lightning"},{"floor":26,"key":"Ancient Tea Set"},{"floor":30,"key":"WingedGreaves"},{"floor":40,"key":"Blood Vial"},{"floor":41,"key":"Kunai"},{"floor":42,"key":"Potion Belt"},{"floor":43,"key":"Anchor"},{"floor":43,"key":"Peace Pipe"},{"floor":44,"key":"Frozen Egg 2"}],"event_choices":[{"damage_healed":0,"gold_gain":175,"player_choice":"AGREE","damage_taken":0,"max_hp_gain":0,"max_hp_loss":0,"event_name":"Liars Game","floor":2,"gold_loss":0,"cards_obtained":["Doubt"]},{"damage_healed":0,"gold_gain":0,"player_choice":"Entered Light","damage_taken":16,"max_hp_gain":0,"max_hp_loss":0,"event_name":"Shining Light","floor":4,"gold_loss":0,"cards_upgraded":["Strike_R","Strike_R"]},{"cards_removed":["Doubt"],"damage_healed":0,"gold_gain":0,"player_choice":"Purged","damage_taken":0,"max_hp_gain":0,"max_hp_loss":0,"event_name":"Purifier","floor":5,"gold_loss":0},{"damage_healed":0,"gold_gain":99,"player_choice":"Stole From Cult","damage_taken":0,"max_hp_gain":0,"max_hp_loss":0,"event_name":"Nest","floor":20,"gold_loss":0},{"damage_healed":0,"gold_gain":0,"player_choice":"Read","damage_taken":0,"max_hp_gain":0,"max_hp_loss":0,"event_name":"The Library","floor":21,"gold_loss":0,"cards_obtained":["Flame Barrier"]},{"damage_healed":0,"gold_gain":0,"player_choice":"Rummage","damage_taken":0,"relics_obtained":["WarpedTongs"],"max_hp_gain":0,"max_hp_loss":0,"event_name":"Accursed Blacksmith","floor":27,"gold_loss":0,"cards_obtained":["Pain"]},{"damage_healed":0,"gold_gain":0,"player_choice":"Ignored","damage_taken":0,"max_hp_gain":0,"max_hp_loss":0,"event_name":"Tomb of Lord Red Mask","floor":39,"gold_loss":0},{"damage_healed":0,"gold_gain":0,"player_choice":"Embrace Madness","damage_taken":10,"max_hp_gain":0,"max_hp_loss":0,"event_name":"Winding Halls","floor":45,"gold_loss":0,"cards_obtained":["Madness","Madness"]}],"is_beta":false,"boss_relics":[{"not_picked":["Ectoplasm","White Beast Statue"],"picked":"Snecko Eye"},{"not_picked":["Runic Cube","Velvet Choker"],"picked":"Sozu"}],"items_purged_floors":[22,37],"is_endless":false,"potions_floor_spawned":[1,10,13,14,16,19,31,36,38,41,48],"ascension_level":10}