{"gold_per_floor":[114,125,125,143,153,178,194,221,221,221,221,231,231,231,231,332,332,347,361,177,190,190,220,220,130,130,159,176,176,192,210,210,305,305,317,317,317,334,58,58,158,192,192,192,208,225,225,257,257,257,257,257,1,1],"floor_reached":54,"playtime":2755,"items_purged":["Strike_G","Strike_G","Strike_G","Strike_G"],"score":1260,"play_id":"c49e2f55-31a3-4b00-a806-3a161f1dd1ce","local_time":"20190424221111","is_ascension_mode":true,"campfire_choices":[{"floor":10.0,"key":"REST"},{"data":"Blade Dance","floor":13.0,"key":"SMITH"},{"floor":15.0,"key":"REST"},{"floor":24.0,"key":"REST"},{"floor":32.0,"key":"REST"},{"floor":40,"key":"RECALL"},{"floor":44,"key":"REST"},{"floor":47,"key":"REST"},{"floor":49,"key":"REST"},{"floor":52,"key":"REST"}],"neow_cost":"NONE","seed_source_timestamp":0,"circlet_count":0,"master_deck":["AscendersBane","Defend_G","Defend_G","Defend_G","Defend_G","Defend_G","Strike_G","Survivor","Neutralize","Poisoned Stab","Footwork+1","PiercingWail","Poisoned Stab","Dodge and Roll","Poisoned Stab","PiercingWail","Blade Dance+1","Doppelganger","Infinite Blades","Caltrops+1","Backstab","Endless Agony","Noxious Fumes","Infinite Blades","Backflip","Cloak And Dagger+1","PiercingWail","Die Die Die","Crippling Poison","Dramatic Entrance","Enlightenment","Bandage Up","Noxious Fumes","Accuracy","Backflip+1","Flechettes+1","Footwork","Well Laid Plans"],"special_seed":0,"relics":["Ring of the Snake","Vajra","Bag of Marbles","Torii","Dead Branch","Fusion Hammer","Smiling Mask","StoneCalendar","Blue Candle","White Beast Statue","Membership Card","Turnip","Tingsha","Gambling Chip","FossilizedHelix"],"potions_floor_usage":[41,42,45,46,50,50],"damage_taken":[{"damage":0.0,"enemies":"Cultist","floor":1.0,"turns":4.0},{"damage":0.0,"enemies":"Jaw Worm","floor":2.0,"turns":5.0},{"damage":4.0,"enemies":"Small Slimes","floor":4.0,"turns":5.0},{"damage":0.0,"enemies":"2 Fungi Beasts","floor":5.0,"turns":4.0},{"damage":24.0,"enemies":"Gremlin Nob","floor":6.0,"turns":4.0},{"damage":0.0,"enemies":"Blue Slaver","floor":7.0,"turns":4.0},{"damage":23.0,"enemies":"3 Sentries","floor":8.0,"turns":11.0},{"damage":0.0,"enemies":"Exordium Thugs","floor":12.0,"turns":4.0},{"damage":2.0,"enemies":"Hexaghost","floor":16.0,"turns":10.0},{"damage":11.0,"enemies":"Chosen","floor":18.0,"turns":6.0},{"damage":2.0,"enemies":"3 Byrds","floor":19.0,"turns":6.0},{"damage":17.0,"enemies":"Sentry and Sphere","floor":21.0,"turns":4.0},{"damage":2.0,"enemies":"Slavers","floor":23.0,"turns":5.0},{"damage":0.0,"enemies":"Gremlin Leader","floor":27.0,"turns":5.0},{"damage":0.0,"enemies":"Snecko","floor":28.0,"turns":2.0},{"damage":0.0,"enemies":"3 Cultists","floor":30.0,"turns":3.0},{"damage":0.0,"enemies":"Shelled Parasite and Fungi","floor":31.0,"turns":3.0},{"damage":8.0,"enemies":"Automaton","floor":33.0,"turns":8.0},{"damage":0.0,"enemies":"3 Shapes","floor":35.0,"turns":1.0},{"damage":1,"enemies":"Orb Walker","floor":38,"turns":2},{"damage":0,"enemies":"Mind Bloom Boss Battle","floor":41,"turns":5},{"damage":63,"enemies":"Reptomancer","floor":42,"turns":6},{"damage":0,"enemies":"Jaw Worm Horde","floor":45,"turns":3},{"damage":2,"enemies":"Spire Growth","floor":46,"turns":6},{"damage":33,"enemies":"Nemesis","floor":48,"turns":7},{"damage":43,"enemies":"Donu and Deca","floor":50,"turns":7},{"damage":88,"enemies":"Shield and Spear","floor":54,"turns":5}],"seed_played":"-8907480385700777527","potions_obtained":[{"floor":1.0,"key":"Strength Potion"},{"floor":5.0,"key":"Fruit Juice"},{"floor":8.0,"key":"FairyPotion"},{"floor":14.0,"key":"Strength Potion"},{"floor":14.0,"key":"EntropicBrew"},{"floor":16.0,"key":"PowerPotion"},{"floor":19.0,"key":"EssenceOfSteel"},{"floor":23.0,"key":"AttackPotion"},{"floor":33.0,"key":"Strength Potion"},{"floor":41,"key":"Dexterity Potion"},{"floor":42,"key":"Energy Potion"},{"floor":45,"key":"Energy Potion"},{"floor":46,"key":"SneckoOil"},{"floor":48,"key":"Swift Potion"}],"is_trial":false,"path_per_floor":["M","M","T","M","M","E","M","E","T","R","?","M","R","?","R","B",null,"M","M","$","M","?","E","R","$","T","E","M","?","M","M","R","B",null,"M","?","?","M","$","R","?","E","T","R","M","M","R","E","R","B",null,"R","$","E"],"character_chosen":"THE_SILENT","items_purchased":["Caltrops","Backstab","Noxious Fumes","Membership Card","Accuracy","FossilizedHelix","Dexterity Potion","Well Laid Plans"],"campfire_rested":8,"item_purchase_floors":[20,20,25,39,39,53,53,53],"current_hp_per_floor":[63,63,63,59,64,40,40,17,17,39,39,39,39,39,61,59,71,60,58,58,41,27,25,49,49,49,49,49,49,49,49,73,65,76,76,66,66,69,69,69,73,14,14,38,38,40,64,35,59,20,65,80,80,0],"gold":1,"neow_bonus":"THREE_CARDS","is_prod":false,"is_daily":false,"chose_seed":false,"campfire_upgraded":1,"win_rate":0,"timestamp":1556169071,"path_taken":["M","M","?","M","M","E","M","E","T","R","?","M","R","?","R","BOSS","M","M","?","M","?","E","R","$","T","E","M","?","?","M","R","BOSS","M","?","?","M","$","R","?","E","T","R","M","M","R","E","R","BOSS","R","$","E"],"build_version":"2019-01-23","purchased_purges":4,"victory":false,"max_hp_per_floor":[70,70,70,70,75,75,75,75,75,75,75,75,75,75,75,75,75,75,75,75,75,80,80,80,80,80,80,80,80,80,80,80,80,80,80,80,80,80,80,80,80,80,80,80,80,80,80,80,80,80,80,80,80,80],"card_choices":[{"not_picked":["Dodge and Roll","PiercingWail"],"picked":"Poisoned Stab","floor":0.0},{"not_picked":["Calculated Gamble","Deadly Poison"],"picked":"Footwork","floor":1.0},{"not_picked":["Bane","Dodge and Roll"],"picked":"PiercingWail","floor":2.0},{"not_picked":["Blur","Infinite Blades"],"picked":"Poisoned Stab","floor":4.0},{"not_picked":["Acrobatics","Underhanded Strike"],"picked":"Dodge and Roll","floor":5.0},{"not_picked":["Expertise","Phantasmal Killer","Distraction"],"picked":"SKIP","floor":6.0},{"not_picked":["Skewer","Prepared"],"picked":"Poisoned Stab","floor":7.0},{"not_picked":["Acrobatics","Flying Knee"],"picked":"PiercingWail","floor":8.0},{"not_picked":["Backflip","Dash"],"picked":"Blade Dance","floor":12.0},{"not_picked":["Die Die Die","Unload"],"picked":"Doppelganger","floor":16.0},{"not_picked":["Choke","Outmaneuver","Prepared"],"picked":"SKIP","floor":18.0},{"not_picked":["PiercingWail","Bane"],"picked":"Infinite Blades","floor":19.0},{"not_picked":["Masterful Stab","Accuracy"],"picked":"Endless Agony","floor":21.0},{"not_picked":["Dagger Spray","Bane","Setup"],"picked":"SKIP","floor":23.0},{"not_picked":["Dodge and Roll","Bouncing Flask"],"picked":"Infinite Blades","floor":27.0},{"not_picked":["Glass Knife","Quick Slash"],"picked":"Backflip","floor":28.0},{"not_picked":["Backflip","Concentrate"],"picked":"Cloak And Dagger+1","floor":30.0},{"not_picked":["Slice","Escape Plan"],"picked":"PiercingWail","floor":31.0},{"not_picked":["Night Terror","Burst"],"picked":"Die Die Die","floor":33.0},{"not_picked":["Blade Dance","Outmaneuver"],"picked":"Crippling Poison","floor":35.0},{"not_picked":["Violence","Mind Blast"],"picked":"Dramatic Entrance","floor":36.0},{"not_picked":["Deep Breath","Thinking Ahead"],"picked":"Enlightenment","floor":36.0},{"not_picked":["Dramatic Entrance","Dark Shackles"],"picked":"Bandage Up","floor":36.0},{"not_picked":["Blade Dance","Backflip"],"picked":"Noxious Fumes","floor":38},{"not_picked":["Outmaneuver","Flying Knee"],"picked":"Backflip+1","floor":42},{"not_picked":["Underhanded Strike","Choke"],"picked":"Flechettes+1","floor":45},{"not_picked":["Crippling Poison","Deadly Poison+1"],"picked":"Footwork","floor":46},{"not_picked":["Quick Slash","Burst","Deadly Poison"],"picked":"SKIP","floor":48}],"player_experience":305327,"relics_obtained":[{"floor":3.0,"key":"Vajra"},{"floor":6.0,"key":"Bag of Marbles"},{"floor":8.0,"key":"Torii"},{"floor":9.0,"key":"Dead Branch"},{"floor":23.0,"key":"Smiling Mask"},{"floor":26.0,"key":"StoneCalendar"},{"floor":27.0,"key":"Blue Candle"},{"floor":41,"key":"Turnip"},{"floor":42,"key":"Tingsha"},{"floor":48,"key":"Gambling Chip"}],"event_choices":[{"damage_healed":0.0,"max_hp_gain":0.0,"max_hp_loss":0.0,"gold_gain":0.0,"event_name":"Living Wall","player_choice":"Grow","floor":11.0,"gold_loss":0.0,"damage_taken":0.0,"cards_upgraded":["Footwork"]},{"damage_healed":0.0,"max_hp_gain":0.0,"max_hp_loss":0.0,"gold_gain":0.0,"event_name":"Lab","player_choice":"Got Potions","floor":14.0,"gold_loss":0.0,"damage_taken":0.0},{"damage_healed":0.0,"max_hp_gain":5.0,"max_hp_loss":0.0,"gold_gain":0.0,"event_name":"Forgotten Altar","player_choice":"Shed Blood","floor":22.0,"gold_loss":0.0,"damage_taken":19.0},{"damage_healed":0.0,"max_hp_gain":0.0,"max_hp_loss":0.0,"gold_gain":0.0,"event_name":"Upgrade Shrine","player_choice":"Upgraded","floor":29.0,"gold_loss":0.0,"damage_taken":0.0,"cards_upgraded":["Caltrops"]},{"damage_healed":0.0,"max_hp_gain":0.0,"max_hp_loss":0.0,"gold_gain":0.0,"event_name":"SensoryStone","player_choice":"Memory 3","floor":36.0,"gold_loss":0.0,"damage_taken":10.0},{"damage_healed":0,"gold_gain":0,"player_choice":"Ignored","damage_taken":0,"max_hp_gain":0,"max_hp_loss":0,"event_name":"Tomb of Lord Red Mask","floor":37,"gold_loss":0},{"damage_healed":0,"gold_gain":0,"player_choice":"Fight","damage_taken":0,"max_hp_gain":0,"max_hp_loss":0,"event_name":"MindBloom","floor":41,"gold_loss":0}],"is_beta":false,"boss_relics":[{"not_picked":["Runic Pyramid","Philosopher\u0027s Stone"],"picked":"Fusion Hammer"},{"not_picked":["Lizard Tail","Runic Dome"],"picked":"White Beast Statue"}],"items_purged_floors":[20,25,39,53],"is_endless":false,"potions_floor_spawned":[1,5,8,16,19,23,27,33,35,38,41,42,45,46,48],"killed_by":"Shield and Spear","ascension_level":12}