{"gold_per_floor":[115,129,129,129,147,147,166,191,214,243,267,279,310,384,396,485,497,528,689,751,763,840,852,925,937],"floor_reached":25,"playtime":14791,"items_purged":[],"score":355,"play_id":"8c1b2d83-c476-4364-adc0-482247ae83ca","local_time":"20190503193802","is_ascension_mode":true,"campfire_choices":[{"data":"Metallicize","floor":6,"key":"SMITH"},{"floor":12,"key":"REST"},{"data":"Bludgeon","floor":15,"key":"SMITH"},{"floor":23,"key":"REST"}],"neow_cost":"TEN_PERCENT_HP_LOSS","seed_source_timestamp":315608559465400,"circlet_count":0,"master_deck":["AscendersBane","Strike_R","Strike_R","Strike_R","Strike_R","Defend_R","Defend_R","Defend_R","Defend_R","Bash","Flash of Steel","Thinking Ahead","Metallicize+1","True Grit","Shrug It Off","Bludgeon+1","Headbutt","Carnage","Shrug It Off","Bludgeon","True Grit","Warcry+1"],"relics":["Burning Blood","SsserpentHead","Centennial Puzzle","Regal Pillow","MawBank","Mark of Pain"],"potions_floor_usage":[8,8],"damage_taken":[{"damage":12,"enemies":"Small Slimes","floor":1,"turns":3},{"damage":3,"enemies":"Cultist","floor":2,"turns":4},{"damage":4,"enemies":"2 Louse","floor":5,"turns":4},{"damage":2,"enemies":"Red Slaver","floor":7,"turns":6},{"damage":27,"enemies":"Lagavulin","floor":8,"turns":6},{"damage":24,"enemies":"Gremlin Nob","floor":10,"turns":4},{"damage":7,"enemies":"Lots of Slimes","floor":11,"turns":5},{"damage":8,"enemies":"Blue Slaver","floor":13,"turns":3},{"damage":20,"enemies":"Gremlin Gang","floor":14,"turns":5},{"damage":29,"enemies":"The Guardian","floor":16,"turns":9},{"damage":35,"enemies":"2 Thieves","floor":18,"turns":4},{"damage":12,"enemies":"Shell Parasite","floor":22,"turns":6},{"damage":6,"enemies":"Snecko","floor":24,"turns":3},{"damage":65,"enemies":"3 Cultists","floor":25,"turns":5}],"seed_played":"-2064441964386929730","potions_obtained":[{"floor":1,"key":"Regen Potion"},{"floor":2,"key":"PowerPotion"},{"floor":11,"key":"Dexterity Potion"}],"is_trial":false,"path_per_floor":["M","M","?","$","M","R","M","E","T","E","M","R","M","M","R","B",null,"M","?","?","$","M","R","M","M"],"character_chosen":"IRONCLAD","items_purchased":[],"campfire_rested":2,"item_purchase_floors":[],"current_hp_per_floor":[66,69,69,69,71,71,72,58,58,40,39,72,70,56,56,33,62,33,33,33,33,27,63,63,0],"gold":937,"neow_bonus":"RANDOM_COLORLESS_2","is_prod":false,"is_daily":false,"chose_seed":false,"campfire_upgraded":2,"win_rate":0,"timestamp":1556905082,"path_taken":["M","M","?","$","M","R","M","E","T","E","M","R","M","?","R","BOSS","M","?","?","$","?","R","?","M"],"build_version":"2019-01-23","purchased_purges":0,"victory":false,"max_hp_per_floor":[72,72,72,72,72,72,72,72,72,72,72,72,72,72,72,72,72,72,72,72,72,72,72,72,72],"card_choices":[{"not_picked":["Iron Wave","Headbutt"],"picked":"Metallicize","floor":1},{"not_picked":["Perfected Strike","Havoc"],"picked":"True Grit","floor":2},{"not_picked":["Pummel","Perfected Strike"],"picked":"Shrug It Off","floor":5},{"not_picked":["Body Slam","Heavy Blade"],"picked":"Bludgeon","floor":7},{"not_picked":["Wild Strike","Flex"],"picked":"Headbutt","floor":8},{"not_picked":["Blood for Blood","Juggernaut"],"picked":"Carnage","floor":10},{"not_picked":["Cleave","Heavy Blade","Havoc"],"picked":"SKIP","floor":11},{"not_picked":["Warcry","Flex","Anger"],"picked":"SKIP","floor":13},{"not_picked":["True Grit","Sever Soul"],"picked":"Shrug It Off","floor":14},{"not_picked":["Impervious","Barricade"],"picked":"Bludgeon","floor":16},{"not_picked":["Rampage","Havoc"],"picked":"True Grit","floor":18},{"not_picked":["Searing Blow","Anger"],"picked":"Warcry+1","floor":22},{"not_picked":["Evolve+1","Wild Strike","Cleave"],"picked":"SKIP","floor":24}],"player_experience":1028629,"relics_obtained":[{"floor":8,"key":"Centennial Puzzle"},{"floor":9,"key":"Regal Pillow"},{"floor":10,"key":"MawBank"}],"event_choices":[{"damage_healed":0,"gold_gain":0,"player_choice":"Trade","damage_taken":0,"relics_obtained":["SsserpentHead"],"max_hp_gain":0,"max_hp_loss":0,"event_name":"FaceTrader","floor":3,"gold_loss":0},{"damage_healed":0,"gold_gain":99,"player_choice":"Stole From Cult","damage_taken":0,"max_hp_gain":0,"max_hp_loss":0,"event_name":"Nest","floor":19,"gold_loss":0},{"cards_removed":["Strike_R"],"damage_healed":0,"gold_gain":0,"player_choice":"Purged","damage_taken":0,"max_hp_gain":0,"max_hp_loss":0,"event_name":"Purifier","floor":20,"gold_loss":0}],"is_beta":false,"boss_relics":[{"not_picked":["Busted Crown","Lizard Tail"],"picked":"Mark of Pain"}],"items_purged_floors":[],"is_endless":false,"potions_floor_spawned":[1,2,5,11],"killed_by":"3 Cultists","ascension_level":13}