{"gold_per_floor":[119,36,48,48,48,77,77,77,77,91,91,120,135,163,163,237,237,256,271,290,290,46,46],"floor_reached":23,"playtime":989,"items_purged":["Strike_R"],"score":572,"play_id":"97f92827-8916-431e-a251-cb75a8fc2872","local_time":"20190430144339","is_ascension_mode":true,"campfire_choices":[{"data":"Wild Strike","floor":8,"key":"SMITH"},{"data":"Disarm","floor":11,"key":"SMITH"},{"data":"Immolate","floor":15,"key":"SMITH"}],"neow_cost":"TEN_PERCENT_HP_LOSS","seed_source_timestamp":0,"circlet_count":0,"master_deck":["AscendersBane","Strike_R","Strike_R","Strike_R","Strike_R","Defend_R","Defend_R","Defend_R","Defend_R","Bash+1","Wild Strike+1","Combust","True Grit","Disarm+1","Thunderclap","Immolate+1","Demon Form","Headbutt","Shrug It Off","Metallicize","Shrug It Off","Sword Boomerang"],"special_seed":0,"relics":["Burning Blood","FossilizedHelix","Dream Catcher","Mummified Hand","Dodecahedron","Strawberry","Philosopher\u0027s Stone"],"potions_floor_usage":[12,14,16,20,23,23],"damage_taken":[{"damage":5,"enemies":"Small Slimes","floor":1,"turns":4},{"damage":0,"enemies":"2 Louse","floor":3,"turns":3},{"damage":19,"enemies":"3 Sentries","floor":6,"turns":6},{"damage":0,"enemies":"Jaw Worm","floor":10,"turns":4},{"damage":36,"enemies":"Gremlin Nob","floor":12,"turns":5},{"damage":3,"enemies":"Looter","floor":13,"turns":3},{"damage":13,"enemies":"3 Sentries","floor":14,"turns":4},{"damage":31,"enemies":"The Guardian","floor":16,"turns":15},{"damage":28,"enemies":"Spheric Guardian","floor":18,"turns":5},{"damage":17,"enemies":"Chosen","floor":19,"turns":4},{"damage":18,"enemies":"Snake Plant","floor":20,"turns":4},{"damage":22,"enemies":"Gremlin Leader","floor":23,"turns":2}],"seed_played":"-8666656123142393397","potions_obtained":[{"floor":6,"key":"Explosive Potion"},{"floor":10,"key":"BloodPotion"},{"floor":13,"key":"Weak Potion"},{"floor":18,"key":"PowerPotion"},{"floor":19,"key":"Weak Potion"},{"floor":21,"key":"SkillPotion"},{"floor":21,"key":"BloodPotion"}],"is_trial":false,"path_per_floor":["M","$","M","?","?","E","?","R","T","M","R","E","M","E","R","B",null,"M","M","M","?","$","E"],"character_chosen":"IRONCLAD","items_purchased":["Combust","Shrug It Off","Sword Boomerang","SteroidPotion"],"campfire_rested":0,"item_purchase_floors":[2,22,22,22],"current_hp_per_floor":[68,68,68,68,68,55,60,60,60,66,66,43,46,46,46,21,65,43,32,20,20,20,0],"gold":46,"neow_bonus":"ONE_RARE_RELIC","is_prod":false,"is_daily":false,"chose_seed":false,"campfire_upgraded":3,"win_rate":0,"timestamp":1556660619,"path_taken":["M","$","M","?","?","E","?","R","T","?","R","E","M","E","R","BOSS","M","M","M","?","?","E"],"build_version":"2019-01-23","purchased_purges":1,"victory":false,"max_hp_per_floor":[68,68,68,68,68,68,73,73,73,73,73,73,73,80,80,80,80,80,80,80,80,80,80],"card_choices":[{"not_picked":["Anger","Heavy Blade"],"picked":"Wild Strike","floor":1},{"not_picked":["Searing Blow","Rampage"],"picked":"True Grit","floor":3},{"not_picked":["Pommel Strike","Sentinel"],"picked":"Disarm","floor":6},{"not_picked":["Heavy Blade","Sentinel"],"picked":"Thunderclap","floor":10},{"not_picked":["Infernal Blade","Intimidate","Body Slam"],"picked":"SKIP","floor":12},{"not_picked":["Headbutt","Iron Wave"],"picked":"Immolate","floor":13},{"not_picked":["Rampage","Searing Blow","Clothesline"],"picked":"SKIP","floor":14},{"not_picked":["Barricade","Limit Break"],"picked":"Demon Form","floor":16},{"not_picked":["Cleave+1","Bloodletting"],"picked":"Headbutt","floor":18},{"not_picked":["Twin Strike","Shockwave"],"picked":"Shrug It Off","floor":19},{"not_picked":["Body Slam","Pummel"],"picked":"Metallicize","floor":20}],"player_experience":511465,"relics_obtained":[{"floor":6,"key":"Dream Catcher"},{"floor":9,"key":"Mummified Hand"},{"floor":12,"key":"Dodecahedron"},{"floor":14,"key":"Strawberry"}],"event_choices":[{"damage_healed":0,"gold_gain":0,"player_choice":"Grow","damage_taken":0,"max_hp_gain":0,"max_hp_loss":0,"event_name":"Living Wall","floor":4,"gold_loss":0,"cards_upgraded":["Bash"]},{"damage_healed":0,"gold_gain":0,"player_choice":"Leave","damage_taken":0,"max_hp_gain":0,"max_hp_loss":0,"event_name":"The Cleric","floor":5,"gold_loss":0},{"damage_healed":0,"gold_gain":0,"player_choice":"Donut","damage_taken":0,"max_hp_gain":5,"max_hp_loss":0,"event_name":"Big Fish","floor":7,"gold_loss":0},{"damage_healed":0,"gold_gain":0,"player_choice":"Got Potions","damage_taken":0,"max_hp_gain":0,"max_hp_loss":0,"event_name":"Lab","floor":21,"gold_loss":0}],"is_beta":false,"boss_relics":[{"not_picked":["White Beast Statue","Orrery"],"picked":"Philosopher\u0027s Stone"}],"items_purged_floors":[22],"is_endless":false,"potions_floor_spawned":[6,10,13,18,19],"killed_by":"Gremlin Leader","ascension_level":17}