{"gold_per_floor":[114,130,130,130,55,55,79,79,128,128,148,179,50,75,75,75],"floor_reached":16,"playtime":445,"items_purged":["Strike_R"],"score":185,"play_id":"c94fdac1-d31d-4975-932c-9cfd9e5d05f5","local_time":"20190502091827","is_ascension_mode":true,"campfire_choices":[{"data":"Searing Blow+1","floor":6,"key":"SMITH"},{"data":"Searing Blow+2","floor":8,"key":"SMITH"},{"data":"Bash","floor":10,"key":"SMITH"},{"floor":15,"key":"REST"}],"neow_cost":"NONE","seed_source_timestamp":68480009489772,"circlet_count":0,"master_deck":["AscendersBane","Strike_R","Strike_R","Defend_R","Defend_R","Defend_R","Defend_R","Bash+1","Searing Blow+3","Headbutt","Feed","Armaments","Armaments"],"relics":["Burning Blood","Golden Idol","Strawberry","WingedGreaves"],"potions_floor_usage":[12,16],"damage_taken":[{"damage":4,"enemies":"Small Slimes","floor":1,"turns":4},{"damage":7,"enemies":"Jaw Worm","floor":2,"turns":4},{"damage":10,"enemies":"2 Louse","floor":7,"turns":2},{"damage":13,"enemies":"Blue Slaver","floor":11,"turns":2},{"damage":35,"enemies":"Lagavulin","floor":12,"turns":4},{"damage":33,"enemies":"Gremlin Gang","floor":14,"turns":4},{"damage":46,"enemies":"Slime Boss","floor":16,"turns":8}],"seed_played":"-6232132232445868342","potions_obtained":[{"floor":12,"key":"Fruit Juice"},{"floor":14,"key":"SkillPotion"}],"is_trial":false,"path_per_floor":["M","M","?","?","?","R","M","R","T","R","M","E","$","M","R","B"],"character_chosen":"IRONCLAD","items_purchased":["Armaments"],"campfire_rested":1,"item_purchase_floors":[13],"current_hp_per_floor":[70,69,69,68,68,68,64,64,71,71,64,40,40,16,40,0],"gold":75,"neow_bonus":"TRANSFORM_CARD","is_prod":false,"is_daily":false,"chose_seed":false,"campfire_upgraded":3,"win_rate":0,"timestamp":1556813907,"path_taken":["M","M","?","?","?","R","M","R","T","R","M","E","?","M","R","BOSS"],"build_version":"2019-01-23","purchased_purges":1,"victory":false,"max_hp_per_floor":[75,75,75,68,68,68,68,68,75,75,75,80,80,83,83,83],"card_choices":[{"not_picked":["Sword Boomerang","Perfected Strike","Bloodletting"],"picked":"SKIP","floor":1},{"not_picked":["Warcry","Sword Boomerang"],"picked":"Headbutt","floor":2},{"not_picked":["Heavy Blade","Entrench","Fire Breathing"],"picked":"SKIP","floor":7},{"not_picked":["Dual Wield","Rupture"],"picked":"Feed","floor":11},{"not_picked":["Bludgeon","Sword Boomerang","Clash"],"picked":"SKIP","floor":12},{"not_picked":["Heavy Blade","Dropkick"],"picked":"Armaments","floor":14}],"player_experience":530600,"relics_obtained":[{"floor":9,"key":"Strawberry"},{"floor":12,"key":"WingedGreaves"}],"event_choices":[{"damage_healed":0,"gold_gain":0,"player_choice":"Grow","damage_taken":0,"max_hp_gain":0,"max_hp_loss":0,"event_name":"Living Wall","floor":3,"gold_loss":0,"cards_upgraded":["Searing Blow"]},{"damage_healed":0,"gold_gain":0,"player_choice":"Lose Max HP","damage_taken":0,"relics_obtained":["Golden Idol"],"max_hp_gain":0,"max_hp_loss":7,"event_name":"Golden Idol","floor":4,"gold_loss":0},{"cards_removed":["Strike_R"],"damage_healed":0,"gold_gain":0,"player_choice":"Card Removal","damage_taken":0,"max_hp_gain":0,"max_hp_loss":0,"event_name":"The Cleric","floor":5,"gold_loss":75}],"is_beta":false,"boss_relics":[],"items_purged_floors":[13],"is_endless":false,"potions_floor_spawned":[12,14],"killed_by":"Slime Boss","ascension_level":17}