{"gold_per_floor":[113,113,113,138,161,161,182,200,200,219,219,242,242,262,262,393,393,408,408,429,429],"floor_reached":21,"playtime":1302,"items_purged":[],"score":175,"play_id":"fd10478b-9a85-4510-92bf-786ff6ccd6ae","local_time":"20181212190958","is_ascension_mode":false,"campfire_choices":[{"floor":6,"key":"REST"},{"floor":11,"key":"REST"},{"floor":15,"key":"REST"}],"neow_cost":"NONE","seed_source_timestamp":679581311680217,"circlet_count":0,"master_deck":["Zap","Dualcast+1","Redo","FTL+1","Tempest","Storm","Redo","Chaos","Aggregate","Cold Snap","Rainbow","Rebound","Stack","Tempest","Sweeping Beam","Hello World","Darkness","Ball Lightning","Steam","BootSequence","Ball Lightning+1"],"relics":["Cracked Core","DataDisk","Golden Idol","Thread and Needle","Pandora\u0027s Box","Question Card"],"potions_floor_usage":[16,18,21,21],"damage_taken":[{"damage":1,"enemies":"Jaw Worm","floor":1,"turns":3},{"damage":0,"enemies":"Small Slimes","floor":4,"turns":3},{"damage":1,"enemies":"2 Louse","floor":5,"turns":2},{"damage":15,"enemies":"Large Slime","floor":7,"turns":5},{"damage":12,"enemies":"2 Fungi Beasts","floor":8,"turns":2},{"damage":18,"enemies":"Lots of Slimes","floor":10,"turns":4},{"damage":2,"enemies":"Exordium Thugs","floor":12,"turns":4},{"damage":0,"enemies":"3 Louse","floor":14,"turns":3},{"damage":25,"enemies":"The Guardian","floor":16,"turns":13},{"damage":3,"enemies":"Shell Parasite","floor":18,"turns":5},{"damage":0,"enemies":"Chosen","floor":20,"turns":3},{"damage":5,"enemies":"Colosseum Slavers","floor":21,"turns":4},{"damage":68,"enemies":"Colosseum Nobs","floor":21,"turns":3}],"seed_played":"-6712949533042169124","potions_obtained":[{"floor":1,"key":"Energy Potion"},{"floor":10,"key":"Swift Potion"},{"floor":16,"key":"Weak Potion"},{"floor":18,"key":"Dexterity Potion"}],"is_trial":false,"path_per_floor":["M","?","?","M","M","R","M","M","T","M","R","M","?","M","R","B",null,"M","?","M","?"],"character_chosen":"DEFECT","items_purchased":[],"campfire_rested":3,"item_purchase_floors":[],"current_hp_per_floor":[74,56,56,56,55,75,60,48,48,30,52,50,35,35,57,32,75,72,72,72,0],"gold":429,"neow_bonus":"RANDOM_COMMON_RELIC","is_prod":false,"is_daily":false,"chose_seed":false,"campfire_upgraded":0,"win_rate":0,"timestamp":1544670598,"path_taken":["M","?","?","M","M","R","M","M","T","M","R","M","?","M","R","BOSS","M","?","M","?"],"build_version":"2018-12-06","purchased_purges":0,"victory":false,"max_hp_per_floor":[75,75,75,75,75,75,75,75,75,75,75,75,75,75,75,75,75,75,75,75,75],"card_choices":[{"not_picked":["Cold Snap","Reinforced Body"],"picked":"Redo","floor":1},{"not_picked":["Conserve Battery","Coolheaded"],"picked":"FTL","floor":4},{"not_picked":["Gash","Steam"],"picked":"Tempest","floor":5},{"not_picked":["Glacier","Rebound"],"picked":"Storm","floor":7},{"not_picked":["Aggregate","Gash"],"picked":"Redo","floor":8},{"not_picked":["Stack","Barrage"],"picked":"Chaos","floor":10},{"not_picked":["Compile Driver","Stack"],"picked":"Aggregate","floor":12},{"not_picked":["Scrape","Aggregate"],"picked":"Cold Snap","floor":14},{"not_picked":["Machine Learning","Multi-Cast"],"picked":"Rainbow","floor":16},{"not_picked":["Consume","Compile Driver"],"picked":"BootSequence","floor":18},{"not_picked":["Auto Shields+1","Conserve Battery","Melter"],"picked":"Ball Lightning+1","floor":20}],"player_experience":238805,"relics_obtained":[{"floor":9,"key":"Thread and Needle"}],"event_choices":[{"damage_healed":0,"gold_gain":0,"player_choice":"Take Damage","damage_taken":18,"relics_obtained":["Golden Idol"],"max_hp_gain":0,"max_hp_loss":0,"event_name":"Golden Idol","floor":2,"gold_loss":0},{"damage_healed":0,"gold_gain":0,"player_choice":"Leave","damage_taken":0,"max_hp_gain":0,"max_hp_loss":0,"event_name":"The Cleric","floor":3,"gold_loss":0},{"damage_healed":0,"gold_gain":0,"player_choice":"Entered Light","damage_taken":15,"max_hp_gain":0,"max_hp_loss":0,"event_name":"Shining Light","floor":13,"gold_loss":0,"cards_upgraded":["Dualcast","FTL"]},{"damage_healed":0,"gold_gain":0,"player_choice":"Opened","damage_taken":0,"relics_obtained":["Question Card"],"max_hp_gain":0,"max_hp_loss":0,"event_name":"The Mausoleum","floor":19,"gold_loss":0},{"damage_healed":0,"gold_gain":0,"player_choice":"Fight","damage_taken":0,"max_hp_gain":0,"max_hp_loss":0,"event_name":"Colosseum","floor":21,"gold_loss":0},{"damage_healed":0,"gold_gain":0,"player_choice":"Fought Nobs","damage_taken":0,"max_hp_gain":0,"max_hp_loss":0,"event_name":"Colosseum","floor":21,"gold_loss":0}],"is_beta":false,"boss_relics":[{"not_picked":["Velvet Choker","Empty Cage"],"picked":"Pandora\u0027s Box"}],"items_purged_floors":[],"is_endless":false,"potions_floor_spawned":[1,10,16,18,21],"killed_by":"Colosseum Nobs","ascension_level":0}