{"gold_per_floor":[113,113,113,19,30,62,72,90,163,163,163,183,209,220,220,324,324,335,349,63,77,93,93],"floor_reached":23,"playtime":819,"items_purged":[],"score":253,"play_id":"3f56a65f-5cbd-459e-846b-a6c682869ce1","local_time":"20190415231909","is_ascension_mode":true,"campfire_choices":[{"floor":10,"key":"DIG"},{"floor":15,"key":"DIG"}],"neow_cost":"NONE","seed_source_timestamp":521411210394000,"circlet_count":0,"master_deck":["Strike_B","Strike_B","Strike_B","Strike_B","Defend_B","Defend_B","Defend_B","Defend_B","Zap+1","Dualcast","Coolheaded","Loop","Cold Snap","Compile Driver","Cold Snap","Coolheaded","Ball Lightning","Gash","Gash","Go for the Eyes","Multi-Cast","Double Energy+1","Defragment","Ball Lightning","Amplify","Stack"],"relics":["Cracked Core","NeowsBlessing","Shovel","Happy Flower","Cables","Pantograph","Ancient Tea Set","Bird Faced Urn","Sozu","Toolbox"],"potions_floor_usage":[16,16,16],"damage_taken":[{"damage":0,"enemies":"Small Slimes","floor":1,"turns":1},{"damage":0,"enemies":"2 Louse","floor":5,"turns":1},{"damage":0,"enemies":"3 Sentries","floor":6,"turns":1},{"damage":6,"enemies":"Cultist","floor":7,"turns":3},{"damage":13,"enemies":"Lots of Slimes","floor":8,"turns":5},{"damage":4,"enemies":"3 Louse","floor":12,"turns":3},{"damage":1,"enemies":"Lagavulin","floor":13,"turns":7},{"damage":1,"enemies":"Exordium Wildlife","floor":14,"turns":2},{"damage":30,"enemies":"The Guardian","floor":16,"turns":8},{"damage":15,"enemies":"2 Thieves","floor":18,"turns":3},{"damage":8,"enemies":"Spheric Guardian","floor":19,"turns":4},{"damage":41,"enemies":"Centurion and Healer","floor":21,"turns":4},{"damage":13,"enemies":"Shelled Parasite and Fungi","floor":22,"turns":7},{"damage":15,"enemies":"Gremlin Leader","floor":23,"turns":2}],"seed_played":"3159523141555933082","potions_obtained":[{"floor":1,"key":"LiquidBronze"},{"floor":7,"key":"Fire Potion"},{"floor":13,"key":"Regen Potion"}],"is_trial":false,"path_per_floor":["M","?","?","$","M","E","M","M","T","R","?","M","E","M","R","B",null,"M","M","$","M","M","E"],"character_chosen":"DEFECT","items_purchased":["Loop","Cold Snap","Defragment","Toolbox","Ball Lightning"],"campfire_rested":0,"item_purchase_floors":[4,4,20,20,20],"current_hp_per_floor":[75,75,75,75,75,75,69,56,56,56,56,52,51,50,50,59,75,60,54,54,15,6,0],"gold":93,"neow_bonus":"THREE_ENEMY_KILL","is_prod":false,"is_daily":false,"chose_seed":false,"campfire_upgraded":0,"win_rate":0,"timestamp":1555363149,"path_taken":["M","?","?","$","M","E","M","M","T","R","?","M","E","?","R","BOSS","M","M","$","M","M","E"],"build_version":"2019-01-23","purchased_purges":0,"victory":false,"max_hp_per_floor":[75,75,75,75,75,75,75,75,75,75,75,75,75,75,75,75,75,75,75,75,75,75,75],"card_choices":[{"not_picked":["Heatsinks","Force Field"],"picked":"Coolheaded","floor":1},{"not_picked":["Beam Cell","Heatsinks"],"picked":"Compile Driver","floor":5},{"not_picked":["Hologram","Barrage"],"picked":"Cold Snap","floor":6},{"not_picked":["Cold Snap","Sunder"],"picked":"Coolheaded","floor":7},{"not_picked":["Cold Snap","Leap"],"picked":"Ball Lightning","floor":8},{"not_picked":["Buffer","Steam Power"],"picked":"Gash","floor":12},{"not_picked":["Fusion","Coolheaded"],"picked":"Gash","floor":13},{"not_picked":["Recycle","Cold Snap"],"picked":"Go for the Eyes","floor":14},{"not_picked":["Meteor Strike","Seek"],"picked":"Multi-Cast","floor":16},{"not_picked":["Conserve Battery+1","Cold Snap"],"picked":"Double Energy+1","floor":18},{"not_picked":["Heatsinks","Sweeping Beam","Coolheaded"],"picked":"SKIP","floor":19},{"not_picked":["Sunder","Genetic Algorithm"],"picked":"Amplify","floor":21},{"not_picked":["Go for the Eyes","Steam"],"picked":"Stack","floor":22}],"player_experience":479475,"relics_obtained":[{"floor":6,"key":"Happy Flower"},{"floor":9,"key":"Cables"},{"floor":10,"key":"Pantograph"},{"floor":13,"key":"Ancient Tea Set"},{"floor":15,"key":"Bird Faced Urn"}],"event_choices":[{"damage_healed":0,"gold_gain":0,"player_choice":"Grow","damage_taken":0,"max_hp_gain":0,"max_hp_loss":0,"event_name":"Living Wall","floor":2,"gold_loss":0,"cards_upgraded":["Zap"]},{"damage_healed":0,"gold_gain":0,"player_choice":"Box","damage_taken":0,"relics_obtained":["Shovel"],"max_hp_gain":0,"max_hp_loss":0,"event_name":"Big Fish","floor":3,"gold_loss":0,"cards_obtained":["Regret"]},{"cards_removed":["Regret"],"damage_healed":0,"gold_gain":0,"player_choice":"Purged","damage_taken":0,"max_hp_gain":0,"max_hp_loss":0,"event_name":"Purifier","floor":11,"gold_loss":0}],"is_beta":false,"boss_relics":[{"not_picked":["Cursed Key","Orrery"],"picked":"Sozu"}],"items_purged_floors":[],"is_endless":false,"potions_floor_spawned":[1,7,13,14,18,21],"killed_by":"Gremlin Leader","ascension_level":2}