{"gold_per_floor":[359,35,35,0,0,25,25,41,41,0,19,319,333,343,343,447,447,464,475,200,125,1,1,29,129,129,141,182,3,3,19,19,117,117,132,146,161,161,178,178,189,189,215,24,34,45,45,45,45,45],"floor_reached":51,"playtime":1692,"items_purged":["Pain"],"score":1176,"play_id":"c2475d54-b6dc-4227-805d-64334ad32183","local_time":"20190115221422","is_ascension_mode":true,"campfire_choices":[{"data":"Zap","floor":7,"key":"SMITH"},{"data":"Beam Cell","floor":15,"key":"SMITH"},{"data":"Defragment","floor":23,"key":"SMITH"},{"floor":27,"key":"REST"},{"data":"Apotheosis","floor":30,"key":"SMITH"},{"floor":32,"key":"DIG"},{"floor":40,"key":"REST"},{"floor":42,"key":"REST"},{"floor":49,"key":"DIG"}],"neow_cost":"CURSE","seed_source_timestamp":871414772175782,"circlet_count":0,"master_deck":["AscendersBane","Strike_B","Strike_B","Defend_B","Defend_B+1","Defend_B","Defend_B","Zap+1","Dualcast+1","Cold Snap","Skim","Ball Lightning","Beam Cell+1","Doom and Gloom","Gash","Rip and Tear","Electrodynamics","FTL+1","Conserve Battery+1","Defragment+1","Conserve Battery","Steam","Gash+1","Steam+1","Apotheosis+1","FTL","Buffer","Conserve Battery","Hologram+1","Cold Snap+1","Defragment+1","Ball Lightning+1","Glacier+1","Doubt"],"relics":["Cracked Core","Shuriken","Potion Belt","Matryoshka","DataDisk","Old Coin","Philosopher\u0027s Stone","MealTicket","Shovel","Ancient Tea Set","MawBank","Pantograph","War Paint","Inserter","Lantern","OrangePellets","Bottled Tornado"],"potions_floor_usage":[13,13,18,19,24,24,28,33,33,39,50],"damage_taken":[{"damage":12,"enemies":"Small Slimes","floor":1,"turns":4},{"damage":52,"enemies":"Gremlin Nob","floor":6,"turns":5},{"damage":10,"enemies":"Jaw Worm","floor":8,"turns":2},{"damage":0,"enemies":"Cultist","floor":11,"turns":2},{"damage":4,"enemies":"Exordium Thugs","floor":13,"turns":2},{"damage":1,"enemies":"Looter","floor":14,"turns":2},{"damage":0,"enemies":"Slime Boss","floor":16,"turns":6},{"damage":7,"enemies":"2 Thieves","floor":18,"turns":3},{"damage":19,"enemies":"Shell Parasite","floor":19,"turns":3},{"damage":32,"enemies":"Book of Stabbing","floor":24,"turns":4},{"damage":24,"enemies":"Slavers","floor":28,"turns":3},{"damage":4,"enemies":"Chosen and Byrds","floor":31,"turns":4},{"damage":41,"enemies":"Collector","floor":33,"turns":8},{"damage":5,"enemies":"3 Shapes","floor":35,"turns":5},{"damage":13,"enemies":"3 Darklings","floor":36,"turns":5},{"damage":11,"enemies":"Sphere and 2 Shapes","floor":37,"turns":3},{"damage":11,"enemies":"Transient","floor":39,"turns":5},{"damage":18,"enemies":"4 Shapes","floor":41,"turns":4},{"damage":20,"enemies":"Spire Growth","floor":45,"turns":5},{"damage":17,"enemies":"Jaw Worm Horde","floor":46,"turns":4},{"damage":32,"enemies":"Time Eater","floor":50,"turns":18}],"seed_played":"-8186553910793146907","potions_obtained":[{"floor":8,"key":"Explosive Potion"},{"floor":11,"key":"Fire Potion"},{"floor":13,"key":"Energy Potion"},{"floor":14,"key":"LiquidBronze"},{"floor":18,"key":"Energy Potion"},{"floor":24,"key":"EssenceOfSteel"},{"floor":28,"key":"Fire Potion"},{"floor":31,"key":"Weak Potion"},{"floor":35,"key":"Weak Potion"},{"floor":39,"key":"Dexterity Potion"}],"is_trial":false,"path_per_floor":["M","$","?","?","$","E","R","M","T","?","M","T","M","M","R","B",null,"M","M","$","?","$","R","E","?","T","R","E","$","R","M","R","B",null,"M","M","M","?","M","R","M","R","T","$","M","M","?","$","R","B",null],"character_chosen":"DEFECT","items_purchased":["Shuriken","Defragment","MealTicket","Conserve Battery","Steam","PowerPotion","Apotheosis","OrangePellets"],"campfire_rested":3,"item_purchase_floors":[2,20,20,22,22,22,29,44],"current_hp_per_floor":[56,56,56,74,74,22,22,12,12,12,12,12,8,7,7,7,58,51,32,32,32,47,47,15,15,15,37,13,28,28,24,24,8,58,53,40,29,29,18,40,22,44,44,59,39,22,75,75,75,43],"gold":45,"neow_bonus":"TWO_FIFTY_GOLD","is_prod":false,"is_daily":false,"chose_seed":false,"campfire_upgraded":4,"win_rate":0,"timestamp":1547590462,"path_taken":["M","$","?","?","?","E","R","M","T","?","?","?","M","M","R","BOSS","M","M","$","?","$","R","E","?","T","R","E","$","R","?","R","BOSS","M","M","?","?","M","R","M","R","T","$","M","?","?","$","R","BOSS"],"build_version":"2019-01-10","purchased_purges":1,"victory":true,"max_hp_per_floor":[75,75,75,75,75,75,75,75,75,75,75,75,75,75,75,75,75,75,75,75,75,75,75,75,75,75,75,75,75,75,75,75,75,75,75,75,75,75,75,75,75,75,75,75,75,75,75,75,75,75],"card_choices":[{"not_picked":["Stack","Double Energy"],"picked":"Cold Snap","floor":1},{"not_picked":["Coolheaded","Amplify"],"picked":"Ball Lightning","floor":6},{"not_picked":["Fusion","Hologram"],"picked":"Beam Cell","floor":8},{"not_picked":["Conserve Battery","Skim"],"picked":"Doom and Gloom","floor":11},{"not_picked":["Genetic Algorithm","Cold Snap"],"picked":"Gash","floor":13},{"not_picked":["Lockon","Redo"],"picked":"Rip and Tear","floor":14},{"not_picked":["Machine Learning","Reboot"],"picked":"Electrodynamics","floor":16},{"not_picked":["Barrage","Storm"],"picked":"FTL+1","floor":18},{"not_picked":["Coolheaded","Steam"],"picked":"Conserve Battery+1","floor":19},{"not_picked":["Double Energy","Beam Cell"],"picked":"Gash+1","floor":24},{"not_picked":["Hello World+1","Fission"],"picked":"Steam+1","floor":28},{"not_picked":["Undo","White Noise+1"],"picked":"FTL","floor":31},{"not_picked":["Meteor Strike","Reboot"],"picked":"Buffer","floor":33},{"not_picked":["Rebound","White Noise"],"picked":"Conserve Battery","floor":35},{"not_picked":["Recycle","Force Field+1"],"picked":"Hologram+1","floor":36},{"not_picked":["Fusion+1","Hello World+1"],"picked":"Cold Snap+1","floor":37},{"not_picked":["Turbo","Hello World"],"picked":"Ball Lightning+1","floor":39},{"not_picked":["Leap","Streamline+1","Go for the Eyes"],"picked":"SKIP","floor":41},{"not_picked":["Stack","Hologram","Sweeping Beam"],"picked":"SKIP","floor":45},{"not_picked":["FTL+1","Leap"],"picked":"Glacier+1","floor":46}],"player_experience":115530,"relics_obtained":[{"floor":6,"key":"Potion Belt"},{"floor":9,"key":"Matryoshka"},{"floor":12,"key":"DataDisk"},{"floor":12,"key":"Old Coin"},{"floor":24,"key":"Shovel"},{"floor":26,"key":"Ancient Tea Set"},{"floor":26,"key":"MawBank"},{"floor":28,"key":"Pantograph"},{"floor":32,"key":"War Paint"},{"floor":43,"key":"Lantern"},{"floor":49,"key":"Bottled Tornado"}],"event_choices":[{"damage_healed":0,"gold_gain":0,"cards_transformed":["Strike_B"],"player_choice":"Change","damage_taken":0,"max_hp_gain":0,"max_hp_loss":0,"event_name":"Living Wall","floor":3,"gold_loss":0,"cards_obtained":["Skim"]},{"damage_healed":18,"gold_gain":0,"player_choice":"Healed","damage_taken":0,"max_hp_gain":0,"max_hp_loss":0,"event_name":"The Cleric","floor":4,"gold_loss":35},{"damage_healed":0,"gold_gain":0,"player_choice":"Left Gold","damage_taken":0,"max_hp_gain":0,"max_hp_loss":0,"event_name":"World of Goop","floor":10,"gold_loss":41},{"cards_removed":["Strike_B"],"damage_healed":0,"gold_gain":0,"player_choice":"Gave Gold","damage_taken":0,"max_hp_gain":0,"max_hp_loss":0,"event_name":"Beggar","floor":21,"gold_loss":75},{"damage_healed":0,"gold_gain":100,"player_choice":"Pray","damage_taken":0,"max_hp_gain":0,"max_hp_loss":0,"event_name":"Golden Shrine","floor":25,"gold_loss":0},{"damage_healed":0,"gold_gain":0,"player_choice":"Copied","damage_taken":0,"max_hp_gain":0,"max_hp_loss":0,"event_name":"Duplicator","floor":38,"gold_loss":0,"cards_obtained":["Defragment"]},{"damage_healed":53,"gold_gain":0,"player_choice":"Heal","damage_taken":0,"max_hp_gain":0,"max_hp_loss":0,"event_name":"MindBloom","floor":47,"gold_loss":0,"cards_obtained":["Doubt"]}],"is_beta":false,"boss_relics":[{"not_picked":["Astrolabe","Lizard Tail"],"picked":"Philosopher\u0027s Stone"},{"not_picked":["Tiny House","Runic Pyramid"],"picked":"Inserter"}],"items_purged_floors":[2],"is_endless":false,"potions_floor_spawned":[8,11,13,14,18,24,28,31,35,39],"ascension_level":11}