{"gold_per_floor":[111,111,33,133,55,55,74,107,133,18,18,47,61,77,77,172,172,185,185,185,40,60,60,60,95,173,173,173,173,507,521,521,521],"floor_reached":33,"playtime":1680,"items_purged":["Defend_G"],"score":318,"play_id":"a42af0dc-e6b6-4cc0-aed0-19628b4008c4","local_time":"20190328140257","is_ascension_mode":true,"campfire_choices":[{"data":"Skewer","floor":6,"key":"SMITH"},{"floor":11,"key":"REST"},{"data":"Noxious Fumes","floor":15,"key":"SMITH"},{"data":"Footwork","floor":23,"key":"SMITH"},{"data":"Die Die Die","floor":27,"key":"SMITH"},{"data":"Dodge and Roll","floor":29,"key":"SMITH"},{"floor":32,"key":"REST"}],"neow_cost":"NONE","seed_source_timestamp":2317172737898,"circlet_count":0,"master_deck":["Defend_G","Defend_G","Defend_G","Strike_G","Strike_G","Survivor","Neutralize","Deadly Poison+1","Well Laid Plans","Skewer+1","Dodge and Roll+1","Dodge and Roll","Dash","Well Laid Plans","Noxious Fumes+1","Poisoned Stab","Die Die Die+1","Cloak And Dagger+1","Calculated Gamble+1","Footwork+1","Infinite Blades","Masterful Stab","Flying Knee+1","Die Die Die","Decay","Dagger Spray+1","Footwork"],"relics":["Ring of the Snake","Pocketwatch","Art of War","Question Card","Astrolabe","Snake Skull","Bottled Lightning","Molten Egg 2","Old Coin"],"potions_floor_usage":[16,16,20,25,30,33],"damage_taken":[{"damage":4,"enemies":"Jaw Worm","floor":1,"turns":4},{"damage":0,"enemies":"Cultist","floor":7,"turns":2},{"damage":27,"enemies":"Gremlin Nob","floor":8,"turns":4},{"damage":5,"enemies":"3 Sentries","floor":12,"turns":8},{"damage":0,"enemies":"Small Slimes","floor":13,"turns":3},{"damage":3,"enemies":"Looter","floor":14,"turns":3},{"damage":4,"enemies":"Slime Boss","floor":16,"turns":8},{"damage":2,"enemies":"Chosen","floor":18,"turns":4},{"damage":0,"enemies":"Colosseum Slavers","floor":20,"turns":1},{"damage":7,"enemies":"Spheric Guardian","floor":22,"turns":5},{"damage":7,"enemies":"Book of Stabbing","floor":25,"turns":7},{"damage":20,"enemies":"Slavers","floor":30,"turns":5},{"damage":33,"enemies":"Snake Plant","floor":31,"turns":3},{"damage":36,"enemies":"Collector","floor":33,"turns":6}],"seed_played":"-5468919413557458721","potions_obtained":[{"floor":8,"key":"SmokeBomb"},{"floor":13,"key":"Fire Potion"},{"floor":14,"key":"Regen Potion"},{"floor":18,"key":"Regen Potion"},{"floor":25,"key":"Energy Potion"},{"floor":31,"key":"Dexterity Potion"}],"is_trial":false,"path_per_floor":["M","?","$","?","$","R","M","E","T","$","R","E","M","M","R","B",null,"M","?","?","$","M","R","$","E","T","R","?","R","E","M","R","B"],"character_chosen":"THE_SILENT","items_purchased":["Well Laid Plans","Skewer","Dash","Snake Skull"],"campfire_rested":2,"item_purchase_floors":[3,5,10,21],"current_hp_per_floor":[66,66,66,66,66,66,66,39,39,39,60,55,55,52,52,63,70,68,68,68,68,61,61,61,63,63,63,63,63,43,10,31,0],"gold":521,"neow_bonus":"THREE_CARDS","is_prod":false,"is_daily":false,"chose_seed":false,"campfire_upgraded":5,"win_rate":0,"timestamp":1553778177,"path_taken":["M","?","$","?","$","R","?","E","T","$","R","E","M","M","R","BOSS","M","?","?","$","M","R","$","E","T","R","?","R","E","M","R","BOSS"],"build_version":"2019-01-23","purchased_purges":1,"victory":false,"max_hp_per_floor":[70,70,70,70,70,70,70,70,70,70,70,70,70,70,70,70,70,70,70,70,70,70,70,70,70,70,70,70,70,70,70,70,70],"card_choices":[{"not_picked":["Accuracy","Deflect"],"picked":"Deadly Poison","floor":0},{"not_picked":["Deflect","Choke","Outmaneuver"],"picked":"SKIP","floor":1},{"not_picked":["Catalyst","Caltrops"],"picked":"Dodge and Roll","floor":7},{"not_picked":["Quick Slash","Tactician"],"picked":"Dodge and Roll","floor":8},{"not_picked":["Venomology","Infinite Blades"],"picked":"Well Laid Plans","floor":12},{"not_picked":["Bane","Acrobatics","Dodge and Roll"],"picked":"Noxious Fumes","floor":13},{"not_picked":["Quick Slash","Deflect","Underhanded Strike"],"picked":"Poisoned Stab","floor":14},{"not_picked":["Night Terror","After Image","Malaise"],"picked":"Die Die Die","floor":16},{"not_picked":["Leg Sweep","Outmaneuver+1","Flying Knee"],"picked":"Footwork","floor":18},{"not_picked":["Poisoned Stab","Blade Dance","Blur"],"picked":"Flying Knee+1","floor":22},{"not_picked":["Dagger Throw","Prepared","Distraction+1"],"picked":"Die Die Die","floor":25},{"not_picked":["Expertise+1","Eviscerate+1","Prepared+1"],"picked":"Dagger Spray+1","floor":30},{"not_picked":["Accuracy","Bouncing Flask+1","Predator+1"],"picked":"Footwork","floor":31}],"player_experience":207861,"relics_obtained":[{"floor":8,"key":"Pocketwatch"},{"floor":9,"key":"Art of War"},{"floor":12,"key":"Question Card"},{"floor":25,"key":"Bottled Lightning"},{"floor":26,"key":"Molten Egg 2"},{"floor":30,"key":"Old Coin"}],"event_choices":[{"damage_healed":0,"gold_gain":0,"player_choice":"Grow","damage_taken":0,"max_hp_gain":0,"max_hp_loss":0,"event_name":"Living Wall","floor":2,"gold_loss":0,"cards_upgraded":["Deadly Poison"]},{"damage_healed":0,"gold_gain":100,"player_choice":"Gold","damage_taken":0,"max_hp_gain":0,"max_hp_loss":0,"event_name":"Wheel of Change","floor":4,"gold_loss":0},{"damage_healed":0,"gold_gain":0,"cards_transformed":["Glass Knife","Defend_G"],"player_choice":"Became Test Subject","damage_taken":0,"max_hp_gain":0,"max_hp_loss":0,"event_name":"Drug Dealer","floor":19,"gold_loss":0,"cards_obtained":["Infinite Blades","Masterful Stab"]},{"damage_healed":0,"gold_gain":0,"player_choice":"Fight","damage_taken":0,"max_hp_gain":0,"max_hp_loss":0,"event_name":"Colosseum","floor":20,"gold_loss":0},{"damage_healed":0,"gold_gain":0,"player_choice":"Fled From Nobs","damage_taken":0,"max_hp_gain":0,"max_hp_loss":0,"event_name":"Colosseum","floor":20,"gold_loss":0},{"damage_healed":0,"gold_gain":0,"player_choice":"Smashed Altar","damage_taken":0,"max_hp_gain":0,"max_hp_loss":0,"event_name":"Forgotten Altar","floor":28,"gold_loss":0,"cards_obtained":["Decay"]}],"is_beta":false,"boss_relics":[{"not_picked":["White Beast Statue","Pandora\u0027s Box"],"picked":"Astrolabe"}],"items_purged_floors":[10],"is_endless":false,"potions_floor_spawned":[8,13,14,18,25,31],"killed_by":"Collector","ascension_level":2}