{"gold_per_floor":[112,22,22,22,197,197,52,77,129,158,158,187,36,53,53,153,153,171,16,29,29,29,29,29,29,29,29,29,47,59,59,59,59],"floor_reached":33,"playtime":1047,"items_purged":[],"score":283,"play_id":"267b15d4-2729-4340-8337-3f08952017b5","local_time":"20190328170723","is_ascension_mode":true,"campfire_choices":[{"data":"Redo","floor":6,"key":"SMITH"},{"floor":11,"key":"REST"},{"floor":15,"key":"REST"},{"data":"Defragment","floor":23,"key":"SMITH"},{"data":"Enlightenment","floor":24,"key":"SMITH"},{"data":"Multi-Cast","floor":25,"key":"SMITH"},{"floor":32,"key":"REST"}],"neow_cost":"NONE","seed_source_timestamp":844507215475300,"circlet_count":0,"master_deck":["Strike_B","Strike_B","Strike_B","Strike_B","Defend_B","Defend_B","Defend_B","Defend_B","Zap+1","Dualcast","Redo+1","BootSequence","Doubt","Multi-Cast+1","Undo","Defragment+1","Chaos","Electrodynamics","Regret","Decay","Static Discharge+1","Enlightenment+1","Melter","Decay","Static Discharge"],"relics":["Nuclear Battery","Strawberry","Nunchaku","PreservedInsect","Juzu Bracelet","Emotion Chip","Blood Vial","Calling Bell","Bag of Marbles","Pantograph","WingedGreaves"],"potions_floor_usage":[8,8,10,20,33,33,33,33],"damage_taken":[{"damage":7,"enemies":"Small Slimes","floor":1,"turns":4},{"damage":30,"enemies":"Lagavulin","floor":8,"turns":6},{"damage":10,"enemies":"3 Sentries","floor":10,"turns":7},{"damage":25,"enemies":"Gremlin Nob","floor":12,"turns":4},{"damage":0,"enemies":"Jaw Worm","floor":14,"turns":4},{"damage":61,"enemies":"Slime Boss","floor":16,"turns":8},{"damage":22,"enemies":"2 Thieves","floor":18,"turns":3},{"damage":0,"enemies":"Spheric Guardian","floor":20,"turns":2},{"damage":21,"enemies":"Snecko","floor":29,"turns":5},{"damage":45,"enemies":"3 Cultists","floor":30,"turns":4},{"damage":70,"enemies":"Collector","floor":33,"turns":6}],"seed_played":"-5933359765636913418","potions_obtained":[{"floor":1,"key":"AttackPotion"},{"floor":8,"key":"EssenceOfSteel"},{"floor":14,"key":"SpeedPotion"},{"floor":18,"key":"Swift Potion"},{"floor":30,"key":"EntropicBrew"}],"is_trial":false,"path_per_floor":["M","$","?","?","?","R","$","E","T","E","R","E","$","M","R","B",null,"M","$","M","?","$","R","R","R","T","?","?","M","M","$","R","B"],"character_chosen":"DEFECT","items_purchased":["BootSequence","Fire Potion","Strawberry","Blood Vial","Enlightenment","Melter"],"campfire_rested":3,"item_purchase_floors":[2,2,7,13,19,19],"current_hp_per_floor":[68,68,68,68,68,68,75,45,45,35,59,34,34,36,60,1,82,60,60,62,62,62,62,62,62,62,62,82,61,18,18,42,0],"gold":59,"neow_bonus":"BOSS_RELIC","is_prod":false,"is_daily":false,"chose_seed":false,"campfire_upgraded":4,"win_rate":0,"timestamp":1553818043,"path_taken":["M","$","?","?","?","R","?","E","T","E","R","E","$","M","R","BOSS","M","$","M","?","$","R","R","R","T","?","?","M","M","$","R","BOSS"],"build_version":"2019-01-23","purchased_purges":0,"victory":false,"max_hp_per_floor":[75,75,75,75,75,75,82,82,82,82,82,82,82,82,82,82,82,82,82,82,82,82,82,82,82,82,82,82,82,82,82,82,82],"card_choices":[{"not_picked":["Storm","Conserve Battery"],"picked":"Redo","floor":1},{"not_picked":["Chill","Core Surge"],"picked":"Multi-Cast","floor":8},{"not_picked":["Sweeping Beam","Compile Driver"],"picked":"Undo","floor":10},{"not_picked":["Doom and Gloom","Chaos"],"picked":"Defragment","floor":12},{"not_picked":["Go for the Eyes","Fusion"],"picked":"Chaos","floor":14},{"not_picked":["Core Surge","Meteor Strike"],"picked":"Electrodynamics","floor":16},{"not_picked":["Heatsinks","Compile Driver"],"picked":"Static Discharge+1","floor":18},{"not_picked":["Gash","Stack","Cold Snap+1"],"picked":"SKIP","floor":20},{"not_picked":["Streamline","Gash"],"picked":"Static Discharge","floor":29},{"not_picked":["Coolheaded","Leap","Amplify"],"picked":"SKIP","floor":30}],"player_experience":375612,"relics_obtained":[{"floor":8,"key":"Nunchaku"},{"floor":9,"key":"PreservedInsect"},{"floor":10,"key":"Juzu Bracelet"},{"floor":12,"key":"Emotion Chip"},{"floor":17,"key":"Bag of Marbles"},{"floor":17,"key":"Pantograph"},{"floor":17,"key":"WingedGreaves"}],"event_choices":[{"damage_healed":0,"gold_gain":0,"player_choice":"Grow","damage_taken":0,"max_hp_gain":0,"max_hp_loss":0,"event_name":"Living Wall","floor":3,"gold_loss":0,"cards_upgraded":["Zap"]},{"damage_healed":0,"gold_gain":0,"player_choice":"Ignored","damage_taken":0,"max_hp_gain":0,"max_hp_loss":0,"event_name":"Golden Idol","floor":4,"gold_loss":0},{"damage_healed":0,"gold_gain":175,"player_choice":"AGREE","damage_taken":0,"max_hp_gain":0,"max_hp_loss":0,"event_name":"Liars Game","floor":5,"gold_loss":0,"cards_obtained":["Doubt"]},{"cards_removed":["Normality"],"damage_healed":0,"gold_gain":0,"player_choice":"Elegance","damage_taken":0,"max_hp_gain":0,"max_hp_loss":0,"event_name":"Back to Basics","floor":21,"gold_loss":0},{"damage_healed":0,"gold_gain":0,"player_choice":"Smashed Altar","damage_taken":0,"max_hp_gain":0,"max_hp_loss":0,"event_name":"Forgotten Altar","floor":27,"gold_loss":0,"cards_obtained":["Decay"]},{"damage_healed":27,"gold_gain":0,"player_choice":"Heal","damage_taken":0,"max_hp_gain":0,"max_hp_loss":0,"event_name":"The Library","floor":28,"gold_loss":0}],"is_beta":false,"boss_relics":[{"not_picked":["Philosopher\u0027s Stone","Black Star"],"picked":"Calling Bell"}],"items_purged_floors":[],"is_endless":false,"potions_floor_spawned":[1,8,14,18,30],"killed_by":"Collector","ascension_level":2}