{"gold_per_floor":[110,110,161,111,125,159,159,159,159,188,9,23,0,19,19,121,121,139,79,4,21,21,40,40,14,14,14,45,91,91],"floor_reached":30,"playtime":1143,"items_purged":[],"score":279,"play_id":"fb9936ce-bb0d-454d-acb1-a710c28d3800","local_time":"20190318154425","is_ascension_mode":true,"campfire_choices":[{"data":"Headbutt","floor":7,"key":"SMITH"},{"floor":15,"key":"REST"},{"data":"Flame Barrier","floor":24,"key":"SMITH"}],"neow_cost":"NONE","seed_source_timestamp":410757211595151,"circlet_count":0,"master_deck":["Strike_R","Strike_R","Strike_R","Defend_R","Defend_R","Defend_R+1","Bash","Armaments","Flame Barrier+1","Whirlwind","Headbutt+1","Parasite","Juggernaut","Shrug It Off","Feed","Pommel Strike","Warcry","Spot Weakness","Limit Break","Flame Barrier+1","Shrug It Off","Body Slam+1","Heavy Blade+1","Armaments","Decay","Entrench+1"],"relics":["Black Star","Oddly Smooth Stone","War Paint","Kunai","Paper Frog","Sundial","Boot","Philosopher\u0027s Stone","Centennial Puzzle","Vajra","Happy Flower","Bag of Marbles","Whetstone"],"potions_floor_usage":[6,6,30,30,30],"damage_taken":[{"damage":9,"enemies":"2 Louse","floor":1,"turns":4},{"damage":6,"enemies":"Jaw Worm","floor":5,"turns":4},{"damage":20,"enemies":"Gremlin Nob","floor":6,"turns":4},{"damage":43,"enemies":"Lagavulin","floor":10,"turns":8},{"damage":4,"enemies":"Small Slimes","floor":12,"turns":4},{"damage":6,"enemies":"Exordium Wildlife","floor":14,"turns":4},{"damage":50,"enemies":"Slime Boss","floor":16,"turns":10},{"damage":19,"enemies":"Shell Parasite","floor":18,"turns":5},{"damage":0,"enemies":"3 Byrds","floor":21,"turns":4},{"damage":0,"enemies":"Snecko","floor":23,"turns":4},{"damage":59,"enemies":"Gremlin Leader","floor":28,"turns":6},{"damage":9,"enemies":"Snake Plant","floor":30,"turns":2}],"seed_played":"6960518021924678354","potions_obtained":[{"floor":1,"key":"Regen Potion"},{"floor":5,"key":"Strength Potion"},{"floor":12,"key":"Swift Potion"},{"floor":21,"key":"Dexterity Potion"},{"floor":23,"key":"FearPotion"}],"is_trial":false,"path_per_floor":["M","?","T","?","M","E","R","?","T","E","$","M","$","M","R","B",null,"M","?","$","M","T","M","R","$","T","?","E","T","M"],"character_chosen":"IRONCLAD","items_purchased":["Shrug It Off","Feed","Warcry","Shrug It Off","Body Slam","Armaments"],"campfire_rested":1,"item_purchase_floors":[11,11,13,20,20,25],"current_hp_per_floor":[71,71,71,71,65,54,54,74,74,31,31,30,30,27,52,2,86,67,67,67,67,67,67,67,67,67,67,8,8,0],"gold":91,"neow_bonus":"BOSS_RELIC","is_prod":false,"is_daily":false,"chose_seed":false,"campfire_upgraded":2,"win_rate":0,"timestamp":1552945465,"path_taken":["M","?","?","?","M","E","R","?","T","E","?","M","$","?","R","BOSS","M","?","$","?","?","M","R","?","T","?","E","?","M"],"build_version":"2019-01-23","purchased_purges":0,"victory":false,"max_hp_per_floor":[80,80,80,80,80,80,80,80,80,80,80,83,83,86,86,86,86,86,86,86,86,86,86,86,86,86,86,86,86,86],"card_choices":[{"not_picked":["Hemokinesis","Burning Pact"],"picked":"Armaments","floor":1},{"not_picked":["Seeing Red","Searing Blow"],"picked":"Whirlwind","floor":5},{"not_picked":["Immolate","Perfected Strike"],"picked":"Headbutt","floor":6},{"not_picked":["Flex","Dropkick"],"picked":"Juggernaut","floor":10},{"not_picked":["Rupture","Sword Boomerang"],"picked":"Pommel Strike","floor":12},{"not_picked":["Pommel Strike","True Grit"],"picked":"Spot Weakness","floor":14},{"not_picked":["Brutality","Fiend Fire"],"picked":"Limit Break","floor":16},{"not_picked":["Clash+1","Body Slam"],"picked":"Flame Barrier","floor":18},{"not_picked":["Rampage+1","Thunderclap"],"picked":"Heavy Blade","floor":21},{"not_picked":["Disarm","Iron Wave+1","Sentinel+1"],"picked":"SKIP","floor":23},{"not_picked":["Heavy Blade","Body Slam"],"picked":"Entrench+1","floor":28}],"player_experience":258865,"relics_obtained":[{"floor":3,"key":"Oddly Smooth Stone"},{"floor":6,"key":"War Paint"},{"floor":6,"key":"Kunai"},{"floor":9,"key":"Paper Frog"},{"floor":10,"key":"Sundial"},{"floor":10,"key":"Boot"},{"floor":22,"key":"Centennial Puzzle"},{"floor":26,"key":"Vajra"},{"floor":28,"key":"Happy Flower"},{"floor":28,"key":"Bag of Marbles"},{"floor":29,"key":"Whetstone"}],"event_choices":[{"damage_healed":0,"gold_gain":0,"cards_transformed":["Strike_R"],"player_choice":"Change","damage_taken":0,"max_hp_gain":0,"max_hp_loss":0,"event_name":"Living Wall","floor":2,"gold_loss":0,"cards_obtained":["Flame Barrier"]},{"cards_removed":["Defend_R"],"damage_healed":0,"gold_gain":0,"player_choice":"Card Removal","damage_taken":0,"max_hp_gain":0,"max_hp_loss":0,"event_name":"The Cleric","floor":4,"gold_loss":50},{"damage_healed":20,"gold_gain":0,"player_choice":"Healed and dodged fight","damage_taken":0,"max_hp_gain":0,"max_hp_loss":0,"event_name":"Mushrooms","floor":8,"gold_loss":0,"cards_obtained":["Parasite"]},{"cards_removed":["Strike_R"],"damage_healed":0,"gold_gain":0,"player_choice":"Single Remove","damage_taken":0,"max_hp_gain":0,"max_hp_loss":0,"event_name":"Designer","floor":19,"gold_loss":60},{"damage_healed":0,"gold_gain":0,"player_choice":"Smashed Altar","damage_taken":0,"max_hp_gain":0,"max_hp_loss":0,"event_name":"Forgotten Altar","floor":27,"gold_loss":0,"cards_obtained":["Decay"]}],"is_beta":false,"boss_relics":[{"not_picked":["Velvet Choker","Eternal Feather"],"picked":"Philosopher\u0027s Stone"}],"items_purged_floors":[],"is_endless":false,"potions_floor_spawned":[1,5,12,21,23,28],"killed_by":"Snake Plant","ascension_level":2}