{"gold_per_floor":[118,118,118,128,140,168,168,200,269,269,282,317,333,359,359,456,456,475,475,119,99,111,169,181,181,208,208,236,186,213,229,229,229],"floor_reached":33,"playtime":1216,"items_purged":["Decay"],"score":400,"play_id":"31e2ffab-6064-4b82-84d4-d771f3aaeb90","local_time":"20190107173729","is_ascension_mode":true,"campfire_choices":[{"data":"Thunderclap","floor":7,"key":"SMITH"},{"data":"Demon Form","floor":15,"key":"SMITH"},{"data":"Fiend Fire","floor":25,"key":"SMITH"},{"floor":27,"key":"REST"},{"floor":32,"key":"REST"}],"neow_cost":"NONE","seed_source_timestamp":164092450870281,"circlet_count":0,"master_deck":["Strike_R","Strike_R","Strike_R","Strike_R","Strike_R","Defend_R+1","Bash","Feed+1","Barricade+1","Infernal Blade+1","Decay","Clash","Thunderclap+1","Shrug It Off+1","Metallicize","Flame Barrier+1","Demon Form+1","Fiend Fire+1","Power Through+1","Second Wind","Rage+1","Headbutt+1","Combust+1"],"relics":["Astrolabe","Torii","Blood Vial","Bottled Tornado","Darkstone Periapt","Red Skull","Philosopher\u0027s Stone","Membership Card","War Paint","Tiny Chest","Juzu Bracelet","Calipers","Gremlin Horn"],"potions_floor_usage":[6,13,18,23,30,31,33],"damage_taken":[{"damage":2,"enemies":"2 Louse","floor":1,"turns":2},{"damage":9,"enemies":"Small Slimes","floor":4,"turns":3},{"damage":2,"enemies":"Cultist","floor":5,"turns":2},{"damage":33,"enemies":"3 Sentries","floor":6,"turns":4},{"damage":14,"enemies":"Gremlin Nob","floor":8,"turns":3},{"damage":9,"enemies":"3 Louse","floor":11,"turns":2},{"damage":15,"enemies":"3 Sentries","floor":12,"turns":6},{"damage":0,"enemies":"Lots of Slimes","floor":13,"turns":2},{"damage":15,"enemies":"Gremlin Nob","floor":14,"turns":3},{"damage":53,"enemies":"Hexaghost","floor":16,"turns":6},{"damage":5,"enemies":"3 Byrds","floor":18,"turns":2},{"damage":12,"enemies":"Shell Parasite","floor":22,"turns":5},{"damage":60,"enemies":"Gremlin Leader","floor":23,"turns":5},{"damage":16,"enemies":"Snecko","floor":24,"turns":3},{"damage":33,"enemies":"Book of Stabbing","floor":28,"turns":4},{"damage":41,"enemies":"Gremlin Leader","floor":30,"turns":3},{"damage":32,"enemies":"Snake Plant","floor":31,"turns":3},{"damage":56,"enemies":"Collector","floor":33,"turns":5}],"seed_played":"8830688038917473460","potions_obtained":[{"floor":1,"key":"PowerPotion"},{"floor":5,"key":"GamblersBrew"},{"floor":14,"key":"Swift Potion"},{"floor":16,"key":"Explosive Potion"},{"floor":21,"key":"Dexterity Potion"},{"floor":23,"key":"Poison Potion"}],"is_trial":false,"path_per_floor":["M","?","?","M","M","E","R","E","T","?","M","E","M","E","R","B",null,"M","?","$","?","M","E","M","R","T","R","E","?","E","M","R","B"],"character_chosen":"IRONCLAD","items_purchased":["Membership Card","War Paint","BloodPotion"],"campfire_rested":2,"item_purchase_floors":[20,20,20],"current_hp_per_floor":[82,82,82,77,79,46,46,32,32,102,97,88,94,85,85,38,122,117,123,123,123,117,59,49,49,49,89,58,58,19,2,42,0],"gold":229,"neow_bonus":"BOSS_RELIC","is_prod":false,"is_daily":false,"chose_seed":false,"campfire_upgraded":3,"win_rate":0,"timestamp":1546882649,"path_taken":["M","?","?","?","M","E","R","E","T","?","?","E","M","E","R","BOSS","M","?","$","?","?","E","M","R","T","R","E","?","E","M","R","BOSS"],"build_version":"2019-01-03v4","purchased_purges":1,"victory":false,"max_hp_per_floor":[84,84,84,88,92,92,92,92,92,102,106,110,114,118,118,122,122,122,128,128,128,132,132,136,136,136,136,136,136,136,136,136,136],"card_choices":[{"not_picked":["Burning Pact","Twin Strike","Hemokinesis"],"picked":"SKIP","floor":1},{"not_picked":["Armaments","Twin Strike"],"picked":"Feed","floor":4},{"not_picked":["Perfected Strike","Anger"],"picked":"Clash","floor":5},{"not_picked":["Dark Embrace","Heavy Blade"],"picked":"Thunderclap","floor":6},{"not_picked":["Perfected Strike","Feed"],"picked":"Shrug It Off","floor":8},{"not_picked":["Thunderclap","Armaments"],"picked":"Metallicize","floor":11},{"not_picked":["Armaments","Body Slam"],"picked":"Flame Barrier","floor":12},{"not_picked":["Rupture","Clothesline","Sever Soul"],"picked":"SKIP","floor":13},{"not_picked":["Infernal Blade","Body Slam"],"picked":"Demon Form","floor":14},{"not_picked":["Dark Embrace","Feed"],"picked":"Fiend Fire","floor":16},{"not_picked":["Rage","Clothesline"],"picked":"Power Through+1","floor":18},{"not_picked":["Intimidate","Thunderclap"],"picked":"Second Wind","floor":22},{"not_picked":["Spot Weakness","Carnage"],"picked":"Rage+1","floor":23},{"not_picked":["Thunderclap","Armaments"],"picked":"Headbutt+1","floor":24},{"not_picked":["Clash","Warcry+1"],"picked":"Combust+1","floor":28},{"not_picked":["Intimidate","Reckless Charge+1","True Grit"],"picked":"SKIP","floor":30},{"not_picked":["True Grit+1","Fire Breathing","Warcry"],"picked":"SKIP","floor":31}],"player_experience":11294,"relics_obtained":[{"floor":6,"key":"Torii"},{"floor":8,"key":"Blood Vial"},{"floor":9,"key":"Bottled Tornado"},{"floor":12,"key":"Darkstone Periapt"},{"floor":14,"key":"Red Skull"},{"floor":23,"key":"Tiny Chest"},{"floor":26,"key":"Juzu Bracelet"},{"floor":28,"key":"Calipers"},{"floor":30,"key":"Gremlin Horn"}],"event_choices":[{"damage_healed":0,"gold_gain":0,"player_choice":"Grow","damage_taken":0,"max_hp_gain":0,"max_hp_loss":0,"event_name":"Living Wall","floor":2,"gold_loss":0,"cards_upgraded":["Defend_R"]},{"damage_healed":0,"gold_gain":0,"player_choice":"Cursed","damage_taken":0,"max_hp_gain":0,"max_hp_loss":0,"event_name":"Wheel of Change","floor":3,"gold_loss":0,"cards_obtained":["Decay"]},{"cards_removed":["Feed"],"damage_healed":60,"gold_gain":0,"player_choice":"Offered Rare","damage_taken":0,"max_hp_gain":10,"max_hp_loss":0,"event_name":"Bonfire Elementals","floor":10,"gold_loss":0},{"damage_healed":0,"gold_gain":0,"player_choice":"Smashed Altar","damage_taken":0,"max_hp_gain":0,"max_hp_loss":0,"event_name":"Forgotten Altar","floor":19,"gold_loss":0,"cards_obtained":["Decay"]},{"damage_healed":0,"gold_gain":0,"player_choice":"Bought 1 Potion","damage_taken":0,"max_hp_gain":0,"max_hp_loss":0,"event_name":"The Woman in Blue","floor":21,"gold_loss":0},{"damage_healed":0,"gold_gain":0,"player_choice":"Bet on Murderer","damage_taken":0,"max_hp_gain":0,"max_hp_loss":0,"event_name":"The Joust","floor":29,"gold_loss":50}],"is_beta":false,"boss_relics":[{"not_picked":["Eternal Feather","Tiny House"],"picked":"Philosopher\u0027s Stone"}],"items_purged_floors":[20],"is_endless":false,"potions_floor_spawned":[1,5,14,16,23,24,28],"killed_by":"Collector","ascension_level":1}