{"gold_per_floor":[113,1,1,16,29,55,55,71,96,110,130,130],"floor_reached":12,"playtime":480,"items_purged":[],"score":152,"play_id":"f86dbe06-1274-4ade-842b-47b5540b0974","local_time":"20190430231523","is_ascension_mode":true,"campfire_choices":[{"floor":7,"key":"REST"}],"neow_cost":"TEN_PERCENT_HP_LOSS","seed_source_timestamp":5378214559938,"circlet_count":0,"master_deck":["AscendersBane","Strike_R","Strike_R","Strike_R","Strike_R","Strike_R","Defend_R","Defend_R","Defend_R","Defend_R","Bash","Brutality","Rampage","Headbutt","Shrug It Off","Armaments","Shrug It Off","Hemokinesis","Disarm","Clothesline"],"relics":["Burning Blood","Anchor","Potion Belt"],"potions_floor_usage":[12,12],"damage_taken":[{"damage":14,"enemies":"2 Louse","floor":1,"turns":2},{"damage":14,"enemies":"Small Slimes","floor":4,"turns":4},{"damage":14,"enemies":"Jaw Worm","floor":5,"turns":4},{"damage":36,"enemies":"Gremlin Nob","floor":6,"turns":5},{"damage":4,"enemies":"2 Fungi Beasts","floor":8,"turns":3},{"damage":11,"enemies":"3 Louse","floor":10,"turns":4},{"damage":10,"enemies":"Blue Slaver","floor":11,"turns":4},{"damage":28,"enemies":"3 Sentries","floor":12,"turns":7}],"seed_played":"-3791109930291027630","potions_obtained":[{"floor":6,"key":"GamblersBrew"},{"floor":10,"key":"Strength Potion"},{"floor":11,"key":"Explosive Potion"}],"is_trial":false,"path_per_floor":["M","$","?","M","M","E","R","M","T","M","M","E"],"character_chosen":"IRONCLAD","items_purchased":["Headbutt","Shrug It Off"],"campfire_rested":1,"item_purchase_floors":[2,2],"current_hp_per_floor":[60,60,60,52,44,14,34,36,36,31,27,0],"gold":130,"neow_bonus":"THREE_RARE_CARDS","is_prod":false,"is_daily":false,"chose_seed":false,"campfire_upgraded":0,"win_rate":0,"timestamp":1556691323,"path_taken":["M","$","?","M","M","E","R","M","T","M","M","E"],"build_version":"2019-01-23","purchased_purges":0,"victory":false,"max_hp_per_floor":[68,68,68,68,68,68,68,68,68,68,68,68],"card_choices":[{"not_picked":["Exhume","Barricade"],"picked":"Brutality","floor":0},{"not_picked":["Flex","Anger"],"picked":"Rampage","floor":1},{"not_picked":["Dropkick","Cleave"],"picked":"Armaments","floor":4},{"not_picked":["Searing Blow","Pummel"],"picked":"Shrug It Off","floor":5},{"not_picked":["Heavy Blade","Perfected Strike"],"picked":"Hemokinesis","floor":6},{"not_picked":["Twin Strike","Clash","Thunderclap"],"picked":"SKIP","floor":8},{"not_picked":["Dropkick","Armaments"],"picked":"Disarm","floor":10},{"not_picked":["Havoc","Iron Wave"],"picked":"Clothesline","floor":11}],"player_experience":514637,"relics_obtained":[{"floor":6,"key":"Anchor"},{"floor":9,"key":"Potion Belt"}],"event_choices":[{"damage_healed":0,"gold_gain":0,"player_choice":"Fled","damage_taken":0,"max_hp_gain":0,"max_hp_loss":0,"event_name":"Scrap Ooze","floor":3,"gold_loss":0}],"is_beta":false,"boss_relics":[],"items_purged_floors":[],"is_endless":false,"potions_floor_spawned":[6,10,11],"killed_by":"3 Sentries","ascension_level":17}