{"gold_per_floor":[117,135,154,154,4,31,43,43,43,58,69,69,125,88,88,190,190,202,217,217,20,20,45,62,72,146,146,165,200,200,215,215,320,320,334,344,344,52,52],"floor_reached":39,"playtime":2848,"items_purged":[],"score":448,"play_id":"cf7e121f-56f6-42f3-ac75-ebabec0c47fc","local_time":"20190309104546","is_ascension_mode":false,"campfire_choices":[{"data":"Defragment","floor":8,"key":"SMITH"},{"data":"Redo","floor":12,"key":"SMITH"},{"data":"Chaos","floor":15,"key":"SMITH"},{"floor":27,"key":"REST"},{"floor":32,"key":"REST"}],"neow_cost":"NONE","seed_source_timestamp":434543287502128,"circlet_count":0,"master_deck":["Strike_B","Strike_B","Strike_B","Defend_B","Defend_B+1","Defend_B","Zap","Dualcast+1","Conserve Battery","Steam","Defragment","Defragment+1","Hyperbeam","Go for the Eyes","Redo+1","Chaos+1","Electrodynamics","Leap","Auto Shields","Apotheosis+1","Hologram","Sunder+1","Barrage+1","Stack","Creative AI","BootSequence+1","Seek","Redo","Redo+1","Stack","Chill","Go for the Eyes","Chaos+1","Self Repair","Hello World","Loop"],"relics":["Cracked Core","NeowsBlessing","War Paint","Shovel","Torii","White Beast Statue","Shuriken","Dodecahedron","Juzu Bracelet","MutagenicStrength","Orrery","Letter Opener"],"potions_floor_usage":[16,16,23,28,33,33,39,39],"damage_taken":[{"damage":0,"enemies":"Jaw Worm","floor":1,"turns":1},{"damage":0,"enemies":"2 Louse","floor":2,"turns":1},{"damage":0,"enemies":"Cultist","floor":3,"turns":1},{"damage":7,"enemies":"Lagavulin","floor":6,"turns":9},{"damage":19,"enemies":"2 Fungi Beasts","floor":7,"turns":4},{"damage":0,"enemies":"Red Slaver","floor":10,"turns":2},{"damage":1,"enemies":"Lots of Slimes","floor":11,"turns":2},{"damage":7,"enemies":"Hexaghost","floor":16,"turns":10},{"damage":0,"enemies":"3 Byrds","floor":18,"turns":2},{"damage":17,"enemies":"Chosen","floor":19,"turns":5},{"damage":41,"enemies":"Gremlin Leader","floor":23,"turns":6},{"damage":0,"enemies":"3 Cultists","floor":24,"turns":2},{"damage":13,"enemies":"Cultist and Chosen","floor":25,"turns":4},{"damage":2,"enemies":"Chosen and Byrds","floor":28,"turns":5},{"damage":21,"enemies":"Slavers","floor":29,"turns":2},{"damage":18,"enemies":"Centurion and Healer","floor":31,"turns":5},{"damage":21,"enemies":"Champ","floor":33,"turns":10},{"damage":1,"enemies":"Orb Walker","floor":35,"turns":3},{"damage":31,"enemies":"3 Darklings","floor":36,"turns":10},{"damage":68,"enemies":"Maw","floor":39,"turns":7}],"seed_played":"-5305602309584015367","potions_obtained":[{"floor":1,"key":"SteroidPotion"},{"floor":6,"key":"LiquidBronze"},{"floor":7,"key":"Dexterity Potion"},{"floor":18,"key":"Poison Potion"},{"floor":19,"key":"Regen Potion"},{"floor":23,"key":"Poison Potion"},{"floor":24,"key":"GamblersBrew"},{"floor":25,"key":"LiquidBronze"},{"floor":28,"key":"FairyPotion"},{"floor":29,"key":"Fire Potion"},{"floor":31,"key":"SneckoOil"},{"floor":33,"key":"Strength Potion"},{"floor":35,"key":"Regen Potion"},{"floor":36,"key":"Swift Potion"}],"is_trial":false,"path_per_floor":["M","M","M","?","$","E","M","R","T","M","M","R","?","$","R","B",null,"M","M","?","$","?","E","M","M","T","R","M","E","?","M","R","B",null,"M","M","?","$","M"],"character_chosen":"DEFECT","items_purchased":["War Paint","Chaos","Apotheosis","Letter Opener","Loop"],"campfire_rested":2,"item_purchase_floors":[5,14,21,38,38],"current_hp_per_floor":[75,75,75,75,75,68,49,49,49,49,48,48,48,48,48,41,75,75,58,58,58,58,31,31,18,18,40,38,17,17,6,28,7,75,74,43,43,43,0],"gold":52,"neow_bonus":"THREE_ENEMY_KILL","is_prod":false,"is_daily":false,"chose_seed":false,"campfire_upgraded":3,"win_rate":0.0,"timestamp":1552095946,"path_taken":["M","M","M","?","$","E","M","R","T","M","M","R","?","$","R","BOSS","M","M","?","$","?","E","M","M","T","R","?","E","?","M","R","BOSS","M","M","?","$","M"],"build_version":"2019-01-23","purchased_purges":0,"victory":false,"max_hp_per_floor":[75,75,75,75,75,75,75,75,75,75,75,75,75,75,75,75,75,75,75,75,75,75,75,75,75,75,75,75,75,75,75,75,75,75,75,75,75,75,75],"card_choices":[{"not_picked":["Force Field","Rebound"],"picked":"Conserve Battery","floor":1},{"not_picked":["Conserve Battery","Streamline"],"picked":"Steam","floor":2},{"not_picked":["Rebound","Genetic Algorithm"],"picked":"Defragment","floor":3},{"not_picked":["Turbo","Chill"],"picked":"Defragment","floor":6},{"not_picked":["Rebound","Turbo"],"picked":"Hyperbeam","floor":7},{"not_picked":["Beam Cell","Steam"],"picked":"Go for the Eyes","floor":10},{"not_picked":["Rebound","Auto Shields"],"picked":"Redo","floor":11},{"not_picked":["Amplify","Reboot"],"picked":"Electrodynamics","floor":16},{"not_picked":["Steam Power","Beam Cell"],"picked":"Leap","floor":18},{"not_picked":["Lockon","Melter"],"picked":"Auto Shields","floor":19},{"not_picked":["Core Surge","Skim"],"picked":"Hologram","floor":23},{"not_picked":["Sweeping Beam","Streamline"],"picked":"Sunder+1","floor":24},{"not_picked":["Core Surge","Rebound"],"picked":"Barrage+1","floor":25},{"not_picked":["Undo","Double Energy"],"picked":"Stack","floor":28},{"not_picked":["Turbo","Multi-Cast"],"picked":"Creative AI","floor":29},{"not_picked":["Steam+1","Conserve Battery"],"picked":"BootSequence+1","floor":31},{"not_picked":["Creative AI","Echo Form"],"picked":"Seek","floor":33},{"not_picked":["Conserve Battery","Steam"],"picked":"Redo","floor":34},{"not_picked":["Leap","Force Field+1"],"picked":"Redo+1","floor":34},{"not_picked":["Barrage","Ball Lightning+1"],"picked":"Stack","floor":34},{"not_picked":["Storm","Steam Power"],"picked":"Chill","floor":34},{"not_picked":["Barrage","Hello World"],"picked":"Go for the Eyes","floor":34},{"not_picked":["Consume+1","Rip and Tear"],"picked":"Chaos+1","floor":35},{"not_picked":["Recycle","Reboot"],"picked":"Self Repair","floor":36}],"player_experience":45854,"relics_obtained":[{"floor":6,"key":"Shovel"},{"floor":9,"key":"Torii"},{"floor":23,"key":"Shuriken"},{"floor":26,"key":"Dodecahedron"},{"floor":29,"key":"Juzu Bracelet"}],"event_choices":[{"damage_healed":0,"gold_gain":0,"player_choice":"Leave","damage_taken":0,"max_hp_gain":0,"max_hp_loss":0,"event_name":"The Cleric","floor":4,"gold_loss":0},{"damage_healed":0,"gold_gain":56,"player_choice":"Gained Gold","damage_taken":0,"max_hp_gain":0,"max_hp_loss":0,"event_name":"Golden Wing","floor":13,"gold_loss":0},{"cards_removed":["Defend_B"],"damage_healed":0,"gold_gain":0,"player_choice":"Elegance","damage_taken":0,"max_hp_gain":0,"max_hp_loss":0,"event_name":"Back to Basics","floor":20,"gold_loss":0},{"damage_healed":0,"gold_gain":0,"player_choice":"Forge","damage_taken":0,"max_hp_gain":0,"max_hp_loss":0,"event_name":"Accursed Blacksmith","floor":22,"gold_loss":0,"cards_upgraded":["Apotheosis"]},{"damage_healed":0,"gold_gain":0,"player_choice":"Inject Mutagens","damage_taken":0,"relics_obtained":["MutagenicStrength"],"max_hp_gain":0,"max_hp_loss":0,"event_name":"Drug Dealer","floor":30,"gold_loss":0},{"damage_healed":0,"gold_gain":0,"cards_transformed":["Strike_B"],"player_choice":"Transformed","damage_taken":0,"max_hp_gain":0,"max_hp_loss":0,"event_name":"Transmorgrifier","floor":37,"gold_loss":0,"cards_obtained":["Hello World"]}],"is_beta":false,"boss_relics":[{"not_picked":["Velvet Choker","Busted Crown"],"picked":"White Beast Statue"},{"not_picked":["Astrolabe","Cursed Key"],"picked":"Orrery"}],"items_purged_floors":[],"is_endless":false,"potions_floor_spawned":[1,6,7,11,18,19,23,24,25,28,29,31,33,35,36],"killed_by":"Maw","ascension_level":0}