{"gold_per_floor":[127,210,222,247,275,313,325,357,369,404,57,73,92,106,106,205,205,218,13,32,32,47,81,92,92,92,124,55,55,1,18,18,113,113,123,123,123,136,136,136,155,170,193,193,222,239,239],"floor_reached":47,"playtime":4618,"items_purged":["Strike_B"],"score":549,"play_id":"bf4fc4fe-4b27-4b15-9a24-eab3345e988a","local_time":"20190404093956","is_ascension_mode":false,"campfire_choices":[{"data":"Consume","floor":7.0,"key":"SMITH"},{"floor":15.0,"key":"REST"},{"data":"Consume","floor":29.0,"key":"SMITH"},{"data":"Chaos","floor":32.0,"key":"SMITH"},{"data":"Fusion","floor":40.0,"key":"SMITH"},{"floor":44,"key":"REST"}],"neow_cost":"NONE","seed_source_timestamp":0,"circlet_count":0,"master_deck":["Defend_B","Defend_B","Defend_B","Defend_B","Zap+1","Dualcast","Cold Snap","Genetic Algorithm","Conserve Battery","Consume+1","Conserve Battery","Capacitor+1","Coolheaded","Conserve Battery+1","Ball Lightning+1","Flash of Steel","Force Field","Chaos+1","Capacitor+1","Electrodynamics+1","Heatsinks+1","Consume+1","Consume+1","Fusion+1","Rebound","Cold Snap","Barrage+1","Hello World+1","Stack","Conserve Battery","Machine Learning+1","Hologram+1","Streamline+1","Iron Wave","Gash","Doom and Gloom+1","Streamline+1","Rebound"],"special_seed":0,"relics":["Cracked Core","MawBank","Mercury Hourglass","Blood Vial","Frozen Egg 2","Ancient Tea Set","Sozu","DollysMirror","GremlinMask","Whetstone","War Paint","Bag of Preparation","Bag of Marbles","Velvet Choker","Pen Nib","Question Card"],"potions_floor_usage":[],"damage_taken":[{"damage":1.0,"enemies":"Cultist","floor":1.0,"turns":4.0},{"damage":3.0,"enemies":"2 Louse","floor":4.0,"turns":2.0},{"damage":4.0,"enemies":"Jaw Worm","floor":5.0,"turns":3.0},{"damage":27.0,"enemies":"Gremlin Nob","floor":6.0,"turns":5.0},{"damage":12.0,"enemies":"Exordium Thugs","floor":8.0,"turns":4.0},{"damage":0.0,"enemies":"Red Slaver","floor":12.0,"turns":4.0},{"damage":5.0,"enemies":"3 Louse","floor":13.0,"turns":3.0},{"damage":15.0,"enemies":"Exordium Thugs","floor":14.0,"turns":6.0},{"damage":5.0,"enemies":"Slime Boss","floor":16.0,"turns":10.0},{"damage":0.0,"enemies":"Spheric Guardian","floor":18.0,"turns":4.0},{"damage":1.0,"enemies":"Chosen","floor":20.0,"turns":4.0},{"damage":12.0,"enemies":"Shelled Parasite and Fungi","floor":22.0,"turns":4.0},{"damage":25.0,"enemies":"Slavers","floor":23.0,"turns":3.0},{"damage":0.0,"enemies":"Snecko","floor":24.0,"turns":4.0},{"damage":6.0,"enemies":"Book of Stabbing","floor":27.0,"turns":5.0},{"damage":6.0,"enemies":"Sentry and Sphere","floor":31.0,"turns":4.0},{"damage":7.0,"enemies":"Automaton","floor":33.0,"turns":8.0},{"damage":7.0,"enemies":"Orb Walker","floor":35.0,"turns":5.0},{"damage":18.0,"enemies":"3 Shapes","floor":38.0,"turns":4.0},{"damage":1.0,"enemies":"3 Darklings","floor":41.0,"turns":7.0},{"damage":42.0,"enemies":"4 Shapes","floor":42.0,"turns":4.0},{"damage":6,"enemies":"Giant Head","floor":45,"turns":8},{"damage":24,"enemies":"Spire Growth","floor":46,"turns":6},{"damage":13,"enemies":"Nemesis","floor":47,"turns":3}],"seed_played":"6529625143609253443","potions_obtained":[{"floor":5.0,"key":"Weak Potion"},{"floor":6.0,"key":"Fire Potion"},{"floor":8.0,"key":"Energy Potion"},{"floor":13.0,"key":"SkillPotion"}],"is_trial":false,"path_per_floor":["M","T","?","M","M","E","R","M","T","T","$","M","M","M","R","B",null,"M","$","M","?","M","E","M","?","T","E","$","R","$","M","R","B",null,"M","?","?","M","?","R","M","M","T","R","E","M","E"],"character_chosen":"DEFECT","items_purchased":["Capacitor+1","Coolheaded","Conserve Battery","Ball Lightning","Flash of Steel","DollysMirror","Hello World+1","Stack"],"campfire_rested":2,"item_purchase_floors":[11,11,11,11,11,19,28,30],"current_hp_per_floor":[74,74,67,64,60,33,33,23,23,23,23,25,22,9,31,28,75,75,75,74,74,63,40,42,42,42,38,38,38,38,34,34,29,75,68,68,68,52,52,52,53,13,13,34,30,8,0],"gold":239,"neow_bonus":"RANDOM_COMMON_RELIC","is_prod":false,"is_daily":false,"chose_seed":false,"campfire_upgraded":4,"win_rate":0.0,"timestamp":1554363596,"path_taken":["M","?","?","M","M","E","R","M","T","?","$","M","M","M","R","BOSS","M","$","M","?","M","E","?","?","T","E","$","R","?","M","R","BOSS","M","?","?","M","?","R","M","M","T","R","E","M","E"],"build_version":"2019-01-23","purchased_purges":1,"victory":false,"max_hp_per_floor":[75,75,75,75,75,75,75,75,75,75,75,75,75,75,75,75,75,75,75,75,75,75,75,75,75,75,75,75,75,75,75,75,75,75,75,71,71,71,71,71,71,71,71,71,71,71,71],"card_choices":[{"not_picked":["Sweeping Beam","Gash"],"picked":"Cold Snap","floor":1.0},{"not_picked":["Conserve Battery","Beam Cell"],"picked":"Genetic Algorithm","floor":4.0},{"not_picked":["Sweeping Beam","Go for the Eyes"],"picked":"Conserve Battery","floor":5.0},{"not_picked":["All For One","Fission"],"picked":"Consume","floor":6.0},{"not_picked":["Go for the Eyes","Hologram"],"picked":"Conserve Battery","floor":8.0},{"not_picked":["Doom and Gloom","Sweeping Beam"],"picked":"Force Field","floor":12.0},{"not_picked":["Go for the Eyes","Redo"],"picked":"Chaos","floor":13.0},{"not_picked":["Beam Cell","Compile Driver"],"picked":"Capacitor+1","floor":14.0},{"not_picked":["Fission","Biased Cognition+1"],"picked":"Electrodynamics+1","floor":16.0},{"not_picked":["Steam Power","Leap"],"picked":"Heatsinks+1","floor":18.0},{"not_picked":["Compile Driver","Redo+1"],"picked":"Consume","floor":20.0},{"not_picked":["Ball Lightning","Steam"],"picked":"Fusion","floor":22.0},{"not_picked":["Cold Snap","Thunder Strike"],"picked":"Rebound","floor":23.0},{"not_picked":["Steam","Beam Cell"],"picked":"Cold Snap","floor":24.0},{"not_picked":["Ball Lightning+1","Sweeping Beam+1"],"picked":"Barrage+1","floor":27.0},{"not_picked":["Auto Shields","Compile Driver"],"picked":"Conserve Battery","floor":31.0},{"not_picked":["Reboot","Buffer+1"],"picked":"Machine Learning+1","floor":33.0},{"not_picked":["Steam Power+1","Scrape"],"picked":"Hologram+1","floor":35.0},{"not_picked":["Leap","Beam Cell+1"],"picked":"Streamline+1","floor":38.0},{"not_picked":["Compile Driver","Go for the Eyes+1"],"picked":"Gash","floor":41.0},{"not_picked":["Aggregate+1","Stack"],"picked":"Doom and Gloom+1","floor":42},{"not_picked":["Ball Lightning+1","Steam+1"],"picked":"Streamline+1","floor":45},{"not_picked":["Cold Snap+1","Fusion+1","Double Energy"],"picked":"Rebound","floor":46}],"player_experience":16502,"relics_obtained":[{"floor":2.0,"key":"Mercury Hourglass"},{"floor":6.0,"key":"Blood Vial"},{"floor":9.0,"key":"Frozen Egg 2"},{"floor":10.0,"key":"Ancient Tea Set"},{"floor":23.0,"key":"Whetstone"},{"floor":26.0,"key":"Bag of Preparation"},{"floor":27.0,"key":"Bag of Marbles"},{"floor":43,"key":"Pen Nib"},{"floor":45,"key":"Question Card"}],"event_choices":[{"cards_removed":["Strike_B"],"damage_healed":0.0,"max_hp_gain":0.0,"max_hp_loss":0.0,"gold_gain":0.0,"event_name":"Golden Wing","player_choice":"Card Removal","floor":3.0,"gold_loss":0.0,"damage_taken":7.0},{"damage_healed":0.0,"max_hp_gain":0.0,"max_hp_loss":0.0,"gold_gain":0.0,"event_name":"FaceTrader","player_choice":"Trade","floor":21.0,"gold_loss":0.0,"damage_taken":0.0,"relics_obtained":["GremlinMask"]},{"damage_healed":0.0,"max_hp_gain":0.0,"max_hp_loss":0.0,"gold_gain":0.0,"event_name":"WeMeetAgain","player_choice":"Gave Potion","floor":25.0,"gold_loss":0.0,"damage_taken":0.0,"relics_obtained":["War Paint"]},{"damage_healed":0.0,"max_hp_gain":0.0,"max_hp_loss":4.0,"gold_gain":0.0,"event_name":"Winding Halls","player_choice":"Max HP","floor":36.0,"gold_loss":0.0,"damage_taken":0.0},{"cards_removed":["Strike_B"],"damage_healed":0.0,"max_hp_gain":0.0,"max_hp_loss":0.0,"gold_gain":0.0,"event_name":"Falling","player_choice":"Removed Attack","floor":37.0,"gold_loss":0.0,"damage_taken":0.0},{"cards_removed":["Strike_B"],"damage_healed":0.0,"max_hp_gain":0.0,"max_hp_loss":0.0,"gold_gain":0.0,"event_name":"NoteForYourself","player_choice":"Took Card","floor":39.0,"gold_loss":0.0,"damage_taken":0.0,"cards_obtained":["Iron Wave"]}],"is_beta":false,"boss_relics":[{"not_picked":["Cursed Key","Orrery"],"picked":"Sozu"},{"not_picked":["FrozenCore","Black Star"],"picked":"Velvet Choker"}],"items_purged_floors":[11],"is_endless":false,"potions_floor_spawned":[5,6,8,13,20,22,24,33,38,41,46],"killed_by":"Nemesis","ascension_level":0}