{"gold_per_floor":[119,165,126,144,144,176,191,201,281,296,296,331,347,122,122,217,217,233,148,168,181,35,35,35],"floor_reached":24,"playtime":1611,"items_purged":[],"score":268,"play_id":"a687ed7b-592a-441c-848d-2e7e89634791","local_time":"20190423224950","is_ascension_mode":true,"campfire_choices":[{"data":"White Noise","floor":11,"key":"SMITH"},{"floor":15,"key":"DIG"},{"floor":23,"key":"DIG"}],"neow_cost":"NONE","seed_source_timestamp":1210057547360400,"circlet_count":0,"master_deck":["Strike_B","Strike_B","Strike_B","Strike_B","Defend_B+1","Defend_B+1","Defend_B","Defend_B","Zap","Dualcast","Conserve Battery","Reprogram","Coolheaded","Meteor Strike","White Noise+1","Go for the Eyes","Loop","Conserve Battery","Glacier","Seek","Redo","Conserve Battery","Self Repair"],"relics":["Cracked Core","NeowsBlessing","Bag of Marbles","Ancient Tea Set","Symbiotic Virus","Shovel","War Paint","Dream Catcher","Black Star","WingedGreaves","DataDisk","Lantern"],"potions_floor_usage":[8,12,16,16,20,21,24],"damage_taken":[{"damage":0,"enemies":"Cultist","floor":1,"turns":1},{"damage":0,"enemies":"2 Louse","floor":4,"turns":1},{"damage":0,"enemies":"Gremlin Nob","floor":6,"turns":1},{"damage":4,"enemies":"Small Slimes","floor":7,"turns":3},{"damage":25,"enemies":"Exordium Thugs","floor":8,"turns":5},{"damage":0,"enemies":"2 Fungi Beasts","floor":10,"turns":3},{"damage":26,"enemies":"Lagavulin","floor":12,"turns":9},{"damage":0,"enemies":"Large Slime","floor":13,"turns":3},{"damage":10,"enemies":"Hexaghost","floor":16,"turns":13},{"damage":0,"enemies":"Shell Parasite","floor":18,"turns":5},{"damage":15,"enemies":"2 Thieves","floor":20,"turns":4},{"damage":43,"enemies":"Chosen and Byrds","floor":21,"turns":8},{"damage":22,"enemies":"Book of Stabbing","floor":24,"turns":4}],"seed_played":"-6494562336816552682","potions_obtained":[{"floor":4,"key":"FearPotion"},{"floor":5,"key":"Fire Potion"},{"floor":5,"key":"PowerPotion"},{"floor":10,"key":"Weak Potion"},{"floor":16,"key":"SkillPotion"},{"floor":18,"key":"Explosive Potion"},{"floor":21,"key":"FearPotion"}],"is_trial":false,"path_per_floor":["M","T","$","M","?","E","M","M","T","M","R","E","M","$","R","B",null,"M","?","M","M","$","R","E"],"character_chosen":"DEFECT","items_purchased":["Reprogram","Glacier","War Paint","DataDisk"],"campfire_rested":0,"item_purchase_floors":[3,14,14,22],"current_hp_per_floor":[75,75,75,75,75,75,71,46,46,46,46,20,20,20,20,10,75,75,75,60,17,17,17,0],"gold":35,"neow_bonus":"THREE_ENEMY_KILL","is_prod":false,"is_daily":false,"chose_seed":false,"campfire_upgraded":1,"win_rate":0,"timestamp":1556052590,"path_taken":["M","?","?","M","?","E","M","?","T","M","R","E","M","$","R","BOSS","M","?","M","M","$","R","E"],"build_version":"2019-01-23","purchased_purges":0,"victory":false,"max_hp_per_floor":[75,75,75,75,75,75,75,75,75,75,75,75,75,75,75,75,75,75,75,75,75,75,75,75],"card_choices":[{"not_picked":["Consume","Turbo"],"picked":"Conserve Battery","floor":1},{"not_picked":["Storm","Stack"],"picked":"Coolheaded","floor":4},{"not_picked":["Steam Power","Gash","Beam Cell"],"picked":"SKIP","floor":6},{"not_picked":["Recycle","Aggregate"],"picked":"Meteor Strike","floor":7},{"not_picked":["Steam","Leap"],"picked":"White Noise","floor":8},{"not_picked":["Melter","Sweeping Beam"],"picked":"Go for the Eyes","floor":10},{"not_picked":["Darkness","Redo"],"picked":"Loop","floor":12},{"not_picked":["Melter","Barrage"],"picked":"Conserve Battery","floor":13},{"not_picked":["Machine Learning","Thunder Strike"],"picked":"Seek","floor":16},{"not_picked":["Beam Cell","Rebound"],"picked":"Redo","floor":18},{"not_picked":["Reinforced Body","Barrage"],"picked":"Conserve Battery","floor":20},{"not_picked":["Ball Lightning","Streamline"],"picked":"Self Repair","floor":21}],"player_experience":654973,"relics_obtained":[{"floor":2,"key":"Bag of Marbles"},{"floor":6,"key":"Ancient Tea Set"},{"floor":9,"key":"Symbiotic Virus"},{"floor":12,"key":"Shovel"},{"floor":15,"key":"Dream Catcher"},{"floor":23,"key":"Lantern"}],"event_choices":[{"damage_healed":0,"gold_gain":0,"player_choice":"Got Potions","damage_taken":0,"max_hp_gain":0,"max_hp_loss":0,"event_name":"Lab","floor":5,"gold_loss":0},{"damage_healed":0,"gold_gain":0,"player_choice":"Obtained Relic","damage_taken":0,"relics_obtained":["WingedGreaves"],"max_hp_gain":0,"max_hp_loss":0,"event_name":"Addict","floor":19,"gold_loss":85}],"is_beta":false,"boss_relics":[{"not_picked":["Philosopher\u0027s Stone","Empty Cage"],"picked":"Black Star"}],"items_purged_floors":[],"is_endless":false,"potions_floor_spawned":[4,10,16,18,21],"killed_by":"Book of Stabbing","ascension_level":3}