{"gold_per_floor":[116,116,116,134,209,235,235,252,252,268,283,283,295,328,328,429,429,444,429,429,429],"floor_reached":21,"playtime":760,"items_purged":[],"score":220,"play_id":"6de64079-598e-419a-9bae-3cab14efd036","local_time":"20190321170406","is_ascension_mode":true,"campfire_choices":[{"data":"Bash","floor":7,"key":"SMITH"},{"data":"Rampage","floor":15,"key":"SMITH"}],"neow_cost":"NONE","seed_source_timestamp":150043843959742,"circlet_count":0,"master_deck":["Strike_R","Strike_R","Strike_R","Defend_R","Defend_R","Defend_R","Defend_R","Bash+1","Finesse","Armaments","Pommel Strike","Headbutt","True Grit","Iron Wave","Shrug It Off","Rampage+1","Twin Strike","Exhume","Armaments","Clothesline"],"relics":["Burning Blood","Mummified Hand","Pantograph","Bronze Scales","Black Star","Smiling Mask"],"potions_floor_usage":[13,14,18],"damage_taken":[{"damage":10,"enemies":"Jaw Worm","floor":1,"turns":2},{"damage":0,"enemies":"2 Louse","floor":4,"turns":4},{"damage":20,"enemies":"Gremlin Nob","floor":6,"turns":4},{"damage":0,"enemies":"Small Slimes","floor":8,"turns":3},{"damage":9,"enemies":"Red Slaver","floor":10,"turns":3},{"damage":6,"enemies":"Looter","floor":11,"turns":3},{"damage":17,"enemies":"Gremlin Gang","floor":13,"turns":5},{"damage":14,"enemies":"Lagavulin","floor":14,"turns":5},{"damage":40,"enemies":"Hexaghost","floor":16,"turns":9},{"damage":31,"enemies":"Shell Parasite","floor":18,"turns":9},{"damage":29,"enemies":"2 Thieves","floor":19,"turns":4},{"damage":46,"enemies":"Sentry and Sphere","floor":21,"turns":5}],"seed_played":"-6447303854921943801","potions_obtained":[{"floor":10,"key":"Swift Potion"},{"floor":11,"key":"Explosive Potion"},{"floor":13,"key":"Fire Potion"},{"floor":14,"key":"GamblersBrew"},{"floor":16,"key":"Regen Potion"},{"floor":19,"key":"Poison Potion"}],"is_trial":false,"path_per_floor":["M","?","?","M","?","E","R","M","T","M","M","?","M","E","R","B",null,"M","M","T","M"],"character_chosen":"IRONCLAD","items_purchased":[],"campfire_rested":0,"item_purchase_floors":[],"current_hp_per_floor":[76,81,81,85,77,63,63,69,69,66,66,66,55,47,47,38,85,69,46,46,0],"gold":429,"neow_bonus":"RANDOM_COLORLESS","is_prod":false,"is_daily":false,"chose_seed":false,"campfire_upgraded":2,"win_rate":0,"timestamp":1553209446,"path_taken":["M","?","?","?","?","E","R","M","T","M","?","?","M","E","R","BOSS","M","M","?","?"],"build_version":"2019-01-23","purchased_purges":0,"victory":false,"max_hp_per_floor":[80,85,85,85,85,85,85,85,85,85,85,85,85,85,85,85,85,85,85,85,85],"card_choices":[{"not_picked":["Pommel Strike","Flex"],"picked":"Armaments","floor":1},{"not_picked":["Combust","Corruption"],"picked":"Pommel Strike","floor":4},{"not_picked":["Thunderclap","Anger"],"picked":"Headbutt","floor":6},{"not_picked":["Thunderclap","Fire Breathing"],"picked":"True Grit","floor":8},{"not_picked":["Warcry","Barricade"],"picked":"Iron Wave","floor":10},{"not_picked":["Clash","Warcry"],"picked":"Shrug It Off","floor":11},{"not_picked":["Body Slam","Whirlwind"],"picked":"Rampage","floor":13},{"not_picked":["Pommel Strike","Thunderclap"],"picked":"Twin Strike","floor":14},{"not_picked":["Barricade","Double Tap"],"picked":"Exhume","floor":16},{"not_picked":["Body Slam+1","Searing Blow"],"picked":"Armaments","floor":18},{"not_picked":["Clash+1","Warcry"],"picked":"Clothesline","floor":19}],"player_experience":311104,"relics_obtained":[{"floor":6,"key":"Mummified Hand"},{"floor":9,"key":"Pantograph"},{"floor":14,"key":"Bronze Scales"},{"floor":20,"key":"Smiling Mask"}],"event_choices":[{"damage_healed":0,"gold_gain":0,"player_choice":"Donut","damage_taken":0,"max_hp_gain":5,"max_hp_loss":0,"event_name":"Big Fish","floor":2,"gold_loss":0},{"cards_removed":["Strike_R"],"damage_healed":0,"gold_gain":0,"player_choice":"Forget","damage_taken":0,"max_hp_gain":0,"max_hp_loss":0,"event_name":"Living Wall","floor":3,"gold_loss":0},{"damage_healed":0,"gold_gain":75,"player_choice":"Touch","damage_taken":8,"max_hp_gain":0,"max_hp_loss":0,"event_name":"FaceTrader","floor":5,"gold_loss":0},{"cards_removed":["Strike_R"],"damage_healed":0,"gold_gain":0,"player_choice":"Card Removal","damage_taken":0,"max_hp_gain":0,"max_hp_loss":0,"event_name":"Wheel of Change","floor":12,"gold_loss":0}],"is_beta":false,"boss_relics":[{"not_picked":["White Beast Statue","Calling Bell"],"picked":"Black Star"}],"items_purged_floors":[],"is_endless":false,"potions_floor_spawned":[10,11,13,14,16,19],"killed_by":"Sentry and Sphere","ascension_level":3}