{"gold_per_floor":[109,126,139,139,158,158,186,203,203,203,218,231,231,250,250,323,323,337,337,354,354,371,371,403,403,430,446,446,446],"floor_reached":29,"playtime":2105,"items_purged":[],"score":508,"play_id":"b2d7c872-0e9a-4dc6-9cf0-ae56f72acadc","local_time":"20190429171220","is_ascension_mode":true,"campfire_choices":[{"data":"Hello World","floor":6,"key":"SMITH"},{"data":"Defragment","floor":10,"key":"SMITH"},{"data":"Go for the Eyes","floor":15,"key":"SMITH"},{"data":"Electrodynamics","floor":23,"key":"SMITH"},{"data":"Force Field","floor":25,"key":"SMITH"}],"neow_cost":"NONE","seed_source_timestamp":1402280737361486,"circlet_count":0,"master_deck":["AscendersBane","Strike_B+1","Defend_B+1","Defend_B+1","Defend_B+1","Defend_B+1","Zap","Dualcast","Coolheaded","Hello World+1","Defragment+1","Gash","Coolheaded","Hologram","Go for the Eyes+1","Hello World","Electrodynamics+1","Steam","Aggregate","Loop","Force Field+1"],"relics":["Cracked Core","Art of War","Lantern","Bottled Tornado","Sozu","GremlinMask","Pear","Juzu Bracelet"],"potions_floor_usage":[7,16,16],"damage_taken":[{"damage":8,"enemies":"Jaw Worm","floor":1,"turns":4},{"damage":0,"enemies":"Cultist","floor":2,"turns":3},{"damage":6,"enemies":"Small Slimes","floor":3,"turns":5},{"damage":9,"enemies":"Looter","floor":5,"turns":4},{"damage":11,"enemies":"Gremlin Nob","floor":7,"turns":4},{"damage":18,"enemies":"3 Louse","floor":8,"turns":3},{"damage":6,"enemies":"Red Slaver","floor":11,"turns":3},{"damage":13,"enemies":"Large Slime","floor":12,"turns":5},{"damage":9,"enemies":"3 Louse","floor":14,"turns":3},{"damage":0,"enemies":"Hexaghost","floor":16,"turns":11},{"damage":5,"enemies":"Spheric Guardian","floor":18,"turns":4},{"damage":6,"enemies":"3 Byrds","floor":20,"turns":2},{"damage":2,"enemies":"Snecko","floor":22,"turns":7},{"damage":30,"enemies":"Slavers","floor":24,"turns":2},{"damage":18,"enemies":"Centurion and Healer","floor":27,"turns":9},{"damage":17,"enemies":"Gremlin Leader","floor":29,"turns":4}],"seed_played":"6101929052173237655","potions_obtained":[{"floor":1,"key":"Ancient Potion"},{"floor":2,"key":"Block Potion"},{"floor":5,"key":"Dexterity Potion"},{"floor":7,"key":"Poison Potion"}],"is_trial":false,"path_per_floor":["M","M","M","?","M","R","E","M","T","R","M","M","?","M","R","B",null,"M","?","M","?","M","R","E","R","T","M","?","E"],"character_chosen":"DEFECT","items_purchased":[],"campfire_rested":0,"item_purchase_floors":[],"current_hp_per_floor":[56,56,50,71,62,62,51,33,33,33,27,14,14,5,5,5,55,50,50,44,44,42,42,22,22,22,4,4,0],"gold":446,"neow_bonus":"RANDOM_COMMON_RELIC","is_prod":false,"is_daily":false,"chose_seed":false,"campfire_upgraded":5,"win_rate":0,"timestamp":1556583140,"path_taken":["M","M","M","?","M","R","E","M","T","R","?","M","?","?","R","BOSS","M","?","M","?","M","R","E","R","T","M","?","E"],"build_version":"2019-01-23","purchased_purges":0,"victory":false,"max_hp_per_floor":[71,71,71,71,71,71,71,71,71,71,71,71,71,71,71,71,71,71,71,71,71,71,71,81,81,81,81,81,81],"card_choices":[{"not_picked":["Skim","Hologram"],"picked":"Coolheaded","floor":1},{"not_picked":["Turbo","Compile Driver"],"picked":"Hello World","floor":2},{"not_picked":["Lockon","Storm"],"picked":"Defragment","floor":3},{"not_picked":["Loop","Leap"],"picked":"Gash","floor":5},{"not_picked":["Stack","Melter"],"picked":"Coolheaded","floor":7},{"not_picked":["Barrage","Meteor Strike"],"picked":"Hologram","floor":8},{"not_picked":["Beam Cell","Leap"],"picked":"Go for the Eyes","floor":11},{"not_picked":["Turbo","Auto Shields"],"picked":"Hello World","floor":12},{"not_picked":["Blizzard","Stack","Doom and Gloom"],"picked":"SKIP","floor":14},{"not_picked":["Core Surge","Rainbow"],"picked":"Electrodynamics","floor":16},{"not_picked":["Leap","Turbo","Stack"],"picked":"SKIP","floor":18},{"not_picked":["Rebound","Stack"],"picked":"Loop","floor":20},{"not_picked":["Cold Snap","Leap","Go for the Eyes"],"picked":"SKIP","floor":22},{"not_picked":["Streamline","Hologram"],"picked":"Force Field","floor":24},{"not_picked":["Aggregate","Cold Snap","Scrape"],"picked":"SKIP","floor":27}],"player_experience":355079,"relics_obtained":[{"floor":7,"key":"Lantern"},{"floor":9,"key":"Bottled Tornado"},{"floor":24,"key":"Pear"},{"floor":26,"key":"Juzu Bracelet"}],"event_choices":[{"damage_healed":21,"gold_gain":0,"player_choice":"Full Heal","damage_taken":0,"max_hp_gain":0,"max_hp_loss":0,"event_name":"Wheel of Change","floor":4,"gold_loss":0},{"cards_removed":["Strike_B"],"damage_healed":0,"gold_gain":0,"player_choice":"Purged","damage_taken":0,"max_hp_gain":0,"max_hp_loss":0,"event_name":"Purifier","floor":13,"gold_loss":0},{"damage_healed":0,"gold_gain":0,"cards_transformed":["Strike_B","Strike_B"],"player_choice":"Became Test Subject","damage_taken":0,"max_hp_gain":0,"max_hp_loss":0,"event_name":"Drug Dealer","floor":19,"gold_loss":0,"cards_obtained":["Steam","Aggregate"]},{"damage_healed":0,"gold_gain":0,"player_choice":"Trade","damage_taken":0,"relics_obtained":["GremlinMask"],"max_hp_gain":0,"max_hp_loss":0,"event_name":"FaceTrader","floor":21,"gold_loss":0},{"damage_healed":0,"gold_gain":0,"player_choice":"Simplicity","damage_taken":0,"max_hp_gain":0,"max_hp_loss":0,"event_name":"Back to Basics","floor":28,"gold_loss":0,"cards_upgraded":["Strike_B","Defend_B","Defend_B","Defend_B","Defend_B"]}],"is_beta":false,"boss_relics":[{"not_picked":["Empty Cage","Busted Crown"],"picked":"Sozu"}],"items_purged_floors":[],"is_endless":false,"potions_floor_spawned":[1,2,5,7,14,18,24],"killed_by":"Gremlin Leader","ascension_level":14}