{"gold_per_floor":[117,133,147,5,19,19,19,19,72,72,72,82,99,128,128,128],"floor_reached":16,"playtime":959,"items_purged":["Defend_B"],"score":138,"play_id":"db35cd9d-ff33-4a61-bf1a-443c5ca36058","local_time":"20181204103112","is_ascension_mode":true,"campfire_choices":[{"data":"Glacier","floor":6,"key":"SMITH"},{"floor":8,"key":"REST"},{"data":"Blizzard","floor":11,"key":"SMITH"},{"data":"Reinforced Body","floor":15,"key":"SMITH"}],"neow_cost":"NONE","seed_source_timestamp":189968260860716,"circlet_count":0,"master_deck":["Strike_B","Strike_B","Strike_B","Defend_B","Defend_B","Defend_B","Zap","Dualcast","Reinforced Body+1","Glacier+1","Cold Snap","Blizzard+1","Cold Snap"],"relics":["Cracked Core","Centennial Puzzle","PreservedInsect"],"potions_floor_usage":[2,13,16],"damage_taken":[{"damage":1,"enemies":"Cultist","floor":1,"turns":3},{"damage":7,"enemies":"Jaw Worm","floor":2,"turns":3},{"damage":0,"enemies":"Small Slimes","floor":3,"turns":4},{"damage":9,"enemies":"Red Slaver","floor":5,"turns":4},{"damage":0,"enemies":"Blue Slaver","floor":12,"turns":4},{"damage":8,"enemies":"3 Louse","floor":13,"turns":3},{"damage":10,"enemies":"3 Sentries","floor":14,"turns":15},{"damage":60,"enemies":"Slime Boss","floor":16,"turns":10}],"seed_played":"-5107243523062002966","potions_obtained":[{"floor":1,"key":"FocusPotion"},{"floor":12,"key":"LiquidBronze"},{"floor":14,"key":"Ancient Potion"}],"is_trial":false,"path_per_floor":["M","M","M","$","M","R","$","R","T","?","R","M","M","E","R","B"],"character_chosen":"DEFECT","items_purchased":["Blizzard"],"campfire_rested":1,"item_purchase_floors":[4],"current_hp_per_floor":[74,67,67,67,58,58,58,82,82,75,75,75,67,57,57,0],"gold":128,"neow_bonus":"TEN_PERCENT_HP_BONUS","is_prod":false,"is_daily":false,"chose_seed":false,"campfire_upgraded":3,"win_rate":0,"timestamp":1543915872,"path_taken":["M","?","M","$","M","R","$","R","T","?","R","M","M","E","R","BOSS"],"build_version":"2018-11-15","purchased_purges":1,"victory":false,"max_hp_per_floor":[82,82,82,82,82,82,82,82,82,82,82,82,82,82,82,82],"card_choices":[{"not_picked":["Double Energy","Rebound"],"picked":"Reinforced Body","floor":1},{"not_picked":["Stack","Rebound"],"picked":"Glacier","floor":2},{"not_picked":["Chaos","Compile Driver"],"picked":"Cold Snap","floor":3},{"not_picked":["Conserve Battery","Rebound"],"picked":"Cold Snap","floor":5},{"not_picked":["Heatsinks","Leap","Redo"],"picked":"SKIP","floor":12},{"not_picked":["Double Energy","Turbo","Thunder Strike"],"picked":"SKIP","floor":13},{"not_picked":["Ball Lightning","Stack","Barrage"],"picked":"SKIP","floor":14}],"player_experience":339782,"relics_obtained":[{"floor":9,"key":"Centennial Puzzle"},{"floor":14,"key":"PreservedInsect"}],"event_choices":[{"cards_removed":["Strike_B"],"damage_healed":0,"gold_gain":0,"player_choice":"Card Removal","damage_taken":7,"max_hp_gain":0,"max_hp_loss":0,"event_name":"Golden Wing","floor":10,"gold_loss":0}],"is_beta":false,"boss_relics":[],"items_purged_floors":[4],"is_endless":false,"potions_floor_spawned":[1,12,14],"killed_by":"Slime Boss","ascension_level":7}