{"gold_per_floor":[219,11,11,26,26,56,56,56,82,82,257,274,274,289,289,387,387,406,406,433,447,90,90,104,4,4,18,18,18,18,18,18,114,114,129,148,148,166,41,67,67,77,77,77,96,127,147,166,166,166],"floor_reached":51,"playtime":3147,"items_purged":["Parasite","Defend_G","Defend_G"],"score":765,"play_id":"dd45ec82-ca0c-4108-a575-539643b723c8","local_time":"20181128231513","is_ascension_mode":true,"campfire_choices":[{"floor":7,"key":"REST"},{"data":"Backstab","floor":13,"key":"SMITH"},{"data":"Neutralize","floor":15,"key":"SMITH"},{"data":"Adrenaline","floor":23,"key":"SMITH"},{"floor":28,"key":"REST"},{"data":"Catalyst","floor":30,"key":"SMITH"},{"floor":32,"key":"RECALL"},{"floor":41,"key":"REST"},{"floor":49,"key":"REST"}],"neow_cost":"NONE","seed_source_timestamp":774742519007869,"circlet_count":0,"master_deck":["Defend_G","Defend_G","Strike_G","Strike_G","Survivor+1","Neutralize+1","Deadly Poison+1","Backstab+1","Adrenaline+1","Catalyst+1","Acrobatics+1","Deadly Poison+1","Night Terror","Backflip+1","Backflip+1","Bouncing Flask+1","Prepared+1","Burst","Parasite"],"relics":["Ring of the Snake","Snake Skull","Oddly Smooth Stone","Tough Bandages","Juzu Bracelet","Empty Cage","PreservedInsect","Meat on the Bone","Pear","Black Star","Paper Crane","The Courier","Smiling Mask","Art of War"],"potions_floor_usage":[16,16,21,24,35,38,40,42,47,50],"damage_taken":[{"damage":1,"enemies":"2 Louse","floor":1,"turns":3},{"damage":0,"enemies":"Small Slimes","floor":4,"turns":3},{"damage":27,"enemies":"Gremlin Nob","floor":6,"turns":5},{"damage":0,"enemies":"Jaw Worm","floor":12,"turns":3},{"damage":0,"enemies":"3 Louse","floor":14,"turns":3},{"damage":14,"enemies":"The Guardian","floor":16,"turns":13},{"damage":1,"enemies":"Shell Parasite","floor":18,"turns":6},{"damage":14,"enemies":"3 Byrds","floor":21,"turns":4},{"damage":25,"enemies":"Cultist and Chosen","floor":24,"turns":7},{"damage":0,"enemies":"Snake Plant","floor":27,"turns":4},{"damage":36,"enemies":"Champ","floor":33,"turns":7},{"damage":12,"enemies":"3 Darklings","floor":35,"turns":5},{"damage":9,"enemies":"Orb Walker","floor":36,"turns":2},{"damage":18,"enemies":"Maw","floor":38,"turns":3},{"damage":23,"enemies":"Nemesis","floor":40,"turns":5},{"damage":8,"enemies":"Writhing Mass","floor":42,"turns":3},{"damage":31,"enemies":"4 Shapes","floor":45,"turns":4},{"damage":0,"enemies":"Giant Head","floor":46,"turns":3},{"damage":5,"enemies":"Jaw Worm Horde","floor":47,"turns":3},{"damage":9,"enemies":"Writhing Mass","floor":48,"turns":3},{"damage":66,"enemies":"Donu and Deca","floor":50,"turns":8}],"seed_played":"1844767019286941987","potions_obtained":[{"floor":12,"key":"LiquidBronze"},{"floor":14,"key":"GhostInAJar"},{"floor":18,"key":"PowerPotion"},{"floor":21,"key":"Block Potion"},{"floor":24,"key":"EssenceOfSteel"},{"floor":27,"key":"Swift Potion"},{"floor":38,"key":"GamblersBrew"},{"floor":40,"key":"Fire Potion"},{"floor":45,"key":"Explosive Potion"},{"floor":47,"key":"Ancient Potion"}],"is_trial":false,"path_per_floor":["M","$","?","M","?","E","R","?","T","?","?","M","R","M","R","B",null,"M","?","T","M","$","R","M","$","T","M","R","?","R","?","R","B",null,"M","M","?","M","$","E","R","M","T","?","M","E","M","M","R","B",null],"character_chosen":"THE_SILENT","items_purchased":["Snake Skull","Deadly Poison","Catalyst","Meat on the Bone"],"campfire_rested":4,"item_purchase_floors":[2,2,22,22],"current_hp_per_floor":[69,69,69,69,62,35,56,38,38,55,55,55,55,55,55,41,70,69,69,69,55,55,55,42,42,52,52,75,75,75,75,75,39,77,65,56,56,50,50,39,62,54,54,54,35,47,42,45,68,14],"gold":166,"neow_bonus":"HUNDRED_GOLD","is_prod":false,"is_daily":false,"chose_seed":false,"campfire_upgraded":4,"win_rate":0,"timestamp":1543443313,"path_taken":["M","$","?","M","?","E","R","?","T","?","?","M","R","M","R","BOSS","M","?","?","M","$","R","M","$","T","M","R","?","R","?","R","BOSS","M","M","?","M","$","E","R","M","T","?","M","E","M","M","R","BOSS"],"build_version":"2018-11-15","purchased_purges":3,"victory":true,"max_hp_per_floor":[70,70,70,70,70,70,70,70,70,70,70,70,70,70,70,70,70,70,70,70,70,67,67,67,67,77,77,77,77,77,77,77,77,77,77,77,77,77,77,77,77,77,77,77,77,77,77,77,77,77],"card_choices":[{"not_picked":["Underhanded Strike","Predator","Skewer"],"picked":"SKIP","floor":1},{"not_picked":["Dagger Throw","Flying Knee","Predator"],"picked":"SKIP","floor":4},{"not_picked":["Reflex","Venomology"],"picked":"Backstab","floor":6},{"not_picked":["Quick Slash","Caltrops","Deflect"],"picked":"SKIP","floor":12},{"not_picked":["Choke","Slice","Dagger Spray"],"picked":"SKIP","floor":14},{"not_picked":["Burst","Night Terror"],"picked":"Adrenaline","floor":16},{"not_picked":["Slice","Infinite Blades+1","Well Laid Plans"],"picked":"SKIP","floor":18},{"not_picked":["Deflect","Bane","Skewer"],"picked":"SKIP","floor":21},{"not_picked":["Finisher","Endless Agony"],"picked":"Acrobatics+1","floor":24},{"not_picked":["Prepared","Riddle With Holes","Dodge and Roll"],"picked":"SKIP","floor":27},{"not_picked":["Envenom","Unload"],"picked":"Night Terror","floor":33},{"not_picked":["PiercingWail","Dagger Spray","Underhanded Strike+1"],"picked":"SKIP","floor":35},{"not_picked":["Expertise","Dodge and Roll+1"],"picked":"Backflip+1","floor":36},{"not_picked":["Tactician+1","A Thousand Cuts","Concentrate"],"picked":"SKIP","floor":38},{"not_picked":["Underhanded Strike+1","Malaise"],"picked":"Backflip+1","floor":40},{"not_picked":["Reflex+1","Bane+1"],"picked":"Bouncing Flask+1","floor":42},{"not_picked":["Quick Slash+1","Caltrops"],"picked":"Prepared+1","floor":45},{"not_picked":["Poisoned Stab+1","Sucker Punch"],"picked":"Burst","floor":46},{"not_picked":["Blur","Predator+1","Backflip+1"],"picked":"SKIP","floor":47},{"not_picked":["Flechettes","Acrobatics","Caltrops"],"picked":"SKIP","floor":48}],"player_experience":270119,"relics_obtained":[{"floor":6,"key":"Oddly Smooth Stone"},{"floor":9,"key":"Juzu Bracelet"},{"floor":20,"key":"PreservedInsect"},{"floor":26,"key":"Pear"},{"floor":40,"key":"Paper Crane"},{"floor":40,"key":"The Courier"},{"floor":46,"key":"Smiling Mask"},{"floor":46,"key":"Art of War"}],"event_choices":[{"damage_healed":0,"gold_gain":0,"player_choice":"Grow","damage_taken":0,"max_hp_gain":0,"max_hp_loss":0,"event_name":"Living Wall","floor":3,"gold_loss":0,"cards_upgraded":["Deadly Poison"]},{"cards_removed":["Strike_G"],"damage_healed":0,"gold_gain":0,"player_choice":"Card Removal","damage_taken":7,"max_hp_gain":0,"max_hp_loss":0,"event_name":"Golden Wing","floor":5,"gold_loss":0},{"damage_healed":0,"gold_gain":0,"player_choice":"Success","damage_taken":18,"relics_obtained":["Tough Bandages"],"max_hp_gain":0,"max_hp_loss":0,"event_name":"Scrap Ooze","floor":8,"gold_loss":0},{"damage_healed":17,"gold_gain":0,"player_choice":"Healed and dodged fight","damage_taken":0,"max_hp_gain":0,"max_hp_loss":0,"event_name":"Mushrooms","floor":10,"gold_loss":0,"cards_obtained":["Parasite"]},{"damage_healed":0,"gold_gain":175,"player_choice":"AGREE","damage_taken":0,"max_hp_gain":0,"max_hp_loss":0,"event_name":"Liars Game","floor":11,"gold_loss":0,"cards_obtained":["Doubt"]},{"cards_removed":["Doubt"],"damage_healed":0,"gold_gain":0,"player_choice":"Elegance","damage_taken":0,"max_hp_gain":0,"max_hp_loss":0,"event_name":"Back to Basics","floor":19,"gold_loss":0},{"damage_healed":0,"gold_gain":0,"player_choice":"Copied","damage_taken":0,"max_hp_gain":0,"max_hp_loss":0,"event_name":"Duplicator","floor":29,"gold_loss":0,"cards_obtained":["Deadly Poison"]},{"damage_healed":0,"gold_gain":0,"player_choice":"Forge","damage_taken":0,"max_hp_gain":0,"max_hp_loss":0,"event_name":"Accursed Blacksmith","floor":31,"gold_loss":0,"cards_upgraded":["Survivor"]},{"cards_removed":["Strike_G"],"damage_healed":0,"gold_gain":0,"player_choice":"Removed Attack","damage_taken":0,"max_hp_gain":0,"max_hp_loss":0,"event_name":"Falling","floor":37,"gold_loss":0},{"damage_healed":0,"gold_gain":0,"player_choice":"Memory 1","damage_taken":0,"max_hp_gain":0,"max_hp_loss":0,"event_name":"SensoryStone","floor":44,"gold_loss":0}],"is_beta":false,"boss_relics":[{"not_picked":["Velvet Choker","Runic Pyramid"],"picked":"Empty Cage"},{"not_picked":["White Beast Statue","Coffee Dripper"],"picked":"Black Star"}],"items_purged_floors":[22,25,39],"is_endless":false,"potions_floor_spawned":[12,14,18,21,24,27,38,40,45,47],"ascension_level":1}