{"gold_per_floor":[114,131,151,151,161,195,195,225,225,256,256,272,303,323,323,425,425,438,59,79,89,109,141,141,171,171,202,202,220,236,30,30,135,135,145,161,171,53,72,90,90,125,180,224,236,280,306,332,344,356],"floor_reached":51,"playtime":3871,"items_purged":["Strike_R","Strike_R"],"score":1033,"play_id":"6adb8584-e407-44ea-9fd7-41550cb35d3f","local_time":"20180812123824","is_ascension_mode":true,"campfire_choices":[{"data":"Bash","floor":7,"key":"SMITH"},{"floor":11,"key":"REST"},{"data":"Dual Wield","floor":15,"key":"SMITH"},{"floor":24,"key":"REST"},{"data":"Strike_R","floor":28,"key":"PURGE"},{"data":"Strike_R","floor":32,"key":"PURGE"},{"floor":45,"key":"REST"},{"floor":49,"key":"REST"}],"neow_cost":"NONE","seed_source_timestamp":337021630699937,"circlet_count":0,"master_deck":["Strike_R","Defend_R","Defend_R","Defend_R","Defend_R","Bash+1","Thunderclap","Shrug It Off","Headbutt","Dropkick","Disarm","Flame Barrier","Dual Wield+1","Rage","Headbutt","Shrug It Off","Reaper","Armaments","Apotheosis","Thunderclap","Warcry+1","Clash","Clash","Warcry","Shrug It Off+1","Dual Wield","Double Tap","Burning Pact","Pommel Strike+1","Dual Wield+1","Flame Barrier","Metallicize","True Grit+1","Dual Wield+1","Clash"],"relics":["Black Blood","Kunai","Dream Catcher","Happy Flower","The Courier","Shuriken","Sling","Du-Vu Doll","Ancient Tea Set","Magic Flower","Peace Pipe","Lantern","Sozu","Orichalcum","Potion Belt","MawBank","Bronze Scales","Ornamental Fan"],"potions_floor_usage":[6,10,13,16,21,30,30,33],"damage_taken":[{"damage":6,"enemies":"2 Louse","floor":1,"turns":2},{"damage":8,"enemies":"Jaw Worm","floor":2,"turns":4},{"damage":3,"enemies":"Cultist","floor":3,"turns":4},{"damage":0,"enemies":"2 Fungi Beasts","floor":5,"turns":2},{"damage":25,"enemies":"Lagavulin","floor":6,"turns":7},{"damage":32,"enemies":"Gremlin Nob","floor":8,"turns":4},{"damage":13,"enemies":"Lagavulin","floor":10,"turns":8},{"damage":5,"enemies":"Looter","floor":12,"turns":2},{"damage":17,"enemies":"Gremlin Nob","floor":13,"turns":5},{"damage":8,"enemies":"3 Louse","floor":14,"turns":3},{"damage":0,"enemies":"Hexaghost","floor":16,"turns":8},{"damage":33,"enemies":"Spheric Guardian","floor":18,"turns":6},{"damage":18,"enemies":"2 Thieves","floor":20,"turns":3},{"damage":17,"enemies":"Snecko","floor":21,"turns":6},{"damage":21,"enemies":"Centurion and Healer","floor":22,"turns":11},{"damage":57,"enemies":"Slavers","floor":23,"turns":6},{"damage":22,"enemies":"Book of Stabbing","floor":25,"turns":5},{"damage":1,"enemies":"Gremlin Leader","floor":27,"turns":8},{"damage":2,"enemies":"Cultist and Chosen","floor":29,"turns":6},{"damage":18,"enemies":"Snecko","floor":30,"turns":7},{"damage":62,"enemies":"Collector","floor":33,"turns":12},{"damage":15,"enemies":"3 Darklings","floor":35,"turns":4},{"damage":1,"enemies":"3 Shapes","floor":36,"turns":3},{"damage":9,"enemies":"Flame Bruiser 2 Orb","floor":37,"turns":4},{"damage":5,"enemies":"Spire Growth","floor":39,"turns":4},{"damage":16,"enemies":"Maw","floor":40,"turns":8},{"damage":54,"enemies":"2 Orb Walkers","floor":42,"turns":6},{"damage":18,"enemies":"Giant Head","floor":44,"turns":6},{"damage":50,"enemies":"Nemesis","floor":46,"turns":5},{"damage":40,"enemies":"Flame Bruiser 2 Orb","floor":47,"turns":7},{"damage":44,"enemies":"Spire Growth","floor":48,"turns":6},{"damage":62,"enemies":"Awakened One","floor":50,"turns":17}],"seed_played":"-4935316060552383980","potions_obtained":[{"floor":3,"key":"SteroidPotion"},{"floor":6,"key":"EssenceOfSteel"},{"floor":10,"key":"Weak Potion"},{"floor":14,"key":"PowerPotion"},{"floor":18,"key":"Ancient Potion"},{"floor":20,"key":"Regen Potion"},{"floor":25,"key":"Block Potion"},{"floor":29,"key":"Energy Potion"},{"floor":30,"key":"GamblersBrew"}],"is_trial":false,"path_per_floor":["M","M","M","?","M","E","R","E","T","E","R","M","E","M","R","B",null,"M","$","M","M","M","E","R","E","T","E","R","M","M","$","R","B",null,"M","M","M","$","M","M","?","E","T","E","R","E","M","M","R","B"],"character_chosen":"IRONCLAD","items_purchased":["Apotheosis","Sling","Lantern","Orichalcum"],"campfire_rested":4,"item_purchase_floors":[19,19,31,38],"current_hp_per_floor":[80,78,80,80,80,61,61,35,35,28,52,53,42,40,40,46,80,57,57,49,54,53,24,48,48,48,62,62,75,80,80,80,65,80,80,80,80,80,80,79,79,58,58,55,79,64,55,37,61,80],"gold":368,"neow_bonus":"THREE_CARDS","is_prod":false,"is_daily":false,"chose_seed":false,"campfire_upgraded":2,"win_rate":0,"timestamp":1534102704,"path_taken":["M","M","M","?","?","E","R","E","T","E","R","M","E","M","R","BOSS","M","$","M","M","M","E","R","E","T","E","R","M","M","$","R","BOSS","M","M","M","$","M","M","?","E","T","E","R","E","M","?","R","BOSS"],"build_version":"2018-08-09","purchased_purges":2,"victory":true,"max_hp_per_floor":[80,80,80,80,80,80,80,80,80,80,80,80,80,80,80,80,80,80,80,80,80,80,80,80,80,80,80,80,80,80,80,80,80,80,80,80,80,80,80,80,80,80,80,80,80,80,80,80,80,80],"card_choices":[{"not_picked":["Body Slam","Perfected Strike"],"picked":"Thunderclap","floor":0},{"not_picked":["Anger","True Grit"],"picked":"Shrug It Off","floor":1},{"not_picked":["Perfected Strike","True Grit","Flex"],"picked":"SKIP","floor":2},{"not_picked":["Burning Pact","Sword Boomerang"],"picked":"Headbutt","floor":3},{"not_picked":["Twin Strike","Heavy Blade"],"picked":"Dropkick","floor":5},{"not_picked":["Clothesline","Warcry"],"picked":"Disarm","floor":6},{"not_picked":["Burning Pact","Offering"],"picked":"Flame Barrier","floor":8},{"not_picked":["Carnage","Clash"],"picked":"Dual Wield","floor":10},{"not_picked":["Body Slam","True Grit"],"picked":"Rage","floor":11},{"not_picked":["Uppercut","Heavy Blade"],"picked":"Headbutt","floor":12},{"not_picked":["Entrench","Juggernaut"],"picked":"Shrug It Off","floor":13},{"not_picked":["Heavy Blade","Sword Boomerang","Body Slam"],"picked":"SKIP","floor":14},{"not_picked":["Brutality","Berserk"],"picked":"Reaper","floor":16},{"not_picked":["Headbutt","Sever Soul+1"],"picked":"Armaments","floor":18},{"not_picked":["Pommel Strike","Shrug It Off"],"picked":"Thunderclap","floor":20},{"not_picked":["Infernal Blade","Brutality","Intimidate"],"picked":"SKIP","floor":21},{"not_picked":["Rampage","Rupture","Armaments+1"],"picked":"SKIP","floor":22},{"not_picked":["Searing Blow","Body Slam"],"picked":"Warcry+1","floor":23},{"not_picked":["Combust","Perfected Strike+1"],"picked":"Clash","floor":24},{"not_picked":["Inflame","Flex+1"],"picked":"Clash","floor":25},{"not_picked":["Twin Strike+1","Dark Embrace"],"picked":"Warcry","floor":27},{"not_picked":["Searing Blow","Entrench"],"picked":"Shrug It Off+1","floor":29},{"not_picked":["Inflame","Entrench+1"],"picked":"Dual Wield","floor":30},{"not_picked":["Dark Embrace","Barricade"],"picked":"Double Tap","floor":33},{"not_picked":["Intimidate+1","Sever Soul"],"picked":"Burning Pact","floor":35},{"not_picked":["Feel No Pain","Perfected Strike+1"],"picked":"Pommel Strike+1","floor":36},{"not_picked":["Wild Strike+1","Warcry+1"],"picked":"Evolve","floor":37},{"not_picked":["Thunderclap+1","Rupture"],"picked":"Dual Wield+1","floor":39},{"not_picked":["Sword Boomerang+1","Ghostly Armor+1"],"picked":"Flame Barrier","floor":40},{"not_picked":["Twin Strike","Carnage+1"],"picked":"Metallicize","floor":42},{"not_picked":["Warcry","Perfected Strike+1"],"picked":"True Grit+1","floor":44},{"not_picked":["Heavy Blade","Seeing Red"],"picked":"Dual Wield+1","floor":45},{"not_picked":["Thunderclap+1","Wild Strike","Body Slam+1"],"picked":"SKIP","floor":46},{"not_picked":["Headbutt","Wild Strike"],"picked":"Clash","floor":47},{"not_picked":["Body Slam+1","Heavy Blade+1","Thunderclap"],"picked":"SKIP","floor":48}],"player_experience":47365,"relics_obtained":[{"floor":6,"key":"Kunai"},{"floor":8,"key":"Dream Catcher"},{"floor":9,"key":"Happy Flower"},{"floor":10,"key":"The Courier"},{"floor":13,"key":"Shuriken"},{"floor":23,"key":"Du-Vu Doll"},{"floor":25,"key":"Ancient Tea Set"},{"floor":26,"key":"Magic Flower"},{"floor":27,"key":"Peace Pipe"},{"floor":42,"key":"Potion Belt"},{"floor":43,"key":"MawBank"},{"floor":44,"key":"Bronze Scales"},{"floor":46,"key":"Ornamental Fan"}],"event_choices":[{"event_name":"Liars Game","player_choice":"disagreed","floor":4,"damage_taken":0},{"event_name":"Falling","player_choice":"Removed Power","floor":41,"damage_taken":0}],"is_beta":false,"boss_relics":[{"not_picked":["Runic Pyramid","Lizard Tail"],"picked":"Black Blood"},{"not_picked":["White Beast Statue","Philosopher\u0027s Stone"],"picked":"Sozu"}],"items_purged_floors":[19,31],"is_endless":false,"potions_floor_spawned":[3,6,10,14,18,20,25,29,30,35,39,40,44,46],"ascension_level":3}