{"gold_per_floor":[17,17,92,92,105,132,10,10,33,67,19,33,61,61,61,162,162,133,146,146,26,46,46,61,61],"floor_reached":25,"playtime":2502,"items_purged":["Perfected Strike+1"],"score":296,"play_id":"8b552419-ecaa-4118-bfc9-4c6a7f497fc1","local_time":"20190419080014","is_ascension_mode":true,"campfire_choices":[{"floor":8.0,"key":"REST"},{"floor":15.0,"key":"REST"},{"floor":23.0,"key":"REST"}],"neow_cost":"NO_GOLD","seed_source_timestamp":0,"circlet_count":0,"master_deck":["Bash","Fire Breathing","Battle Trance+1","Armaments+1","Shrug It Off","Offering","Limit Break","Disarm","Inflame","Rage","Iron Wave+1","Sever Soul","Shrug It Off","Flame Barrier+1","Rampage","Shrug It Off","Feel No Pain","Spot Weakness"],"special_seed":0,"relics":["Burning Blood","Bottled Lightning","War Paint","Ginger","Darkstone Periapt","Pandora\u0027s Box"],"potions_floor_usage":[],"damage_taken":[{"damage":5.0,"enemies":"Small Slimes","floor":1.0,"turns":3.0},{"damage":0.0,"enemies":"2 Louse","floor":5.0,"turns":3.0},{"damage":46.0,"enemies":"Lagavulin","floor":6.0,"turns":7.0},{"damage":34.0,"enemies":"3 Sentries","floor":10.0,"turns":9.0},{"damage":0.0,"enemies":"Cultist","floor":12.0,"turns":3.0},{"damage":16.0,"enemies":"Lagavulin","floor":13.0,"turns":7.0},{"damage":40.0,"enemies":"Slime Boss","floor":16.0,"turns":15.0},{"damage":41.0,"enemies":"2 Thieves","floor":18.0,"turns":5.0},{"damage":12.0,"enemies":"Spheric Guardian","floor":19.0,"turns":8.0},{"damage":14.0,"enemies":"Cultist and Chosen","floor":22.0,"turns":8.0},{"damage":24.0,"enemies":"Shelled Parasite and Fungi","floor":24.0,"turns":9.0},{"damage":22,"enemies":"Gremlin Leader","floor":25,"turns":2}],"seed_played":"5035363179326824526","potions_obtained":[{"floor":6.0,"key":"Swift Potion"},{"floor":10.0,"key":"SpeedPotion"},{"floor":18.0,"key":"Energy Potion"},{"floor":22.0,"key":"Poison Potion"}],"is_trial":false,"path_per_floor":["?","?","?","$","?","?"],"character_chosen":"IRONCLAD","items_purchased":["Armaments","Regen Potion","PowerPotion","Shrug It Off"],"campfire_rested":3,"item_purchase_floors":[7,7,11,21],"current_hp_per_floor":[73,57,46,46,52,12,12,36,36,23,23,29,19,19,43,9,62,27,21,21,21,13,37,19,0],"gold":61,"neow_bonus":"TRANSFORM_TWO_CARDS","is_prod":false,"is_daily":false,"chose_seed":false,"campfire_upgraded":0,"win_rate":0,"timestamp":1555682414,"path_taken":["M","?","?","?","M","E","?","R","T","E","$","M","E","?","R","BOSS","M","M","?","$","M","R","M","E"],"build_version":"2019-01-23","purchased_purges":1,"victory":false,"max_hp_per_floor":[80,80,80,80,80,80,80,80,80,80,80,80,80,80,80,80,80,80,80,80,80,80,80,80,80],"card_choices":[{"not_picked":["Clothesline","Twin Strike"],"picked":"Perfected Strike","floor":1.0},{"not_picked":["Pummel","Clothesline","Headbutt"],"picked":"SKIP","floor":5.0},{"not_picked":["Rupture","Flex","Limit Break"],"picked":"SKIP","floor":6.0},{"not_picked":["Clash","Reckless Charge"],"picked":"Shrug It Off","floor":10.0},{"not_picked":["Cleave","Sword Boomerang","Pummel"],"picked":"SKIP","floor":12.0},{"not_picked":["Sever Soul","Corruption","Body Slam"],"picked":"SKIP","floor":13.0},{"not_picked":["Fiend Fire","Demon Form"],"picked":"Offering","floor":16.0},{"not_picked":["Armaments","Inflame+1"],"picked":"Flame Barrier+1","floor":18.0},{"not_picked":["Clash","Inflame+1"],"picked":"Rampage","floor":19.0},{"not_picked":["Havoc","Pommel Strike+1"],"picked":"Feel No Pain","floor":22.0},{"not_picked":["Headbutt","Rampage"],"picked":"Spot Weakness","floor":24.0}],"player_experience":574820,"relics_obtained":[{"floor":6.0,"key":"Bottled Lightning"},{"floor":9.0,"key":"War Paint"},{"floor":10.0,"key":"Ginger"},{"floor":13.0,"key":"Darkstone Periapt"}],"event_choices":[{"damage_healed":0.0,"max_hp_gain":0.0,"max_hp_loss":0.0,"gold_gain":0.0,"event_name":"Shining Light","player_choice":"Entered Light","floor":2.0,"gold_loss":0.0,"damage_taken":16.0,"cards_upgraded":["Strike_R","Perfected Strike"]},{"damage_healed":0.0,"max_hp_gain":0.0,"max_hp_loss":0.0,"gold_gain":75.0,"event_name":"World of Goop","player_choice":"Gather Gold","floor":3.0,"gold_loss":0.0,"damage_taken":11.0},{"damage_healed":0.0,"max_hp_gain":0.0,"max_hp_loss":0.0,"gold_gain":0.0,"event_name":"Golden Wing","player_choice":"Ignored","floor":4.0,"gold_loss":0.0,"damage_taken":0.0},{"damage_healed":0.0,"max_hp_gain":0.0,"max_hp_loss":0.0,"gold_gain":0.0,"event_name":"Accursed Blacksmith","player_choice":"Forge","floor":14.0,"gold_loss":0.0,"damage_taken":0.0,"cards_upgraded":["Battle Trance"]},{"damage_healed":0.0,"max_hp_gain":0.0,"max_hp_loss":0.0,"gold_gain":0.0,"event_name":"Upgrade Shrine","player_choice":"Upgraded","floor":20.0,"gold_loss":0.0,"damage_taken":0.0,"cards_upgraded":["Iron Wave"]}],"is_beta":false,"boss_relics":[{"not_picked":["White Beast Statue","Lizard Tail"],"picked":"Pandora\u0027s Box"}],"items_purged_floors":[21],"is_endless":false,"potions_floor_spawned":[6,10,18,22],"killed_by":"Gremlin Leader","ascension_level":7}