{"gold_per_floor":[113,131,5,5,22,22,53,53,53,13,45,45,45,78,78,176,176,191,239,256,271,171,196,196,213,213,247,247,20,20,39,39,136,186,196,209,219,319,337,369,369,383,383,383,409,428,428,440,440,440],"floor_reached":51,"playtime":2724,"items_purged":["Strike_B","Strike_B","Defend_B"],"score":1327,"play_id":"65799c1d-ff6c-454c-b1fe-e45921929fcf","local_time":"20190502231942","is_ascension_mode":true,"campfire_choices":[{"data":"White Noise","floor":6.0,"key":"SMITH"},{"floor":8.0,"key":"REST"},{"data":"Dualcast","floor":13.0,"key":"SMITH"},{"data":"Zap","floor":15.0,"key":"SMITH"},{"floor":24.0,"key":"REST"},{"data":"Go for the Eyes","floor":30.0,"key":"SMITH"},{"floor":32.0,"key":"REST"},{"floor":41.0,"key":"REST"},{"floor":44.0,"key":"REST"},{"floor":47,"key":"REST"},{"floor":49,"key":"REST"}],"neow_cost":"NONE","seed_source_timestamp":1689673627599977,"circlet_count":0,"master_deck":["AscendersBane","Defend_B","Defend_B","Defend_B","Zap+1","Dualcast+1","Gash","White Noise+1","Rebound","Ball Lightning","Glacier","Chill","Blizzard","Loop+1","Conserve Battery+1","Electrodynamics","Coolheaded+1","BootSequence+1","Compile Driver+1","Hologram+1","Go for the Eyes+1","Coolheaded+1","Biased Cognition","Leap+1","Coolheaded+1","Turbo+1","Melter+1","Reinforced Body+1","Redo+1","Thunder Strike","Fusion+1","Sunder+1","FTL+1","Glacier+1"],"special_seed":0,"relics":["Cracked Core","Cables","DataDisk","Toxic Egg 2","PreservedInsect","Empty Cage","Happy Flower","Lantern","Orichalcum","The Courier","Tiny House","Du-Vu Doll","Bronze Scales","Ancient Tea Set","Juzu Bracelet"],"potions_floor_usage":[46,50],"damage_taken":[{"damage":9.0,"enemies":"2 Louse","floor":1.0,"turns":2.0},{"damage":12.0,"enemies":"Small Slimes","floor":2.0,"turns":3.0},{"damage":1.0,"enemies":"Cultist","floor":5.0,"turns":3.0},{"damage":13.0,"enemies":"Lagavulin","floor":7.0,"turns":8.0},{"damage":0.0,"enemies":"3 Sentries","floor":11.0,"turns":6.0},{"damage":0.0,"enemies":"Gremlin Nob","floor":14.0,"turns":5.0},{"damage":0.0,"enemies":"The Guardian","floor":16.0,"turns":11.0},{"damage":3.0,"enemies":"2 Thieves","floor":18.0,"turns":3.0},{"damage":7.0,"enemies":"Chosen","floor":20.0,"turns":3.0},{"damage":10.0,"enemies":"Centurion and Healer","floor":21.0,"turns":4.0},{"damage":21.0,"enemies":"Book of Stabbing","floor":23.0,"turns":5.0},{"damage":5.0,"enemies":"Shelled Parasite and Fungi","floor":25.0,"turns":7.0},{"damage":0.0,"enemies":"Gremlin Leader","floor":27.0,"turns":5.0},{"damage":8.0,"enemies":"Snake Plant","floor":31.0,"turns":4.0},{"damage":26.0,"enemies":"Champ","floor":33.0,"turns":12.0},{"damage":0.0,"enemies":"3 Shapes","floor":35.0,"turns":2.0},{"damage":0.0,"enemies":"Orb Walker","floor":36.0,"turns":4.0},{"damage":4.0,"enemies":"3 Darklings","floor":37.0,"turns":4.0},{"damage":7.0,"enemies":"Mind Bloom Boss Battle","floor":38.0,"turns":7.0},{"damage":18.0,"enemies":"Transient","floor":39.0,"turns":5.0},{"damage":28.0,"enemies":"Reptomancer","floor":40.0,"turns":6.0},{"damage":21.0,"enemies":"Jaw Worm Horde","floor":42.0,"turns":3.0},{"damage":11.0,"enemies":"Giant Head","floor":45.0,"turns":7.0},{"damage":7,"enemies":"Writhing Mass","floor":46,"turns":7},{"damage":2,"enemies":"Sphere and 2 Shapes","floor":48,"turns":4},{"damage":46,"enemies":"Awakened One","floor":50,"turns":20}],"seed_played":"2510816311330046939","potions_obtained":[{"floor":1.0,"key":"GamblersBrew"},{"floor":11.0,"key":"Fire Potion"},{"floor":14.0,"key":"Fire Potion"},{"floor":40.0,"key":"FearPotion"},{"floor":42.0,"key":"Swift Potion"},{"floor":45.0,"key":"SpeedPotion"},{"floor":46,"key":"FearPotion"}],"is_trial":false,"path_per_floor":["M","M","$","?","M","R","E","R","T","$","E","?","R","E","R","B",null,"M","T","M","M","$","E","R","M","T","E","?","$","R","M","R","B",null,"M","M","M","?","M","E","R","M","T","R","E","M","R","M","R","B",null],"character_chosen":"DEFECT","items_purchased":["Ball Lightning","Blizzard","Biased Cognition"],"campfire_rested":7,"item_purchase_floors":[3,10,29],"current_hp_per_floor":[59,47,47,47,46,46,33,55,55,55,55,55,55,55,55,55,70,67,67,60,50,50,29,51,46,46,46,46,46,46,38,60,34,70,70,70,66,59,41,13,37,16,16,40,29,22,46,44,68,22],"gold":440,"neow_bonus":"THREE_CARDS","is_prod":false,"is_daily":false,"chose_seed":false,"campfire_upgraded":4,"win_rate":0,"timestamp":1556806782,"path_taken":["M","M","$","?","M","R","E","R","T","$","E","?","R","E","R","BOSS","M","?","M","M","$","E","R","M","T","E","?","?","R","?","R","BOSS","M","?","M","?","M","E","R","M","T","R","E","M","R","M","R","BOSS"],"build_version":"2019-01-23","purchased_purges":3,"victory":true,"max_hp_per_floor":[75,75,75,75,75,75,75,75,75,75,75,75,75,75,75,75,75,75,75,75,75,75,75,75,75,75,75,75,75,75,75,75,75,80,80,80,80,80,80,80,80,80,80,80,80,80,80,80,80,80],"card_choices":[{"not_picked":["Leap","Rebound"],"picked":"Gash","floor":0.0},{"not_picked":["Scrape","BootSequence"],"picked":"White Noise","floor":1.0},{"not_picked":["Turbo","Steam"],"picked":"Rebound","floor":2.0},{"not_picked":["Loop","Barrage"],"picked":"Glacier","floor":5.0},{"not_picked":["Compile Driver","Barrage"],"picked":"Chill","floor":7.0},{"not_picked":["Meteor Strike","Skim"],"picked":"Loop","floor":11.0},{"not_picked":["Rebound","Cold Snap"],"picked":"Conserve Battery+1","floor":14.0},{"not_picked":["Buffer","All For One"],"picked":"Electrodynamics","floor":16.0},{"not_picked":["Heatsinks+1","Redo+1"],"picked":"Coolheaded+1","floor":18.0},{"not_picked":["Steam+1","Stack+1"],"picked":"BootSequence+1","floor":20.0},{"not_picked":["Streamline","Steam+1"],"picked":"Compile Driver","floor":21.0},{"not_picked":["Creative AI","Darkness+1"],"picked":"Hologram+1","floor":23.0},{"not_picked":["Rebound+1","Ball Lightning"],"picked":"Go for the Eyes","floor":25.0},{"not_picked":["Meteor Strike","Go for the Eyes+1"],"picked":"Coolheaded+1","floor":27.0},{"not_picked":["Heatsinks+1","Streamline"],"picked":"Leap+1","floor":31.0},{"not_picked":["Lockon","Skim+1"],"picked":"Coolheaded+1","floor":34.0},{"not_picked":["Aggregate+1","Self Repair+1"],"picked":"Turbo+1","floor":35.0},{"not_picked":["Barrage","Self Repair"],"picked":"Melter+1","floor":36.0},{"not_picked":["Doom and Gloom","Static Discharge+1","Steam+1"],"picked":"SKIP","floor":37.0},{"not_picked":["Leap+1","Ball Lightning"],"picked":"Reinforced Body+1","floor":38.0},{"not_picked":["Melter","Hologram+1"],"picked":"Redo+1","floor":39.0},{"not_picked":["Steam+1","Reprogram+1"],"picked":"Thunder Strike","floor":40.0},{"not_picked":["Go for the Eyes+1","Turbo+1"],"picked":"Fusion+1","floor":42.0},{"not_picked":["Barrage+1","Chaos+1"],"picked":"Sunder+1","floor":45.0},{"not_picked":["Hello World+1","Beam Cell+1"],"picked":"FTL+1","floor":46},{"not_picked":["FTL+1","Steam+1"],"picked":"Glacier+1","floor":48}],"player_experience":476347,"relics_obtained":[{"floor":7.0,"key":"Cables"},{"floor":9.0,"key":"DataDisk"},{"floor":11.0,"key":"Toxic Egg 2"},{"floor":14.0,"key":"PreservedInsect"},{"floor":19.0,"key":"Happy Flower"},{"floor":23.0,"key":"Lantern"},{"floor":26.0,"key":"Orichalcum"},{"floor":27.0,"key":"The Courier"},{"floor":38.0,"key":"Du-Vu Doll"},{"floor":40.0,"key":"Bronze Scales"},{"floor":43.0,"key":"Ancient Tea Set"},{"floor":45.0,"key":"Juzu Bracelet"}],"event_choices":[{"damage_healed":0.0,"max_hp_gain":0.0,"max_hp_loss":0.0,"gold_gain":0.0,"event_name":"The Cleric","player_choice":"Leave","floor":4.0,"gold_loss":0.0,"damage_taken":0.0},{"damage_healed":0.0,"max_hp_gain":0.0,"max_hp_loss":0.0,"gold_gain":0.0,"event_name":"Accursed Blacksmith","player_choice":"Forge","floor":12.0,"gold_loss":0.0,"damage_taken":0.0,"cards_upgraded":["Loop"]},{"damage_healed":0.0,"max_hp_gain":0.0,"max_hp_loss":0.0,"gold_gain":0.0,"event_name":"Vampires","player_choice":"Ignored","floor":28.0,"gold_loss":0.0,"damage_taken":0.0},{"damage_healed":0.0,"max_hp_gain":0.0,"max_hp_loss":0.0,"gold_gain":0.0,"event_name":"MindBloom","player_choice":"Fight","floor":38.0,"gold_loss":0.0,"damage_taken":0.0}],"is_beta":false,"boss_relics":[{"not_picked":["Cursed Key","Velvet Choker"],"picked":"Empty Cage"},{"not_picked":["Runic Pyramid","Lizard Tail"],"picked":"Tiny House"}],"items_purged_floors":[3,22,29],"is_endless":false,"potions_floor_spawned":[1,11,14,20,23,27,31,36,40,42,45,46],"ascension_level":11}