{"gold_per_floor":[114,129,140,154,154,154,187,37,63,91,91,106,106,139,139,211,211,224,237,247,172,172],"floor_reached":22,"playtime":1027,"items_purged":[],"score":361,"play_id":"9620741d-10ae-45be-a8d8-fa07484264be","local_time":"20190504192639","is_ascension_mode":true,"campfire_choices":[{"data":"Neutralize","floor":6,"key":"SMITH"},{"floor":11,"key":"REST"},{"data":"Bouncing Flask","floor":13,"key":"SMITH"},{"floor":15,"key":"REST"}],"neow_cost":"NONE","seed_source_timestamp":1843417004681874,"circlet_count":0,"master_deck":["AscendersBane","Defend_G","Defend_G","Defend_G","Defend_G","Defend_G","Strike_G","Strike_G","Strike_G","Strike_G","Survivor","Neutralize+1","Flying Knee","Quick Slash","Dash","Well Laid Plans","Noxious Fumes","Bouncing Flask+1","Noxious Fumes","Malaise","Footwork","Bouncing Flask+1"],"relics":["Ring of the Snake","Smiling Mask","PreservedInsect","Blood Vial","Strawberry","Question Card","Velvet Choker"],"potions_floor_usage":[10,10,16,16],"damage_taken":[{"damage":8,"enemies":"Jaw Worm","floor":1,"turns":7},{"damage":1,"enemies":"2 Louse","floor":2,"turns":4},{"damage":4,"enemies":"Small Slimes","floor":3,"turns":5},{"damage":11,"enemies":"3 Louse","floor":4,"turns":4},{"damage":24,"enemies":"Gremlin Nob","floor":7,"turns":5},{"damage":22,"enemies":"Lagavulin","floor":10,"turns":7},{"damage":0,"enemies":"Exordium Thugs","floor":12,"turns":5},{"damage":18,"enemies":"Gremlin Nob","floor":14,"turns":4},{"damage":23,"enemies":"Slime Boss","floor":16,"turns":8},{"damage":26,"enemies":"2 Thieves","floor":18,"turns":4},{"damage":9,"enemies":"3 Byrds","floor":19,"turns":5},{"damage":9,"enemies":"Centurion and Healer","floor":20,"turns":7},{"damage":36,"enemies":"3 Cultists","floor":22,"turns":5}],"seed_played":"-3443516417187642374","potions_obtained":[{"floor":3,"key":"EntropicBrew"},{"floor":7,"key":"SteroidPotion"},{"floor":10,"key":"Fire Potion"},{"floor":12,"key":"PowerPotion"},{"floor":19,"key":"FearPotion"}],"is_trial":false,"path_per_floor":["M","M","M","M","?","R","E","$","T","E","R","M","R","E","R","B",null,"M","M","M","?","M"],"character_chosen":"THE_SILENT","items_purchased":["Regen Potion","Noxious Fumes"],"campfire_rested":2,"item_purchase_floors":[8,8],"current_hp_per_floor":[51,50,46,35,35,35,11,11,11,13,34,36,36,20,41,20,60,36,29,22,22,0],"gold":172,"neow_bonus":"RANDOM_COMMON_RELIC","is_prod":false,"is_daily":false,"chose_seed":false,"campfire_upgraded":2,"win_rate":0,"timestamp":1557023199,"path_taken":["M","M","M","M","?","R","E","?","T","E","R","M","R","E","R","BOSS","M","M","M","?","M"],"build_version":"2019-01-23","purchased_purges":0,"victory":false,"max_hp_per_floor":[66,66,66,66,66,66,66,66,66,73,73,73,73,73,73,73,73,73,73,73,73,73],"card_choices":[{"not_picked":["Flechettes","PiercingWail"],"picked":"Flying Knee","floor":1},{"not_picked":["Slice","Setup"],"picked":"Quick Slash","floor":2},{"not_picked":["Quick Slash","Dagger Throw","Deflect"],"picked":"SKIP","floor":3},{"not_picked":["Riddle With Holes","Backstab"],"picked":"Dash","floor":4},{"not_picked":["Dodge and Roll","Finisher"],"picked":"Well Laid Plans","floor":7},{"not_picked":["Distraction","Prepared","Heel Hook"],"picked":"SKIP","floor":10},{"not_picked":["Slice","Catalyst"],"picked":"Bouncing Flask","floor":12},{"not_picked":["Bouncing Flask","Bane"],"picked":"Noxious Fumes","floor":14},{"not_picked":["Night Terror","Corpse Explosion","A Thousand Cuts"],"picked":"Malaise","floor":16},{"not_picked":["Expertise","PiercingWail","Infinite Blades"],"picked":"Footwork","floor":18},{"not_picked":["Flying Knee","Cloak And Dagger","Underhanded Strike","Quick Slash"],"picked":"SKIP","floor":19},{"not_picked":["Outmaneuver","Eviscerate","Finisher"],"picked":"Bouncing Flask+1","floor":20}],"player_experience":397698,"relics_obtained":[{"floor":7,"key":"PreservedInsect"},{"floor":9,"key":"Blood Vial"},{"floor":10,"key":"Strawberry"},{"floor":14,"key":"Question Card"}],"event_choices":[{"damage_healed":0,"gold_gain":0,"player_choice":"Ignored","damage_taken":0,"max_hp_gain":0,"max_hp_loss":0,"event_name":"Liars Game","floor":5,"gold_loss":0},{"cards_removed":["Strike_G"],"damage_healed":0,"gold_gain":0,"player_choice":"Gave Gold","damage_taken":0,"max_hp_gain":0,"max_hp_loss":0,"event_name":"Beggar","floor":21,"gold_loss":75}],"is_beta":false,"boss_relics":[{"not_picked":["Snecko Eye","Black Star"],"picked":"Velvet Choker"}],"items_purged_floors":[],"is_endless":false,"potions_floor_spawned":[3,7,10,12,14,19],"killed_by":"3 Cultists","ascension_level":15}