{"gold_per_floor":[109,0,0,14,29,29,55,55,55,84,98,9,9,9],"floor_reached":14,"playtime":557,"items_purged":[],"score":186,"play_id":"80bdf530-1084-4fa6-8c7d-685b33e59192","local_time":"20190426162641","is_ascension_mode":true,"campfire_choices":[{"data":"Well Laid Plans","floor":6,"key":"SMITH"},{"floor":8,"key":"REST"}],"neow_cost":"NONE","seed_source_timestamp":2917951396103341,"circlet_count":0,"master_deck":["AscendersBane","Defend_G","Defend_G","Defend_G","Defend_G","Strike_G","Strike_G","Strike_G","Strike_G","Strike_G","Survivor","Neutralize+1","Well Laid Plans+1","Sucker Punch","A Thousand Cuts","PiercingWail","Infinite Blades"],"relics":["Ring of the Snake","Dodecahedron","Blue Candle","Dead Branch"],"potions_floor_usage":[2,7,10,14],"damage_taken":[{"damage":0,"enemies":"2 Louse","floor":1,"turns":4},{"damage":1,"enemies":"Small Slimes","floor":4,"turns":5},{"damage":0,"enemies":"Cultist","floor":5,"turns":4},{"damage":30,"enemies":"Gremlin Nob","floor":7,"turns":6},{"damage":43,"enemies":"Lagavulin","floor":10,"turns":10},{"damage":3,"enemies":"Exordium Wildlife","floor":11,"turns":6},{"damage":2,"enemies":"Gremlin Gang","floor":14,"turns":2}],"seed_played":"-7109387259261760402","potions_obtained":[{"floor":1,"key":"SteroidPotion"},{"floor":4,"key":"Ancient Potion"},{"floor":11,"key":"Energy Potion"}],"is_trial":false,"path_per_floor":["M","$","?","M","M","R","E","R","T","E","M","$","?","M"],"character_chosen":"THE_SILENT","items_purchased":["Fruit Juice","Infinite Blades"],"campfire_rested":1,"item_purchase_floors":[2,12],"current_hp_per_floor":[59,64,57,56,56,56,26,47,47,4,1,1,1,0],"gold":9,"neow_bonus":"UPGRADE_CARD","is_prod":false,"is_daily":false,"chose_seed":false,"campfire_upgraded":1,"win_rate":0,"timestamp":1556292401,"path_taken":["M","$","?","M","M","R","E","R","T","E","M","$","?","M"],"build_version":"2019-01-23","purchased_purges":0,"victory":false,"max_hp_per_floor":[66,71,71,71,71,71,71,71,71,71,71,71,71,71],"card_choices":[{"not_picked":["Leg Sweep","PiercingWail"],"picked":"Well Laid Plans","floor":1},{"not_picked":["Distraction","Cloak And Dagger"],"picked":"Sucker Punch","floor":4},{"not_picked":["Deadly Poison","Acrobatics","Blade Dance"],"picked":"SKIP","floor":5},{"not_picked":["Acrobatics","Concentrate","Outmaneuver"],"picked":"SKIP","floor":7},{"not_picked":["Underhanded Strike","Blur"],"picked":"A Thousand Cuts","floor":10},{"not_picked":["Bane","Expertise"],"picked":"PiercingWail","floor":11}],"player_experience":213417,"relics_obtained":[{"floor":7,"key":"Dodecahedron"},{"floor":9,"key":"Blue Candle"},{"floor":10,"key":"Dead Branch"}],"event_choices":[{"cards_removed":["Defend_G"],"damage_healed":0,"gold_gain":0,"player_choice":"Card Removal","damage_taken":7,"max_hp_gain":0,"max_hp_loss":0,"event_name":"Golden Wing","floor":3,"gold_loss":0},{"damage_healed":0,"gold_gain":0,"player_choice":"Fled","damage_taken":0,"max_hp_gain":0,"max_hp_loss":0,"event_name":"Scrap Ooze","floor":13,"gold_loss":0}],"is_beta":false,"boss_relics":[],"items_purged_floors":[],"is_endless":false,"potions_floor_spawned":[1,4,5,11],"killed_by":"Gremlin Gang","ascension_level":18}