{"gold_per_floor":[113,128,0,14,34,34,50,50,107,107,171,199,215,44,44,146,146,146,146,146,146,46,46,46,1,1,1,1,1,1,1,1,1],"floor_reached":33,"playtime":1210,"items_purged":["Strike_R","Bash"],"score":369,"play_id":"fcff0789-d727-411a-907a-b16076c8dd3f","local_time":"20190110191351","is_ascension_mode":true,"campfire_choices":[{"data":"Uppercut","floor":6,"key":"SMITH"},{"data":"Flame Barrier","floor":8,"key":"SMITH"},{"data":"Iron Wave","floor":10,"key":"SMITH"},{"data":"Secret Weapon","floor":15,"key":"SMITH"},{"data":"Immolate","floor":23,"key":"SMITH"},{"data":"Shrug It Off","floor":32,"key":"SMITH"}],"neow_cost":"NONE","seed_source_timestamp":429096616705762,"circlet_count":0,"master_deck":["Defend_R","Defend_R","Defend_R","Defend_R","Iron Wave+1","Uppercut+1","Headbutt","Headbutt","Pommel Strike","Flame Barrier+1","Shrug It Off+1","Thunderclap","Secret Weapon+1","Immolate+1","Bite","Bite","Bite","Bite","Bite","Rage+1","Feed"],"relics":["Burning Blood","Tiny Chest","Juzu Bracelet","Ectoplasm","Bag of Preparation","Happy Flower","PreservedInsect","Boot","StoneCalendar"],"potions_floor_usage":[7,13,33],"damage_taken":[{"damage":9,"enemies":"Small Slimes","floor":1,"turns":4},{"damage":4,"enemies":"Jaw Worm","floor":2,"turns":3},{"damage":2,"enemies":"2 Louse","floor":4,"turns":2},{"damage":7,"enemies":"Blue Slaver","floor":5,"turns":3},{"damage":13,"enemies":"3 Louse","floor":7,"turns":4},{"damage":5,"enemies":"Gremlin Nob","floor":12,"turns":4},{"damage":0,"enemies":"Exordium Wildlife","floor":13,"turns":3},{"damage":38,"enemies":"Slime Boss","floor":16,"turns":13},{"damage":16,"enemies":"Spheric Guardian","floor":18,"turns":4},{"damage":21,"enemies":"Book of Stabbing","floor":24,"turns":4},{"damage":11,"enemies":"2 Thieves","floor":25,"turns":3},{"damage":10,"enemies":"Snake Plant","floor":27,"turns":3},{"damage":8,"enemies":"Snecko","floor":28,"turns":3},{"damage":3,"enemies":"Centurion and Healer","floor":29,"turns":4},{"damage":19,"enemies":"Gremlin Leader","floor":30,"turns":4},{"damage":55,"enemies":"Champ","floor":33,"turns":9}],"seed_played":"4573468613658292280","potions_obtained":[{"floor":1,"key":"LiquidBronze"},{"floor":2,"key":"PowerPotion"},{"floor":12,"key":"Explosive Potion"},{"floor":27,"key":"LiquidBronze"},{"floor":28,"key":"AttackPotion"}],"is_trial":false,"path_per_floor":["M","M","$","M","M","R","M","R","T","R","?","E","M","$","R","B",null,"M","?","?","T","$","R","E","M","T","M","M","M","E","?","R","B"],"character_chosen":"IRONCLAD","items_purchased":["Headbutt","Secret Weapon"],"campfire_rested":0,"item_purchase_floors":[3,14],"current_hp_per_floor":[77,79,79,80,79,79,72,72,72,72,72,73,79,79,79,47,80,70,56,56,56,56,56,45,44,44,44,46,51,44,44,44,0],"gold":1,"neow_bonus":"TRANSFORM_CARD","is_prod":false,"is_daily":false,"chose_seed":false,"campfire_upgraded":6,"win_rate":0,"timestamp":1547147631,"path_taken":["M","M","$","M","M","R","M","R","T","R","?","E","M","$","R","BOSS","M","?","?","?","$","R","E","M","T","M","M","M","E","?","R","BOSS"],"build_version":"2019-01-03v4","purchased_purges":2,"victory":false,"max_hp_per_floor":[80,80,80,80,80,80,80,80,80,80,80,80,80,80,80,80,80,80,56,56,56,56,56,56,56,56,56,56,56,56,56,56,56],"card_choices":[{"not_picked":["Carnage","Infernal Blade"],"picked":"Uppercut","floor":1},{"not_picked":["Sword Boomerang","Bloodletting"],"picked":"Headbutt","floor":2},{"not_picked":["Second Wind","Heavy Blade","Clash"],"picked":"SKIP","floor":4},{"not_picked":["Bloodletting","Clothesline"],"picked":"Pommel Strike","floor":5},{"not_picked":["Armaments","Warcry"],"picked":"Flame Barrier","floor":7},{"not_picked":["Intimidate","Cleave"],"picked":"Shrug It Off","floor":12},{"not_picked":["Limit Break","Perfected Strike"],"picked":"Thunderclap","floor":13},{"not_picked":["Reaper","Brutality"],"picked":"Immolate","floor":16},{"not_picked":["Anger","Infernal Blade","Dual Wield"],"picked":"SKIP","floor":18},{"not_picked":["Wild Strike","Anger","Entrench"],"picked":"SKIP","floor":24},{"not_picked":["Heavy Blade","Fire Breathing","Sentinel"],"picked":"SKIP","floor":25},{"not_picked":["Havoc","Armaments"],"picked":"Rage+1","floor":27},{"not_picked":["Pommel Strike","Bloodletting","Corruption"],"picked":"SKIP","floor":28},{"not_picked":["Headbutt","Whirlwind"],"picked":"Feed","floor":29},{"not_picked":["Body Slam+1","Pummel","Seeing Red"],"picked":"SKIP","floor":30}],"player_experience":688078,"relics_obtained":[{"floor":9,"key":"Tiny Chest"},{"floor":12,"key":"Juzu Bracelet"},{"floor":21,"key":"Happy Flower"},{"floor":24,"key":"PreservedInsect"},{"floor":26,"key":"Boot"},{"floor":30,"key":"StoneCalendar"}],"event_choices":[{"damage_healed":0,"gold_gain":64,"player_choice":"Gained Gold","damage_taken":0,"max_hp_gain":0,"max_hp_loss":0,"event_name":"Golden Wing","floor":11,"gold_loss":0},{"damage_healed":0,"gold_gain":0,"player_choice":"Became a vampire","damage_taken":0,"max_hp_gain":0,"max_hp_loss":24,"event_name":"Vampires","floor":19,"gold_loss":0,"cards_obtained":["Bite","Bite","Bite","Bite","Bite"]},{"damage_healed":0,"gold_gain":0,"player_choice":"Opened","damage_taken":0,"relics_obtained":["Bag of Preparation"],"max_hp_gain":0,"max_hp_loss":0,"event_name":"The Mausoleum","floor":20,"gold_loss":0},{"damage_healed":0,"gold_gain":0,"player_choice":"Ignored","damage_taken":0,"max_hp_gain":0,"max_hp_loss":0,"event_name":"Beggar","floor":31,"gold_loss":0}],"is_beta":false,"boss_relics":[{"not_picked":["Astrolabe","Black Blood"],"picked":"Ectoplasm"}],"items_purged_floors":[3,22],"is_endless":false,"potions_floor_spawned":[1,2,12,27,28,29,30],"killed_by":"Champ","ascension_level":4}