{"gold_per_floor":[116,127,137,87,162,190,190,190,190,222,222,233,233,249,249,324,324,337,247,261,64,78,108,108,140,140,140],"floor_reached":27,"playtime":1185,"items_purged":["Strike_R"],"score":444,"play_id":"db7f968d-28a6-427b-890f-07c69eee3532","local_time":"20190411120119","is_ascension_mode":true,"campfire_choices":[{"floor":7,"key":"REST"},{"floor":11,"key":"REST"},{"data":"Havoc","floor":13,"key":"SMITH"},{"data":"Inflame","floor":15,"key":"SMITH"},{"floor":24,"key":"REST"}],"neow_cost":"NONE","seed_source_timestamp":0,"circlet_count":0,"master_deck":["AscendersBane","Strike_R","Strike_R","Defend_R","Defend_R","Defend_R","Defend_R","Bash","Shrug It Off","Uppercut","Inflame+1","Feed","Havoc+1","Headbutt","Warcry","Offering+1","Spot Weakness","Battle Trance","Shrug It Off","Disarm","Shockwave","Shockwave"],"special_seed":0,"relics":["Burning Blood","Centennial Puzzle","Mummified Hand","Sundial","Snecko Eye","Pen Nib","Anchor","Peace Pipe"],"potions_floor_usage":[10,22,23,25],"damage_taken":[{"damage":10.0,"enemies":"2 Louse","floor":1.0,"turns":3.0},{"damage":7.0,"enemies":"Small Slimes","floor":2.0,"turns":4.0},{"damage":0.0,"enemies":"Cultist","floor":3.0,"turns":3.0},{"damage":37.0,"enemies":"3 Sentries","floor":6.0,"turns":9.0},{"damage":38,"enemies":"Lagavulin","floor":10,"turns":6},{"damage":9,"enemies":"Red Slaver","floor":12,"turns":3},{"damage":9,"enemies":"Exordium Thugs","floor":14,"turns":6},{"damage":42,"enemies":"Hexaghost","floor":16,"turns":9},{"damage":28,"enemies":"Shell Parasite","floor":18,"turns":4},{"damage":6,"enemies":"Chosen","floor":20,"turns":2},{"damage":8,"enemies":"Snecko","floor":22,"turns":3},{"damage":36,"enemies":"Slavers","floor":23,"turns":8},{"damage":37,"enemies":"Book of Stabbing","floor":25,"turns":6},{"damage":21,"enemies":"Sentry and Sphere","floor":27,"turns":3}],"seed_played":"-3014610762855483938","potions_obtained":[{"floor":2.0,"key":"Swift Potion"},{"floor":6,"key":"EssenceOfSteel"},{"floor":14,"key":"GamblersBrew"},{"floor":16,"key":"Dexterity Potion"},{"floor":23,"key":"Weak Potion"},{"floor":25,"key":"SpeedPotion"}],"is_trial":false,"path_per_floor":["M","M","M","?","?","E","R","?","T","E","R","M","R","M","R","B",null,"M","?","M","$","M","E","R","E","T","M"],"character_chosen":"IRONCLAD","items_purchased":["Shrug It Off","Disarm"],"campfire_rested":3,"item_purchase_floors":[21,21],"current_hp_per_floor":[64,63,69,69,58,27,49,75,75,46,69,69,69,69,69,33,71,49,49,52,52,53,23,50,19,19,0],"gold":140,"neow_bonus":"RANDOM_COLORLESS","is_prod":false,"is_daily":false,"chose_seed":false,"campfire_upgraded":2,"win_rate":0,"timestamp":1555009279,"path_taken":["M","M","M","?","?","E","R","?","T","E","R","M","R","?","R","BOSS","M","?","M","?","M","E","R","E","T","M"],"build_version":"2019-01-23","purchased_purges":1,"victory":false,"max_hp_per_floor":[75,75,75,75,75,75,75,75,75,78,78,81,81,84,84,84,84,84,84,87,87,90,90,90,90,90,90],"card_choices":[{"not_picked":["Rupture","Headbutt"],"picked":"Shrug It Off","floor":1.0},{"not_picked":["Body Slam","Clothesline"],"picked":"Uppercut","floor":2.0},{"not_picked":["Shrug It Off","Hemokinesis"],"picked":"Inflame","floor":3.0},{"not_picked":["Bloodletting","Anger"],"picked":"Feed","floor":6},{"not_picked":["Warcry","Seeing Red"],"picked":"Havoc","floor":10},{"not_picked":["Rampage","Sentinel"],"picked":"Headbutt","floor":12},{"not_picked":["Rupture","Flex"],"picked":"Warcry","floor":14},{"not_picked":["Dark Embrace","Feed"],"picked":"Offering","floor":16},{"not_picked":["Headbutt","Flame Barrier"],"picked":"Spot Weakness","floor":18},{"not_picked":["Clash","Reckless Charge"],"picked":"Battle Trance","floor":20},{"not_picked":["Warcry","Twin Strike","Headbutt"],"picked":"SKIP","floor":22},{"not_picked":["Infernal Blade","Iron Wave"],"picked":"Shockwave","floor":23},{"not_picked":["Wild Strike","Havoc"],"picked":"Shockwave","floor":25}],"player_experience":414079,"relics_obtained":[{"floor":6,"key":"Centennial Puzzle"},{"floor":9,"key":"Mummified Hand"},{"floor":10,"key":"Sundial"},{"floor":23,"key":"Pen Nib"},{"floor":25,"key":"Anchor"},{"floor":26,"key":"Peace Pipe"}],"event_choices":[{"cards_removed":["Strike_R"],"damage_healed":0.0,"max_hp_gain":0.0,"max_hp_loss":0.0,"gold_gain":0.0,"event_name":"The Cleric","player_choice":"Card Removal","floor":4.0,"gold_loss":50.0,"damage_taken":0.0},{"damage_healed":0.0,"max_hp_gain":0.0,"max_hp_loss":0.0,"gold_gain":75.0,"event_name":"World of Goop","player_choice":"Gather Gold","floor":5.0,"gold_loss":0.0,"damage_taken":11.0},{"cards_removed":["Deep Breath"],"damage_healed":26,"gold_gain":0,"player_choice":"Offered Uncommon","damage_taken":0,"max_hp_gain":0,"max_hp_loss":0,"event_name":"Bonfire Elementals","floor":8,"gold_loss":0},{"cards_removed":["Strike_R"],"damage_healed":0,"gold_gain":0,"player_choice":"Upgrade and Remove","damage_taken":0,"max_hp_gain":0,"max_hp_loss":0,"event_name":"Designer","floor":19,"gold_loss":90,"cards_upgraded":["Offering"]}],"is_beta":false,"boss_relics":[{"not_picked":["Sozu","Velvet Choker"],"picked":"Snecko Eye"}],"items_purged_floors":[21],"is_endless":false,"potions_floor_spawned":[2,6,14,16,23,25],"killed_by":"Sentry and Sphere","ascension_level":14}