{"gold_per_floor":[112,125,125,145,145,145,176,176,199,215,230,258,258,258,258,355,355,372,447,447,447,447,447,474,474,474,484,484,515,531,531,531,632,632,645,645,657,707,727,757,757,789,789,800,800,817,835,17,17,17],"floor_reached":50,"playtime":29468,"items_purged":["Strike_B"],"score":734,"play_id":"0aac8234-baaa-464f-9ea3-ed1572d3fa64","local_time":"20190310223650","is_ascension_mode":true,"campfire_choices":[{"floor":6,"key":"REST"},{"data":"Capacitor","floor":8,"key":"SMITH"},{"floor":13,"key":"REST"},{"floor":15,"key":"REST"},{"floor":23,"key":"REST"},{"floor":25,"key":"REST"},{"floor":28,"key":"REST"},{"floor":32,"key":"REST"},{"floor":41,"key":"REST"},{"floor":45,"key":"REST"},{"floor":49,"key":"REST"}],"neow_cost":"NONE","seed_source_timestamp":712157649055287,"circlet_count":0,"master_deck":["Strike_B+1","Strike_B+1","Defend_B","Defend_B","Defend_B","Defend_B+1","Zap+1","Dualcast","Capacitor+1","Barrage+1","FTL","Barrage","Redo+1","Ball Lightning","Defragment+1","Glacier","Glacier","Doom and Gloom","Creative AI","Ball Lightning","FTL+1","Go for the Eyes+1","Capacitor","Rainbow","Meteor Strike","Chaos+1","Consume+1","Meteor Strike","Conserve Battery+1","Hologram+1","Parasite","Conserve Battery+1","White Noise+1","Apotheosis+1","Leap+1"],"relics":["Cracked Core","Juzu Bracelet","Whetstone","Bag of Preparation","Dream Catcher","Singing Bowl","Snecko Eye","Prayer Wheel","Unceasing Top","Cables","Orichalcum","Inserter","Shovel","War Paint","Toxic Egg 2","Torii","Ice Cream","Gremlin Horn"],"potions_floor_usage":[7,12,18,18,24,29,39,39,46],"damage_taken":[{"damage":6,"enemies":"Jaw Worm","floor":1,"turns":4},{"damage":6,"enemies":"Small Slimes","floor":2,"turns":4},{"damage":1,"enemies":"Cultist","floor":4,"turns":4},{"damage":10,"enemies":"Lagavulin","floor":7,"turns":4},{"damage":1,"enemies":"2 Fungi Beasts","floor":10,"turns":2},{"damage":15,"enemies":"Gremlin Gang","floor":11,"turns":3},{"damage":30,"enemies":"3 Sentries","floor":12,"turns":5},{"damage":22,"enemies":"Slime Boss","floor":16,"turns":6},{"damage":15,"enemies":"3 Byrds","floor":18,"turns":4},{"damage":49,"enemies":"Slavers","floor":24,"turns":4},{"damage":9,"enemies":"Shell Parasite","floor":27,"turns":4},{"damage":21,"enemies":"Book of Stabbing","floor":29,"turns":6},{"damage":0,"enemies":"Centurion and Healer","floor":30,"turns":3},{"damage":15,"enemies":"Colosseum Slavers","floor":31,"turns":3},{"damage":16,"enemies":"Collector","floor":33,"turns":8},{"damage":14,"enemies":"Orb Walker","floor":35,"turns":3},{"damage":24,"enemies":"3 Shapes","floor":37,"turns":3},{"damage":10,"enemies":"2 Orb Walkers","floor":38,"turns":4},{"damage":25,"enemies":"Writhing Mass","floor":39,"turns":4},{"damage":0,"enemies":"Giant Head","floor":40,"turns":6},{"damage":26,"enemies":"Reptomancer","floor":42,"turns":5},{"damage":1,"enemies":"Spire Growth","floor":44,"turns":4},{"damage":0,"enemies":"Transient","floor":46,"turns":5},{"damage":36,"enemies":"4 Shapes","floor":47,"turns":5},{"damage":80,"enemies":"Awakened One","floor":50,"turns":4}],"seed_played":"-7374497800410983953","potions_obtained":[{"floor":1,"key":"Energy Potion"},{"floor":4,"key":"SteroidPotion"},{"floor":10,"key":"PowerPotion"},{"floor":12,"key":"Strength Potion"},{"floor":18,"key":"FocusPotion"},{"floor":27,"key":"PowerPotion"},{"floor":37,"key":"EssenceOfSteel"},{"floor":38,"key":"Swift Potion"},{"floor":42,"key":"AttackPotion"}],"is_trial":false,"path_per_floor":["?","?","?","?","?","?","?","?","?","?","$"],"character_chosen":"DEFECT","items_purchased":["Ice Cream","Gremlin Horn","Apotheosis+1","Leap+1"],"campfire_rested":10,"item_purchase_floors":[48,48,48,48],"current_hp_per_floor":[69,63,63,62,47,69,59,59,59,58,43,13,35,35,57,35,75,60,53,53,53,39,65,16,40,40,33,58,37,37,22,49,33,86,74,74,52,44,23,23,52,28,28,31,63,67,33,33,67,0],"gold":17,"neow_bonus":"RANDOM_COMMON_RELIC","is_prod":false,"is_daily":false,"chose_seed":false,"campfire_upgraded":1,"win_rate":0,"timestamp":1552279010,"path_taken":["M","M","?","M","?","R","E","R","T","M","M","E","R","?","R","BOSS","M","?","?","?","?","R","E","R","T","M","R","E","M","?","R","BOSS","M","?","M","?","M","E","R","E","T","M","R","M","M","?","R","BOSS"],"build_version":"2019-01-23","purchased_purges":1,"victory":false,"max_hp_per_floor":[75,75,75,75,75,75,75,75,75,75,75,75,75,75,75,75,75,75,75,75,75,80,82,82,82,82,84,84,84,84,84,86,86,86,88,84,86,88,92,92,94,96,96,100,102,106,108,108,110,110],"card_choices":[{"not_picked":["BootSequence","Hologram"],"picked":"Capacitor","floor":1},{"not_picked":["Hello World","Ball Lightning"],"picked":"Barrage","floor":2},{"not_picked":["Stack","Turbo"],"picked":"Barrage","floor":4},{"not_picked":["Rip and Tear","Steam"],"picked":"Redo","floor":7},{"not_picked":["White Noise","Conserve Battery"],"picked":"Ball Lightning","floor":10},{"not_picked":["Turbo","Beam Cell"],"picked":"Defragment","floor":11},{"not_picked":["Sweeping Beam","Streamline"],"picked":"Glacier","floor":12},{"not_picked":["Stack","Rebound"],"picked":"Glacier","floor":13},{"not_picked":["Redo","Biased Cognition"],"picked":"Doom and Gloom","floor":15},{"not_picked":["Core Surge","Multi-Cast"],"picked":"Creative AI","floor":16},{"not_picked":["Steam","Rebound+1"],"picked":"Ball Lightning","floor":18},{"not_picked":["Redo+1","Machine Learning","Skim"],"picked":"Singing Bowl","floor":23},{"not_picked":["Go for the Eyes","Skim"],"picked":"FTL+1","floor":24},{"not_picked":["Beam Cell","Lockon"],"picked":"Go for the Eyes+1","floor":25},{"not_picked":["Aggregate","Beam Cell+1","Streamline"],"picked":"Singing Bowl","floor":27},{"not_picked":["Scrape","Genetic Algorithm"],"picked":"Capacitor","floor":27},{"not_picked":["Turbo","Compile Driver+1"],"picked":"Rainbow","floor":28},{"not_picked":["Biased Cognition","Reinforced Body"],"picked":"Meteor Strike","floor":29},{"not_picked":["Stack+1","Genetic Algorithm"],"picked":"Chaos+1","floor":30},{"not_picked":["Lockon","Melter+1"],"picked":"Consume+1","floor":30},{"not_picked":["Double Energy+1","Conserve Battery","Rip and Tear"],"picked":"Singing Bowl","floor":32},{"not_picked":["Machine Learning","Rainbow"],"picked":"Meteor Strike","floor":33},{"not_picked":["Stack+1","Streamline+1","Gash+1"],"picked":"Singing Bowl","floor":35},{"not_picked":["Heatsinks","Streamline"],"picked":"Conserve Battery+1","floor":35},{"not_picked":["Leap+1","Gash+1","Reprogram"],"picked":"Singing Bowl","floor":37},{"not_picked":["Genetic Algorithm","FTL"],"picked":"Hologram+1","floor":37},{"not_picked":["Steam","Auto Shields","Echo Form"],"picked":"Singing Bowl","floor":38},{"not_picked":["Turbo","FTL+1","Melter"],"picked":"Singing Bowl","floor":39},{"not_picked":["Tempest+1","Steam+1","Blizzard"],"picked":"Singing Bowl","floor":39},{"not_picked":["Ball Lightning+1","Streamline"],"picked":"Conserve Battery+1","floor":40},{"not_picked":["Hologram+1","Go for the Eyes","Scrape+1"],"picked":"Singing Bowl","floor":41},{"not_picked":["Leap+1","Turbo+1","Chaos"],"picked":"Singing Bowl","floor":42},{"not_picked":["Double Energy+1","Chill+1","Barrage+1"],"picked":"Singing Bowl","floor":44},{"not_picked":["Sweeping Beam+1","Compile Driver","Stack+1"],"picked":"Singing Bowl","floor":44},{"not_picked":["Beam Cell","Turbo+1","Steam+1"],"picked":"Singing Bowl","floor":45},{"not_picked":["Fusion+1","Ball Lightning","Turbo+1"],"picked":"Singing Bowl","floor":46},{"not_picked":["Stack+1","Genetic Algorithm+1","White Noise+1"],"picked":"Singing Bowl","floor":46},{"not_picked":["Machine Learning","Undo+1","Ball Lightning+1"],"picked":"Singing Bowl","floor":47},{"not_picked":["Recycle+1","Cold Snap+1"],"picked":"White Noise+1","floor":47},{"not_picked":["Rebound","Lockon+1","Scrape"],"picked":"Singing Bowl","floor":49}],"player_experience":186943,"relics_obtained":[{"floor":7,"key":"Whetstone"},{"floor":9,"key":"Bag of Preparation"},{"floor":12,"key":"Dream Catcher"},{"floor":24,"key":"Unceasing Top"},{"floor":26,"key":"Cables"},{"floor":29,"key":"Orichalcum"},{"floor":38,"key":"Shovel"},{"floor":40,"key":"War Paint"},{"floor":42,"key":"Toxic Egg 2"},{"floor":43,"key":"Torii"}],"event_choices":[{"damage_healed":0,"gold_gain":0,"cards_transformed":["Strike_B"],"player_choice":"Change","damage_taken":0,"max_hp_gain":0,"max_hp_loss":0,"event_name":"Living Wall","floor":3,"gold_loss":0,"cards_obtained":["FTL"]},{"damage_healed":0,"gold_gain":0,"player_choice":"Entered Light","damage_taken":15,"max_hp_gain":0,"max_hp_loss":0,"event_name":"Shining Light","floor":5,"gold_loss":0,"cards_upgraded":["Zap","Barrage"]},{"damage_healed":0,"gold_gain":0,"player_choice":"Searched \u00271\u0027 times","damage_taken":0,"relics_obtained":["Singing Bowl"],"max_hp_gain":0,"max_hp_loss":0,"event_name":"Dead Adventurer","floor":14,"gold_loss":0},{"damage_healed":0,"gold_gain":75,"player_choice":"Touch","damage_taken":7,"max_hp_gain":0,"max_hp_loss":0,"event_name":"FaceTrader","floor":19,"gold_loss":0},{"damage_healed":0,"gold_gain":0,"player_choice":"Opened","damage_taken":0,"relics_obtained":["Prayer Wheel"],"max_hp_gain":0,"max_hp_loss":0,"event_name":"The Mausoleum","floor":20,"gold_loss":0},{"damage_healed":0,"gold_gain":0,"player_choice":"Upgraded","damage_taken":0,"max_hp_gain":0,"max_hp_loss":0,"event_name":"Upgrade Shrine","floor":21,"gold_loss":0,"cards_upgraded":["Defragment"]},{"damage_healed":0,"gold_gain":0,"player_choice":"Shed Blood","damage_taken":19,"max_hp_gain":5,"max_hp_loss":0,"event_name":"Forgotten Altar","floor":22,"gold_loss":0},{"damage_healed":0,"gold_gain":0,"player_choice":"Fight","damage_taken":0,"max_hp_gain":0,"max_hp_loss":0,"event_name":"Colosseum","floor":31,"gold_loss":0},{"damage_healed":0,"gold_gain":0,"player_choice":"Fled From Nobs","damage_taken":0,"max_hp_gain":0,"max_hp_loss":0,"event_name":"Colosseum","floor":31,"gold_loss":0},{"damage_healed":0,"gold_gain":0,"player_choice":"Max HP","damage_taken":0,"max_hp_gain":0,"max_hp_loss":4,"event_name":"Winding Halls","floor":36,"gold_loss":0},{"damage_healed":0,"gold_gain":0,"player_choice":"Fight","damage_taken":0,"max_hp_gain":0,"max_hp_loss":0,"event_name":"Mysterious Sphere","floor":38,"gold_loss":0}],"is_beta":false,"boss_relics":[{"not_picked":["Astrolabe","Tiny House"],"picked":"Snecko Eye"},{"not_picked":["Lizard Tail","Empty Cage"],"picked":"Inserter"}],"items_purged_floors":[48],"is_endless":false,"potions_floor_spawned":[1,4,10,12,18,27,31,37,38,42],"killed_by":"Awakened One","ascension_level":3}