{"gold_per_floor":[119,119,137,9,23,23,36,50,50,75,0,12,12,29,29,131,131,142,142,142,0,13,13,38,38,85,52,63,63,63,82,82,82],"floor_reached":33,"playtime":1012,"items_purged":["Strike_B"],"score":292,"play_id":"2bdd1589-a344-4ed7-9cf0-1856de6c9ab3","local_time":"20181207003028","is_ascension_mode":false,"campfire_choices":[{"floor":6,"key":"REST"},{"floor":13,"key":"REST"},{"floor":15,"key":"REST"},{"floor":23,"key":"REST"},{"floor":25,"key":"REST"},{"floor":32,"key":"REST"}],"neow_cost":"NONE","seed_source_timestamp":180707277348559,"circlet_count":0,"master_deck":["Strike_B","Strike_B","Strike_B","Defend_B","Defend_B","Defend_B","Zap","Dualcast","Streamline","Sweeping Beam","Defragment","Gash","Barrage","Defragment","Hologram","Melter","Multi-Cast","Defragment+1","Decay","Melter","Tempest","Lockon","Capacitor"],"relics":["Cracked Core","Pear","Juzu Bracelet","Sozu","Letter Opener","Boot"],"potions_floor_usage":[4,7,7,7,12,16,16],"damage_taken":[{"damage":8,"enemies":"Small Slimes","floor":1,"turns":2},{"damage":6,"enemies":"Cultist","floor":3,"turns":3},{"damage":7,"enemies":"2 Louse","floor":5,"turns":2},{"damage":0,"enemies":"Large Slime","floor":7,"turns":5},{"damage":8,"enemies":"Red Slaver","floor":8,"turns":2},{"damage":45,"enemies":"3 Sentries","floor":10,"turns":5},{"damage":17,"enemies":"Looter","floor":12,"turns":3},{"damage":21,"enemies":"Blue Slaver","floor":14,"turns":3},{"damage":65,"enemies":"The Guardian","floor":16,"turns":10},{"damage":31,"enemies":"Shell Parasite","floor":18,"turns":5},{"damage":9,"enemies":"Chosen","floor":22,"turns":4},{"damage":64,"enemies":"Book of Stabbing","floor":24,"turns":5},{"damage":29,"enemies":"3 Cultists","floor":28,"turns":4},{"damage":46,"enemies":"Shelled Parasite and Fungi","floor":31,"turns":4},{"damage":38,"enemies":"Collector","floor":33,"turns":3}],"seed_played":"1746237697504484996","potions_obtained":[{"floor":2,"key":"SkillPotion"},{"floor":2,"key":"Weak Potion"},{"floor":2,"key":"Fruit Juice"},{"floor":10,"key":"Regen Potion"},{"floor":12,"key":"Energy Potion"},{"floor":14,"key":"SteroidPotion"}],"is_trial":false,"path_per_floor":["M","?","M","$","M","R","M","M","T","E","$","M","R","M","R","B",null,"M","?","?","?","M","R","E","R","T","$","M","?","?","M","R","B"],"character_chosen":"DEFECT","items_purchased":["Defragment","Energy Potion","Lockon"],"campfire_rested":6,"item_purchase_floors":[4,4,27],"current_hp_per_floor":[74,74,68,73,66,87,87,79,89,44,44,32,61,40,69,4,97,66,66,66,66,57,86,22,51,51,51,22,22,54,8,37,0],"gold":82,"neow_bonus":"TEN_PERCENT_HP_BONUS","is_prod":false,"is_daily":false,"chose_seed":false,"campfire_upgraded":0,"win_rate":0,"timestamp":1544171428,"path_taken":["M","?","M","$","M","R","?","M","T","E","?","M","R","M","R","BOSS","M","?","?","?","M","R","E","R","T","$","M","?","?","M","R","BOSS"],"build_version":"2018-12-06","purchased_purges":1,"victory":false,"max_hp_per_floor":[82,82,82,87,87,87,87,87,97,97,97,97,97,97,97,97,97,97,97,97,97,97,97,97,97,97,97,97,97,97,97,97,97],"card_choices":[{"not_picked":["Coolheaded","Undo"],"picked":"Streamline","floor":1},{"not_picked":["Stack","Streamline"],"picked":"Sweeping Beam","floor":3},{"not_picked":["Stack","Streamline"],"picked":"Gash","floor":5},{"not_picked":["Coolheaded","Recycle"],"picked":"Barrage","floor":7},{"not_picked":["Aggregate","Go for the Eyes"],"picked":"Defragment","floor":8},{"not_picked":["Rebound","White Noise"],"picked":"Hologram","floor":10},{"not_picked":["Barrage","Scrape"],"picked":"Melter","floor":12},{"not_picked":["Recycle","Coolheaded","Reboot"],"picked":"SKIP","floor":14},{"not_picked":["Fission","All For One"],"picked":"Multi-Cast","floor":16},{"not_picked":["Consume","White Noise+1"],"picked":"Defragment+1","floor":18},{"not_picked":["Doom and Gloom","Turbo"],"picked":"Tempest","floor":22},{"not_picked":["Redo","Compile Driver","Glacier+1"],"picked":"SKIP","floor":24},{"not_picked":["Compile Driver","Beam Cell+1"],"picked":"Capacitor","floor":28},{"not_picked":["Hyperbeam","Beam Cell","Redo"],"picked":"SKIP","floor":31}],"player_experience":131421,"relics_obtained":[{"floor":9,"key":"Pear"},{"floor":10,"key":"Juzu Bracelet"},{"floor":24,"key":"Letter Opener"},{"floor":26,"key":"Boot"}],"event_choices":[{"damage_healed":0,"gold_gain":0,"player_choice":"Got Potions","damage_taken":0,"max_hp_gain":0,"max_hp_loss":0,"event_name":"Lab","floor":2,"gold_loss":0},{"damage_healed":0,"gold_gain":0,"player_choice":"Smashed Altar","damage_taken":0,"max_hp_gain":0,"max_hp_loss":0,"event_name":"Forgotten Altar","floor":19,"gold_loss":0,"cards_obtained":["Decay"]},{"damage_healed":0,"gold_gain":0,"cards_transformed":["Defend_B"],"player_choice":"Transformed","damage_taken":0,"max_hp_gain":0,"max_hp_loss":0,"event_name":"Transmorgrifier","floor":20,"gold_loss":0,"cards_obtained":["Melter"]},{"damage_healed":0,"gold_gain":0,"player_choice":"Paid Fearfully","damage_taken":0,"max_hp_gain":0,"max_hp_loss":0,"event_name":"Masked Bandits","floor":21,"gold_loss":142},{"damage_healed":0,"gold_gain":0,"player_choice":"Ignored","damage_taken":0,"max_hp_gain":0,"max_hp_loss":0,"event_name":"Beggar","floor":29,"gold_loss":0},{"damage_healed":32,"gold_gain":0,"player_choice":"Heal","damage_taken":0,"max_hp_gain":0,"max_hp_loss":0,"event_name":"The Library","floor":30,"gold_loss":0}],"is_beta":false,"boss_relics":[{"not_picked":["Empty Cage","Orrery"],"picked":"Sozu"}],"items_purged_floors":[11],"is_endless":false,"potions_floor_spawned":[5,10,12,14,22,24,28,31],"killed_by":"Collector","ascension_level":0}