{"gold_per_floor":[115,95,107,121,139,139,157,172,247,86,103,69,94,107,107,204,204,204,204,222,66,66,101,101,101],"floor_reached":25,"playtime":1723,"items_purged":[],"score":338,"play_id":"5ce1be1e-1a92-43a0-9c1d-5ef64fdf3a2a","local_time":"20190313202505","is_ascension_mode":true,"campfire_choices":[{"data":"Blade Dance","floor":6,"key":"SMITH"},{"floor":15,"key":"REST"},{"floor":24,"key":"REST"}],"neow_cost":"NONE","seed_source_timestamp":179058930837365,"circlet_count":0,"master_deck":["AscendersBane","Defend_G","Defend_G","Defend_G","Defend_G","Defend_G","Strike_G+1","Strike_G","Strike_G","Strike_G","Survivor","Neutralize","Dagger Spray+1","Predator","Blade Dance+1","Venomology","Bouncing Flask","Corpse Explosion","PiercingWail","Cloak And Dagger","Envenom","Pain"],"relics":["WristBlade","Question Card","Boot","Lizard Tail","Whetstone","WarpedTongs","Thread and Needle"],"potions_floor_usage":[7,8,11,13,16,16,16,18,20,23,23,25],"damage_taken":[{"damage":5,"enemies":"Cultist","floor":1,"turns":5},{"damage":2,"enemies":"Small Slimes","floor":3,"turns":4},{"damage":4,"enemies":"Jaw Worm","floor":4,"turns":3},{"damage":13,"enemies":"3 Louse","floor":5,"turns":4},{"damage":10,"enemies":"Gremlin Gang","floor":7,"turns":4},{"damage":1,"enemies":"Looter","floor":8,"turns":3},{"damage":0,"enemies":"Large Slime","floor":11,"turns":4},{"damage":19,"enemies":"3 Sentries","floor":13,"turns":8},{"damage":0,"enemies":"3 Louse","floor":14,"turns":1},{"damage":39,"enemies":"The Guardian","floor":16,"turns":13},{"damage":1,"enemies":"3 Byrds","floor":18,"turns":2},{"damage":35,"enemies":"Shell Parasite","floor":20,"turns":6},{"damage":40,"enemies":"Slavers","floor":23,"turns":4},{"damage":50,"enemies":"Book of Stabbing","floor":25,"turns":5}],"seed_played":"2304685121586818954","potions_obtained":[{"floor":2,"key":"SmokeBomb"},{"floor":3,"key":"GhostInAJar"},{"floor":5,"key":"SkillPotion"},{"floor":23,"key":"Swift Potion"}],"is_trial":false,"path_per_floor":["M","?","M","M","M","R","M","M","T","$","M","?","E","M","R","B",null,"M","?","M","$","?","E","R","E"],"character_chosen":"THE_SILENT","items_purchased":["Corpse Explosion","Whetstone"],"campfire_rested":2,"item_purchase_floors":[10,21],"current_hp_per_floor":[58,58,56,52,39,39,29,28,28,28,40,40,21,21,42,3,53,52,52,17,17,17,21,42,0],"gold":101,"neow_bonus":"BOSS_RELIC","is_prod":false,"is_daily":false,"chose_seed":false,"campfire_upgraded":1,"win_rate":0,"timestamp":1552508705,"path_taken":["M","?","M","M","M","R","M","?","T","$","?","?","E","M","R","BOSS","M","?","M","$","?","E","R","E"],"build_version":"2019-01-23","purchased_purges":0,"victory":false,"max_hp_per_floor":[70,70,70,70,70,70,70,70,70,70,70,70,70,70,70,70,70,70,70,70,70,70,70,70,70],"card_choices":[{"not_picked":["Setup","Choke"],"picked":"Dagger Spray","floor":1},{"not_picked":["Blade Dance","Poisoned Stab"],"picked":"Predator","floor":3},{"not_picked":["PiercingWail","Distraction"],"picked":"Blade Dance","floor":4},{"not_picked":["Deflect","Prepared"],"picked":"Venomology","floor":5},{"not_picked":["Acrobatics","Dagger Throw"],"picked":"Bouncing Flask","floor":7},{"not_picked":["Dagger Spray","Bane","Deflect"],"picked":"SKIP","floor":8},{"not_picked":["Outmaneuver","Eviscerate","Calculated Gamble","Predator"],"picked":"SKIP","floor":11},{"not_picked":["Flying Knee","Acrobatics","Dash"],"picked":"PiercingWail","floor":13},{"not_picked":["Acrobatics","Bullet Time","Quick Slash"],"picked":"Cloak And Dagger","floor":14},{"not_picked":["Wraith Form v2","Storm of Steel","Tools of the Trade"],"picked":"Envenom","floor":16},{"not_picked":["Poisoned Stab","Dagger Throw","Expertise","Flying Knee+1"],"picked":"SKIP","floor":20},{"not_picked":["Bane","Acrobatics","Riddle With Holes","Flechettes+1"],"picked":"SKIP","floor":23}],"player_experience":1560956,"relics_obtained":[{"floor":9,"key":"Question Card"},{"floor":13,"key":"Boot"},{"floor":23,"key":"Thread and Needle"}],"event_choices":[{"damage_healed":0,"gold_gain":0,"player_choice":"Bought 1 Potion","damage_taken":0,"max_hp_gain":0,"max_hp_loss":0,"event_name":"The Woman in Blue","floor":2,"gold_loss":0},{"damage_healed":0,"gold_gain":0,"player_choice":"Left Gold","damage_taken":0,"max_hp_gain":0,"max_hp_loss":0,"event_name":"World of Goop","floor":12,"gold_loss":34},{"cards_removed":["Strike_G"],"damage_healed":0,"gold_gain":0,"player_choice":"Elegance","damage_taken":0,"max_hp_gain":0,"max_hp_loss":0,"event_name":"Back to Basics","floor":19,"gold_loss":0},{"damage_healed":0,"gold_gain":0,"player_choice":"Rummage","damage_taken":0,"relics_obtained":["WarpedTongs"],"max_hp_gain":0,"max_hp_loss":0,"event_name":"Accursed Blacksmith","floor":22,"gold_loss":0,"cards_obtained":["Pain"]}],"is_beta":false,"boss_relics":[{"not_picked":["Snecko Eye","Philosopher\u0027s Stone"],"picked":"Lizard Tail"}],"items_purged_floors":[],"is_endless":false,"potions_floor_spawned":[3,5,7,8,13,23],"killed_by":"Book of Stabbing","ascension_level":10}