{"gold_per_floor":[119,50,0,20,32,61,71,71,71,71,71,88,104,124,124,227,227,247,258,258,277,277,308,308,327,327,361,361,694,348,377,377,479,479,497,329,375,250,263,263,278,238,309,309,334,78,97,115,115,115],"floor_reached":51,"playtime":3291,"items_purged":["Strike_G","Strike_G","Strike_G"],"score":917,"play_id":"9497d178-fc97-4224-998b-400c10eff7d5","local_time":"20181207142559","is_ascension_mode":true,"campfire_choices":[{"data":"Noxious Fumes","floor":8,"key":"SMITH"},{"data":"Flechettes","floor":11,"key":"SMITH"},{"data":"Catalyst","floor":15,"key":"SMITH"},{"data":"Glass Knife","floor":24,"key":"SMITH"},{"floor":28,"key":"REST"},{"data":"Catalyst","floor":32,"key":"SMITH"},{"data":"Bouncing Flask","floor":40,"key":"SMITH"},{"data":"Survivor","floor":44,"key":"SMITH"},{"data":"Blur","floor":49,"key":"SMITH"}],"neow_cost":"NONE","seed_source_timestamp":318758772970868,"circlet_count":0,"master_deck":["Defend_G+1","Defend_G","Defend_G","Defend_G","Defend_G+1","Strike_G","Strike_G","Survivor+1","Neutralize","Backflip+1","Noxious Fumes+1","Catalyst+1","Blur+1","Flechettes+1","Glass Knife+1","Leg Sweep+1","Backflip+1","Deadly Poison+1","Catalyst+1","Bouncing Flask+1","Flechettes+1","Footwork","Bouncing Flask+1","Backflip+1"],"relics":["Ring of the Snake","War Paint","Orichalcum","Shuriken","Vajra","Eternal Feather","PreservedInsect","Anchor","Lantern","Old Coin","Lee\u0027s Waffle","Pen Nib","Orrery","The Specimen","Paper Crane","Unceasing Top","Pear"],"potions_floor_usage":[6,12,14,14,19,23,23,23,27,29,37,37,39,45],"damage_taken":[{"damage":0,"enemies":"Small Slimes","floor":1,"turns":5},{"damage":0,"enemies":"Cultist","floor":4,"turns":4},{"damage":2,"enemies":"2 Louse","floor":5,"turns":3},{"damage":23,"enemies":"Gremlin Nob","floor":6,"turns":5},{"damage":0,"enemies":"Blue Slaver","floor":7,"turns":5},{"damage":0,"enemies":"Gremlin Gang","floor":12,"turns":1},{"damage":0,"enemies":"2 Fungi Beasts","floor":13,"turns":2},{"damage":0,"enemies":"Exordium Wildlife","floor":14,"turns":4},{"damage":5,"enemies":"The Guardian","floor":16,"turns":10},{"damage":1,"enemies":"3 Byrds","floor":18,"turns":5},{"damage":23,"enemies":"Spheric Guardian","floor":19,"turns":6},{"damage":28,"enemies":"3 Cultists","floor":21,"turns":7},{"damage":33,"enemies":"Gremlin Leader","floor":23,"turns":6},{"damage":6,"enemies":"Centurion and Healer","floor":25,"turns":7},{"damage":21,"enemies":"Book of Stabbing","floor":27,"turns":5},{"damage":5,"enemies":"Gremlin Leader","floor":29,"turns":6},{"damage":25,"enemies":"Book of Stabbing","floor":31,"turns":6},{"damage":38,"enemies":"Collector","floor":33,"turns":7},{"damage":0,"enemies":"3 Shapes","floor":35,"turns":5},{"damage":28,"enemies":"2 Orb Walkers","floor":37,"turns":6},{"damage":0,"enemies":"Orb Walker","floor":39,"turns":2},{"damage":16,"enemies":"Maw","floor":41,"turns":4},{"damage":5,"enemies":"Nemesis","floor":45,"turns":3},{"damage":0,"enemies":"Spire Growth","floor":47,"turns":3},{"damage":12,"enemies":"Transient","floor":48,"turns":5},{"damage":119,"enemies":"Donu and Deca","floor":50,"turns":9}],"seed_played":"-168915248731278011","potions_obtained":[{"floor":5,"key":"SteroidPotion"},{"floor":6,"key":"AttackPotion"},{"floor":7,"key":"Dexterity Potion"},{"floor":12,"key":"Strength Potion"},{"floor":18,"key":"Weak Potion"},{"floor":21,"key":"Explosive Potion"},{"floor":22,"key":"Ancient Potion"},{"floor":22,"key":"AttackPotion"},{"floor":25,"key":"Strength Potion"},{"floor":27,"key":"AttackPotion"},{"floor":33,"key":"Energy Potion"},{"floor":35,"key":"GhostInAJar"},{"floor":37,"key":"Block Potion"},{"floor":41,"key":"Poison Potion"},{"floor":47,"key":"SteroidPotion"}],"is_trial":false,"path_per_floor":["M","$","?","M","M","E","M","R","T","$","R","M","M","M","R","B",null,"M","M","?","M","?","E","R","M","T","E","R","E","$","E","R","B",null,"M","$","?","$","M","R","M","?","T","R","E","$","M","M","R","B",null],"character_chosen":"THE_SILENT","items_purchased":["Noxious Fumes","Lee\u0027s Waffle","Bouncing Flask","Footwork","Pear"],"campfire_rested":1,"item_purchase_floors":[2,30,30,36,46],"current_hp_per_floor":[70,70,70,70,68,45,45,45,45,45,45,45,45,45,45,40,70,69,46,33,65,65,32,44,38,38,17,51,46,82,57,69,31,82,82,82,54,54,54,66,50,50,50,62,57,67,67,55,67,9],"gold":115,"neow_bonus":"RANDOM_COMMON_RELIC","is_prod":false,"is_daily":false,"chose_seed":false,"campfire_upgraded":8,"win_rate":0,"timestamp":1544189159,"path_taken":["M","$","?","M","M","E","?","R","T","$","R","M","M","M","R","BOSS","M","M","?","M","?","E","R","M","T","E","R","E","$","E","R","BOSS","M","$","?","$","M","R","M","?","T","R","E","$","M","M","R","BOSS"],"build_version":"2018-12-06","purchased_purges":3,"victory":true,"max_hp_per_floor":[70,70,70,70,70,70,70,70,70,70,70,70,70,70,70,70,70,70,70,75,75,75,75,75,75,75,75,75,75,82,82,82,82,82,82,82,82,82,82,82,82,82,82,82,82,92,92,92,92,92],"card_choices":[{"not_picked":["Sucker Punch","Poisoned Stab"],"picked":"Backflip","floor":1},{"not_picked":["Dodge and Roll","Acrobatics","Bane"],"picked":"SKIP","floor":4},{"not_picked":["Dagger Spray","Slice"],"picked":"Catalyst","floor":5},{"not_picked":["Sucker Punch","Poisoned Stab"],"picked":"Blur","floor":6},{"not_picked":["Poisoned Stab","Dagger Spray"],"picked":"Flechettes","floor":7},{"not_picked":["Blade Dance","Flechettes","Reflex"],"picked":"SKIP","floor":12},{"not_picked":["Acrobatics","Outmaneuver","Distraction"],"picked":"SKIP","floor":13},{"not_picked":["Prepared","Expertise"],"picked":"Glass Knife","floor":14},{"not_picked":["Poisoned Stab","Dagger Spray"],"picked":"Leg Sweep+1","floor":18},{"not_picked":["Prepared","Dodge and Roll+1","Terror"],"picked":"SKIP","floor":19},{"not_picked":["Dagger Throw","Dagger Spray","Slice+1"],"picked":"SKIP","floor":21},{"not_picked":["Calculated Gamble","Unload"],"picked":"Backflip+1","floor":23},{"not_picked":["Quick Slash","Dagger Spray+1"],"picked":"Deadly Poison+1","floor":25},{"not_picked":["Blur","Underhanded Strike","Acrobatics"],"picked":"SKIP","floor":27},{"not_picked":["Distraction+1","Accuracy"],"picked":"Catalyst","floor":29},{"not_picked":["Underhanded Strike","Poisoned Stab","Prepared+1"],"picked":"SKIP","floor":31},{"not_picked":["Deadly Poison","Slice"],"picked":"Flechettes+1","floor":34},{"not_picked":["Bane","Flying Knee+1","Doppelganger"],"picked":"SKIP","floor":35},{"not_picked":["Eviscerate+1","Escape Plan"],"picked":"Bouncing Flask+1","floor":37},{"not_picked":["Underhanded Strike+1","Bane"],"picked":"Backflip+1","floor":39},{"not_picked":["Unload","Prepared+1","Dagger Throw"],"picked":"SKIP","floor":41},{"not_picked":["Storm of Steel","Infinite Blades","Leg Sweep"],"picked":"SKIP","floor":45},{"not_picked":["Dash+1","Acrobatics+1","Leg Sweep+1"],"picked":"SKIP","floor":47},{"not_picked":["Flying Knee+1","Reflex","Concentrate"],"picked":"SKIP","floor":48}],"player_experience":371710,"relics_obtained":[{"floor":6,"key":"Shuriken"},{"floor":9,"key":"Vajra"},{"floor":23,"key":"PreservedInsect"},{"floor":26,"key":"Anchor"},{"floor":27,"key":"Lantern"},{"floor":29,"key":"Old Coin"},{"floor":31,"key":"Pen Nib"},{"floor":37,"key":"The Specimen"},{"floor":43,"key":"Paper Crane"},{"floor":45,"key":"Unceasing Top"}],"event_choices":[{"damage_healed":0,"gold_gain":0,"player_choice":"Paid Gold","damage_taken":0,"relics_obtained":["Orichalcum"],"max_hp_gain":0,"max_hp_loss":0,"event_name":"WeMeetAgain","floor":3,"gold_loss":50},{"damage_healed":0,"gold_gain":0,"player_choice":"Shed Blood","damage_taken":18,"max_hp_gain":5,"max_hp_loss":0,"event_name":"Forgotten Altar","floor":20,"gold_loss":0},{"damage_healed":0,"gold_gain":0,"player_choice":"Got Potions","damage_taken":0,"max_hp_gain":0,"max_hp_loss":0,"event_name":"Lab","floor":22,"gold_loss":0},{"damage_healed":0,"gold_gain":0,"player_choice":"Fight","damage_taken":0,"max_hp_gain":0,"max_hp_loss":0,"event_name":"Mysterious Sphere","floor":37,"gold_loss":0},{"damage_healed":0,"gold_gain":0,"player_choice":"Upgrade","damage_taken":0,"max_hp_gain":0,"max_hp_loss":0,"event_name":"Designer","floor":42,"gold_loss":40,"cards_upgraded":["Backflip"]}],"is_beta":false,"boss_relics":[{"not_picked":["Snecko Eye","Fusion Hammer"],"picked":"Eternal Feather"},{"not_picked":["Pandora\u0027s Box","Philosopher\u0027s Stone"],"picked":"Orrery"}],"items_purged_floors":[30,36,38],"is_endless":false,"potions_floor_spawned":[5,6,7,12,18,21,25,27,33,35,37,41,47],"ascension_level":3}