{"gold_per_floor":[117,133,152,227,121,147,147,182,205,205,221,231,244,262,262,361,361,332,70,70],"floor_reached":20,"playtime":1122,"items_purged":["Strike_G"],"score":223,"play_id":"c186b53f-f2ac-4353-a453-72d95aaf9278","local_time":"20190325200910","is_ascension_mode":true,"campfire_choices":[{"floor":7.0,"key":"REST"},{"floor":15.0,"key":"REST"}],"neow_cost":"NONE","seed_source_timestamp":0,"circlet_count":0,"master_deck":["Defend_G","Defend_G+1","Defend_G","Defend_G","Defend_G","Strike_G","Strike_G+1","Strike_G","Survivor+1","Neutralize","Dagger Throw","Accuracy","Blur","Well Laid Plans","Sucker Punch+1","Cloak And Dagger","All Out Attack","Storm of Steel","Infinite Blades","Caltrops","Storm of Steel","Parasite","Caltrops+1","Noxious Fumes"],"special_seed":0,"relics":["Ring of the Snake","Potion Belt","Ancient Tea Set","Omamori","Whetstone","Calling Bell","War Paint","Paper Crane","Ginger","Oddly Smooth Stone"],"potions_floor_usage":[],"damage_taken":[{"damage":4.0,"enemies":"Small Slimes","floor":1.0,"turns":6.0},{"damage":0.0,"enemies":"2 Louse","floor":2.0,"turns":2.0},{"damage":0.0,"enemies":"Cultist","floor":3.0,"turns":4.0},{"damage":36.0,"enemies":"3 Sentries","floor":6.0,"turns":15.0},{"damage":17.0,"enemies":"Lagavulin","floor":8.0,"turns":8.0},{"damage":0.0,"enemies":"Looter","floor":11.0,"turns":4.0},{"damage":0.0,"enemies":"Exordium Wildlife","floor":12.0,"turns":3.0},{"damage":7.0,"enemies":"3 Louse","floor":13.0,"turns":3.0},{"damage":6.0,"enemies":"Blue Slaver","floor":14.0,"turns":4.0},{"damage":8,"enemies":"Slime Boss","floor":16,"turns":9},{"damage":49,"enemies":"2 Thieves","floor":18,"turns":5},{"damage":25,"enemies":"Shell Parasite","floor":20,"turns":6}],"seed_played":"-7915730272706228774","potions_obtained":[{"floor":1.0,"key":"Swift Potion"},{"floor":2.0,"key":"Strength Potion"},{"floor":6.0,"key":"PowerPotion"},{"floor":8.0,"key":"Swift Potion"},{"floor":16,"key":"Strength Potion"}],"is_trial":false,"path_per_floor":["M","M","M","?","$","E","R","E","T","?","M","M","M","M","R","B",null,"M","$","M"],"character_chosen":"THE_SILENT","items_purchased":["Blur","Well Laid Plans","Noxious Fumes","Oddly Smooth Stone"],"campfire_rested":2,"item_purchase_floors":[5,5,19,19],"current_hp_per_floor":[66,66,66,55,55,19,40,23,23,23,23,23,16,10,31,23,70,21,21,0],"gold":70,"neow_bonus":"RANDOM_COMMON_RELIC","is_prod":false,"is_daily":false,"chose_seed":false,"campfire_upgraded":0,"win_rate":0,"timestamp":1553569750,"path_taken":["M","M","M","?","$","E","R","E","T","?","M","M","?","M","R","BOSS","M","$","M"],"build_version":"2019-01-23","purchased_purges":1,"victory":false,"max_hp_per_floor":[70,70,70,70,70,70,70,70,70,70,70,70,70,70,70,70,70,70,70,70],"card_choices":[{"not_picked":["Accuracy","Flying Knee"],"picked":"Dagger Throw","floor":1.0},{"not_picked":["Bane","Prepared","Choke"],"picked":"SKIP","floor":2.0},{"not_picked":["Slice","Escape Plan"],"picked":"Accuracy","floor":3.0},{"not_picked":["Dodge and Roll","Predator"],"picked":"Sucker Punch","floor":6.0},{"not_picked":["Dodge and Roll","PiercingWail"],"picked":"Cloak And Dagger","floor":8.0},{"not_picked":["PiercingWail","Slice"],"picked":"Storm of Steel","floor":11.0},{"not_picked":["Sucker Punch","Poisoned Stab","Acrobatics"],"picked":"SKIP","floor":12.0},{"not_picked":["Deadly Poison","Underhanded Strike"],"picked":"Infinite Blades","floor":13.0},{"not_picked":["Acrobatics","Bane"],"picked":"Caltrops","floor":14.0},{"not_picked":["Night Terror","Adrenaline"],"picked":"Storm of Steel","floor":16},{"not_picked":["Skewer","Quick Slash+1"],"picked":"Caltrops+1","floor":18}],"player_experience":63247,"relics_obtained":[{"floor":6.0,"key":"Ancient Tea Set"},{"floor":8.0,"key":"Omamori"},{"floor":9.0,"key":"Whetstone"},{"floor":17,"key":"War Paint"},{"floor":17,"key":"Paper Crane"},{"floor":17,"key":"Ginger"}],"event_choices":[{"damage_healed":0.0,"max_hp_gain":0.0,"max_hp_loss":0.0,"gold_gain":75.0,"event_name":"World of Goop","player_choice":"Gather Gold","floor":4.0,"gold_loss":0.0,"damage_taken":11.0},{"damage_healed":0.0,"max_hp_gain":0.0,"max_hp_loss":0.0,"gold_gain":0.0,"cards_transformed":["Strike_G"],"event_name":"Transmorgrifier","player_choice":"Transformed","floor":10.0,"gold_loss":0.0,"damage_taken":0.0,"cards_obtained":["All Out Attack"]}],"is_beta":false,"boss_relics":[{"not_picked":["Lizard Tail","Philosopher\u0027s Stone"],"picked":"Calling Bell"}],"items_purged_floors":[19],"is_endless":false,"potions_floor_spawned":[1,2,6,8,16],"killed_by":"Shell Parasite","ascension_level":4}