{"gold_per_floor":[116,116,134,1,18,18,18,43,99,133,208,232,232,246,246,325,325,340,353,453,478,494,494,206,206,232,259,288,375,387,434,446,537,549,571,683,695,724,181,181,206,206,256,285,285,313,85,307,307,307],"floor_reached":51,"playtime":3036,"items_purged":["Strike_R","Defend_R"],"score":1325,"play_id":"d03988a3-da41-4f3d-b228-c4cca390bc09","local_time":"20190503204223","is_ascension_mode":true,"campfire_choices":[{"data":"Heavy Blade","floor":7,"key":"SMITH"},{"data":"Armaments","floor":15,"key":"SMITH"},{"data":"Thunderclap","floor":23,"key":"SMITH"},{"data":"Ghostly Armor","floor":25,"key":"SMITH"},{"data":"Dual Wield","floor":30,"key":"SMITH"},{"data":"Ghostly Armor","floor":32,"key":"SMITH"},{"data":"Limit Break","floor":40,"key":"SMITH"},{"data":"Double Tap","floor":42,"key":"SMITH"},{"data":"Pommel Strike","floor":45,"key":"SMITH"},{"data":"Pummel","floor":49,"key":"SMITH"}],"neow_cost":"CURSE","seed_source_timestamp":331478224165800,"circlet_count":0,"master_deck":["AscendersBane","Strike_R","Strike_R","Defend_R","Defend_R","Bash+1","Writhe","Headbutt","Pain","Pommel Strike+1","Metallicize","Thunderclap+1","Heavy Blade+1","Pummel+1","Ghostly Armor+1","Armaments+1","Reaper","Ghostly Armor+1","Battle Trance","Thunderclap+1","Inflame+1","Limit Break+1","Flame Barrier","Double Tap+1","Magnetism+1","Metallicize+1","Pummel+1","Mayhem+1"],"relics":["Burning Blood","Du-Vu Doll","WarpedTongs","Potion Belt","Tiny Chest","Ancient Tea Set","Smiling Mask","Coffee Dripper","Gambling Chip","Pantograph","Red Mask","Frozen Egg 2","Pen Nib","Bag of Marbles","MawBank","Meat on the Bone","Art of War","Empty Cage","Charon\u0027s Ashes","Vajra","Whetstone","Orichalcum","Red Skull","Question Card"],"potions_floor_usage":[16,16,16,19,20,31,33],"damage_taken":[{"damage":6,"enemies":"2 Louse","floor":1,"turns":3},{"damage":7,"enemies":"Cultist","floor":3,"turns":3},{"damage":9,"enemies":"Jaw Worm","floor":5,"turns":2},{"damage":13,"enemies":"Gremlin Nob","floor":8,"turns":3},{"damage":21,"enemies":"3 Sentries","floor":10,"turns":6},{"damage":0,"enemies":"2 Fungi Beasts","floor":14,"turns":2},{"damage":34,"enemies":"Hexaghost","floor":16,"turns":7},{"damage":12,"enemies":"Chosen","floor":18,"turns":4},{"damage":25,"enemies":"3 Byrds","floor":19,"turns":3},{"damage":27,"enemies":"Colosseum Slavers","floor":20,"turns":4},{"damage":16,"enemies":"Colosseum Nobs","floor":20,"turns":5},{"damage":48,"enemies":"Masked Bandits","floor":21,"turns":5},{"damage":16,"enemies":"Sentry and Sphere","floor":22,"turns":4},{"damage":10,"enemies":"Slavers","floor":28,"turns":4},{"damage":8,"enemies":"Gremlin Leader","floor":31,"turns":2},{"damage":56,"enemies":"Collector","floor":33,"turns":6},{"damage":9,"enemies":"Orb Walker","floor":35,"turns":2},{"damage":43,"enemies":"Mind Bloom Boss Battle","floor":36,"turns":4},{"damage":44,"enemies":"3 Darklings","floor":38,"turns":3},{"damage":26,"enemies":"Reptomancer","floor":41,"turns":4},{"damage":10,"enemies":"Giant Head","floor":44,"turns":5},{"damage":0,"enemies":"Reptomancer","floor":46,"turns":2},{"damage":56,"enemies":"Donu and Deca","floor":50,"turns":4}],"seed_played":"-940651949793745407","potions_obtained":[{"floor":1,"key":"Strength Potion"},{"floor":5,"key":"LiquidBronze"},{"floor":10,"key":"PowerPotion"},{"floor":14,"key":"Energy Potion"},{"floor":18,"key":"Dexterity Potion"},{"floor":20,"key":"Weak Potion"},{"floor":21,"key":"Weak Potion"},{"floor":22,"key":"AttackPotion"},{"floor":33,"key":"AttackPotion"},{"floor":36,"key":"Energy Potion"},{"floor":46,"key":"PowerPotion"}],"is_trial":false,"path_per_floor":["M","?","M","$","M","$","R","E","T","E","?","T","?","M","R","B",null,"M","M","?","?","M","R","$","R","T","T","E","T","R","E","R","B",null,"M","?","?","M","$","R","E","R","T","E","R","E","$","?","R","B",null],"character_chosen":"IRONCLAD","items_purchased":["Metallicize","Thunderclap","Frozen Egg 2","Double Tap","Magnetism+1","Vajra","Block Potion","Mayhem+1"],"campfire_rested":0,"item_purchase_floors":[4,4,24,39,39,39,39,47],"current_hp_per_floor":[72,72,71,71,68,68,68,61,61,46,35,35,35,41,41,13,63,67,62,62,30,20,20,20,20,20,20,34,34,34,44,44,50,73,70,55,55,54,54,54,61,61,61,76,76,80,80,80,80,42],"gold":307,"neow_bonus":"ONE_RARE_RELIC","is_prod":false,"is_daily":false,"chose_seed":false,"campfire_upgraded":10,"win_rate":0,"timestamp":1556908943,"path_taken":["M","?","?","$","M","$","R","E","T","E","?","?","?","M","R","BOSS","M","?","?","?","M","R","$","R","T","?","E","?","R","E","R","BOSS","M","?","?","M","$","R","E","R","T","E","R","E","$","?","R","BOSS"],"build_version":"2019-01-23","purchased_purges":2,"victory":true,"max_hp_per_floor":[80,80,80,80,80,80,80,80,80,80,80,80,80,80,80,80,80,80,80,80,80,80,80,80,80,80,80,80,80,80,80,80,80,80,80,80,80,80,80,80,80,80,80,80,80,80,80,80,80,80],"card_choices":[{"not_picked":["Hemokinesis","Clash"],"picked":"Headbutt","floor":1},{"not_picked":["Searing Blow","Sentinel"],"picked":"Pommel Strike","floor":3},{"not_picked":["Hemokinesis","Twin Strike"],"picked":"Heavy Blade","floor":5},{"not_picked":["Infernal Blade","Sever Soul"],"picked":"Pummel","floor":8},{"not_picked":["Cleave","Evolve"],"picked":"Ghostly Armor","floor":10},{"not_picked":["Evolve","Hemokinesis"],"picked":"Armaments","floor":14},{"not_picked":["Immolate","Dark Embrace"],"picked":"Reaper","floor":16},{"not_picked":["Perfected Strike","True Grit"],"picked":"Dual Wield","floor":18},{"not_picked":["Anger","Searing Blow"],"picked":"Ghostly Armor","floor":19},{"not_picked":["Inflame","Perfected Strike"],"picked":"Battle Trance","floor":20},{"not_picked":["Infernal Blade","Flex"],"picked":"Thunderclap","floor":22},{"not_picked":["Clash","Cleave","Reckless Charge"],"picked":"SKIP","floor":28},{"not_picked":["Dark Embrace+1","Wild Strike"],"picked":"Inflame+1","floor":31},{"not_picked":["Immolate","Offering"],"picked":"Limit Break","floor":33},{"not_picked":["Warcry","Pommel Strike","Headbutt"],"picked":"SKIP","floor":35},{"not_picked":["Heavy Blade","Sentinel+1"],"picked":"Flame Barrier","floor":36},{"not_picked":["Power Through","Wild Strike","Clash"],"picked":"SKIP","floor":38},{"not_picked":["Rage","Power Through+1"],"picked":"Metallicize+1","floor":41},{"not_picked":["Infernal Blade","Clothesline"],"picked":"Pummel+1","floor":44},{"not_picked":["Intimidate","Clash","Thunderclap"],"picked":"SKIP","floor":46}],"player_experience":1044201,"relics_obtained":[{"floor":8,"key":"Potion Belt"},{"floor":9,"key":"Tiny Chest"},{"floor":10,"key":"Ancient Tea Set"},{"floor":12,"key":"Smiling Mask"},{"floor":20,"key":"Gambling Chip"},{"floor":20,"key":"Pantograph"},{"floor":21,"key":"Red Mask"},{"floor":26,"key":"Pen Nib"},{"floor":27,"key":"Bag of Marbles"},{"floor":28,"key":"MawBank"},{"floor":29,"key":"Meat on the Bone"},{"floor":31,"key":"Art of War"},{"floor":36,"key":"Charon\u0027s Ashes"},{"floor":41,"key":"Whetstone"},{"floor":43,"key":"Orichalcum"},{"floor":44,"key":"Red Skull"},{"floor":46,"key":"Question Card"}],"event_choices":[{"damage_healed":0,"gold_gain":0,"player_choice":"Rummage","damage_taken":0,"relics_obtained":["WarpedTongs"],"max_hp_gain":0,"max_hp_loss":0,"event_name":"Accursed Blacksmith","floor":2,"gold_loss":0,"cards_obtained":["Pain"]},{"damage_healed":0,"gold_gain":75,"player_choice":"Gather Gold","damage_taken":11,"max_hp_gain":0,"max_hp_loss":0,"event_name":"World of Goop","floor":11,"gold_loss":0},{"cards_removed":["Strike_R"],"damage_healed":0,"gold_gain":0,"player_choice":"Purged","damage_taken":0,"max_hp_gain":0,"max_hp_loss":0,"event_name":"Purifier","floor":13,"gold_loss":0},{"damage_healed":0,"gold_gain":0,"player_choice":"Fight","damage_taken":0,"max_hp_gain":0,"max_hp_loss":0,"event_name":"Colosseum","floor":20,"gold_loss":0},{"damage_healed":0,"gold_gain":0,"player_choice":"Fought Nobs","damage_taken":0,"max_hp_gain":0,"max_hp_loss":0,"event_name":"Colosseum","floor":20,"gold_loss":0},{"damage_healed":0,"gold_gain":0,"player_choice":"Fought Bandits","damage_taken":0,"max_hp_gain":0,"max_hp_loss":0,"event_name":"Masked Bandits","floor":21,"gold_loss":0},{"damage_healed":0,"gold_gain":0,"player_choice":"Fight","damage_taken":0,"max_hp_gain":0,"max_hp_loss":0,"event_name":"MindBloom","floor":36,"gold_loss":0},{"cards_removed":["Dual Wield"],"damage_healed":0,"gold_gain":0,"player_choice":"Removed Skill","damage_taken":0,"max_hp_gain":0,"max_hp_loss":0,"event_name":"Falling","floor":37,"gold_loss":0},{"damage_healed":0,"gold_gain":222,"player_choice":"Wore Mask","damage_taken":0,"max_hp_gain":0,"max_hp_loss":0,"event_name":"Tomb of Lord Red Mask","floor":48,"gold_loss":0}],"is_beta":false,"boss_relics":[{"not_picked":["White Beast Statue","Mark of Pain"],"picked":"Coffee Dripper"},{"not_picked":["Orrery","Snecko Eye"],"picked":"Empty Cage"}],"items_purged_floors":[24,47],"is_endless":false,"potions_floor_spawned":[1,5,10,14,18,20,21,22,33,36,46],"ascension_level":13}