{"gold_per_floor":[114,125,143,158,158,158,189,189,214,18,33,183,183,183,183,183],"floor_reached":16,"playtime":486,"items_purged":[],"score":175,"play_id":"52b45e54-eb24-47e4-9914-2abf8d7b3c0a","local_time":"20190501124608","is_ascension_mode":true,"campfire_choices":[{"data":"Bash","floor":6,"key":"SMITH"},{"data":"Armaments","floor":8,"key":"SMITH"},{"data":"Sword Boomerang","floor":13,"key":"SMITH"},{"floor":15,"key":"REST"}],"neow_cost":"NONE","seed_source_timestamp":1560728329241549,"circlet_count":0,"master_deck":["AscendersBane","Strike_R","Strike_R","Strike_R","Strike_R","Defend_R","Defend_R","Defend_R","Defend_R","Bash+1","Sword Boomerang+1","Armaments+1","Disarm","Thunderclap","Shockwave","Feel No Pain","Battle Trance","Doubt"],"relics":["Burning Blood","Anchor","Potion Belt","Red Skull","Smiling Mask"],"potions_floor_usage":[],"damage_taken":[{"damage":9,"enemies":"Cultist","floor":1,"turns":5},{"damage":6,"enemies":"2 Louse","floor":2,"turns":4},{"damage":17,"enemies":"Small Slimes","floor":3,"turns":4},{"damage":6,"enemies":"Blue Slaver","floor":4,"turns":6},{"damage":54,"enemies":"3 Sentries","floor":7,"turns":14},{"damage":0,"enemies":"Looter","floor":11,"turns":3},{"damage":58,"enemies":"Slime Boss","floor":16,"turns":6}],"seed_played":"-8190437378682993133","potions_obtained":[{"floor":2,"key":"SneckoOil"},{"floor":3,"key":"Dexterity Potion"}],"is_trial":false,"path_per_floor":["M","M","M","M","?","R","E","R","T","$","M","?","R","?","R","B"],"character_chosen":"IRONCLAD","items_purchased":["Red Skull","Feel No Pain"],"campfire_rested":1,"item_purchase_floors":[10,10],"current_hp_per_floor":[72,72,61,61,61,61,13,13,13,13,19,19,19,19,43,0],"gold":183,"neow_bonus":"TEN_PERCENT_HP_BONUS","is_prod":false,"is_daily":false,"chose_seed":false,"campfire_upgraded":3,"win_rate":0,"timestamp":1556739968,"path_taken":["M","M","M","M","?","R","E","R","T","?","M","?","R","?","R","BOSS"],"build_version":"2019-01-23","purchased_purges":0,"victory":false,"max_hp_per_floor":[82,82,82,82,82,82,82,82,82,82,82,82,82,82,82,82],"card_choices":[{"not_picked":["Warcry","Heavy Blade"],"picked":"Sword Boomerang","floor":1},{"not_picked":["Bloodletting","Searing Blow"],"picked":"Armaments","floor":2},{"not_picked":["Clash","Fire Breathing"],"picked":"Disarm","floor":3},{"not_picked":["Warcry","Entrench"],"picked":"Thunderclap","floor":4},{"not_picked":["Perfected Strike","Infernal Blade"],"picked":"Shockwave","floor":7},{"not_picked":["Offering","True Grit"],"picked":"Battle Trance","floor":11}],"player_experience":372772,"relics_obtained":[{"floor":7,"key":"Anchor"},{"floor":9,"key":"Potion Belt"}],"event_choices":[{"cards_removed":["Strike_R"],"damage_healed":0,"gold_gain":0,"player_choice":"Offered Basic","damage_taken":0,"max_hp_gain":0,"max_hp_loss":0,"event_name":"Bonfire Elementals","floor":5,"gold_loss":0},{"damage_healed":0,"gold_gain":150,"player_choice":"AGREE","damage_taken":0,"max_hp_gain":0,"max_hp_loss":0,"event_name":"Liars Game","floor":12,"gold_loss":0,"cards_obtained":["Doubt"]},{"damage_healed":0,"gold_gain":0,"player_choice":"Searched \u00272\u0027 times","damage_taken":0,"relics_obtained":["Smiling Mask"],"max_hp_gain":0,"max_hp_loss":0,"event_name":"Dead Adventurer","floor":14,"gold_loss":0}],"is_beta":false,"boss_relics":[],"items_purged_floors":[],"is_endless":false,"potions_floor_spawned":[2,3],"killed_by":"Slime Boss","ascension_level":15}