{"gold_per_floor":[119,119,119,69,85,85,117,40,40,40,40,40,56,86,86,186,216,230,247,29,29,29,29,29,29,29,29,57,57,57,75,75,75],"floor_reached":33,"playtime":1387,"items_purged":["Pain"],"score":294,"play_id":"f93d46a9-6e45-4101-aa33-b31558e6033a","local_time":"20190320133918","is_ascension_mode":true,"campfire_choices":[{"data":"Survivor","floor":6,"key":"SMITH"},{"floor":10,"key":"REST"},{"data":"Dagger Spray","floor":15,"key":"SMITH"},{"floor":23,"key":"REST"},{"floor":25,"key":"REST"},{"data":"Envenom","floor":27,"key":"SMITH"},{"data":"Skewer","floor":29,"key":"SMITH"},{"floor":32,"key":"REST"}],"neow_cost":"NONE","seed_source_timestamp":13154999073932,"circlet_count":0,"master_deck":["Defend_G","Defend_G","Defend_G","Defend_G","Defend_G","Strike_G","Strike_G","Strike_G","Survivor+1","Neutralize+1","Dagger Spray+1","Dagger Throw","Deadly Poison","Noxious Fumes","Cloak And Dagger","Envenom+1","Skewer+1","Noxious Fumes","Writhe","Blur+1"],"relics":["Ring of the Snake","The Specimen","Omamori","Mercury Hourglass","Singing Bowl","Calling Bell","Tiny Chest","Paper Crane","Tingsha","Snake Skull","Smiling Mask","Shuriken","Art of War"],"potions_floor_usage":[28],"damage_taken":[{"damage":0,"enemies":"2 Louse","floor":1,"turns":2},{"damage":8,"enemies":"Small Slimes","floor":5,"turns":4},{"damage":33,"enemies":"Lagavulin","floor":7,"turns":11},{"damage":0,"enemies":"Jaw Worm","floor":13,"turns":2},{"damage":6,"enemies":"3 Sentries","floor":14,"turns":5},{"damage":23,"enemies":"Slime Boss","floor":16,"turns":8},{"damage":9,"enemies":"3 Byrds","floor":18,"turns":4},{"damage":44,"enemies":"Spheric Guardian","floor":19,"turns":6},{"damage":16,"enemies":"Gremlin Leader","floor":28,"turns":6},{"damage":30,"enemies":"Snake Plant","floor":31,"turns":4},{"damage":44,"enemies":"Champ","floor":33,"turns":8}],"seed_played":"4427344952730722616","potions_obtained":[{"floor":13,"key":"Ancient Potion"},{"floor":16,"key":"Swift Potion"},{"floor":18,"key":"Regen Potion"}],"is_trial":false,"path_per_floor":["M","?","?","?","M","R","E","$","T","R","$","?","M","E","R","B",null,"M","M","$","$","?","R","?","R","T","R","E","R","?","M","R","B"],"character_chosen":"THE_SILENT","items_purchased":["Noxious Fumes","Snake Skull"],"campfire_rested":4,"item_purchase_floors":[8,20],"current_hp_per_floor":[70,45,68,68,60,60,27,27,27,48,48,48,48,44,44,21,72,63,19,19,19,19,40,27,50,50,50,49,49,49,21,44,0],"gold":75,"neow_bonus":"UPGRADE_CARD","is_prod":false,"is_daily":false,"chose_seed":false,"campfire_upgraded":4,"win_rate":0,"timestamp":1553085558,"path_taken":["M","?","?","?","M","R","E","$","T","R","?","?","M","E","R","BOSS","M","M","?","$","?","R","?","R","T","R","E","R","?","M","R","BOSS"],"build_version":"2019-01-23","purchased_purges":1,"victory":false,"max_hp_per_floor":[70,70,70,70,70,70,70,70,70,70,70,70,70,72,72,72,72,72,72,72,72,72,72,77,77,77,77,77,77,77,79,79,79],"card_choices":[{"not_picked":["Deflect","Prepared"],"picked":"Dagger Spray","floor":1},{"not_picked":["Quick Slash","Outmaneuver"],"picked":"Dagger Throw","floor":5},{"not_picked":["Slice","Acrobatics"],"picked":"Deadly Poison","floor":7},{"not_picked":["Blade Dance","Slice"],"picked":"Cloak And Dagger","floor":13},{"not_picked":["Predator","Setup","Flying Knee"],"picked":"Singing Bowl","floor":14},{"not_picked":["Grand Finale","Venomology"],"picked":"Envenom","floor":16},{"not_picked":["Sucker Punch","Setup"],"picked":"Skewer","floor":18},{"not_picked":["Finisher+1","Blade Dance"],"picked":"Noxious Fumes","floor":19},{"not_picked":["Dagger Spray","Catalyst"],"picked":"Blur+1","floor":28},{"not_picked":["Dagger Throw+1","Deflect","Slice"],"picked":"Singing Bowl","floor":31}],"player_experience":170664,"relics_obtained":[{"floor":7,"key":"Omamori"},{"floor":9,"key":"Mercury Hourglass"},{"floor":14,"key":"Singing Bowl"},{"floor":17,"key":"Tiny Chest"},{"floor":17,"key":"Paper Crane"},{"floor":17,"key":"Tingsha"},{"floor":26,"key":"Shuriken"},{"floor":28,"key":"Art of War"}],"event_choices":[{"damage_healed":0,"gold_gain":0,"player_choice":"Success","damage_taken":25,"relics_obtained":["The Specimen"],"max_hp_gain":0,"max_hp_loss":0,"event_name":"Scrap Ooze","floor":2,"gold_loss":0},{"damage_healed":23,"gold_gain":0,"player_choice":"Banana","damage_taken":0,"max_hp_gain":0,"max_hp_loss":0,"event_name":"Big Fish","floor":3,"gold_loss":0},{"cards_removed":["Strike_G"],"damage_healed":0,"gold_gain":0,"player_choice":"Card Removal","damage_taken":0,"max_hp_gain":0,"max_hp_loss":0,"event_name":"The Cleric","floor":4,"gold_loss":50},{"cards_removed":["Strike_G"],"damage_healed":0,"gold_gain":0,"player_choice":"Card Removal","damage_taken":0,"max_hp_gain":0,"max_hp_loss":0,"event_name":"Wheel of Change","floor":12,"gold_loss":0},{"damage_healed":0,"gold_gain":0,"player_choice":"Opened","damage_taken":0,"relics_obtained":["Smiling Mask"],"max_hp_gain":0,"max_hp_loss":0,"event_name":"The Mausoleum","floor":22,"gold_loss":0,"cards_obtained":["Writhe"]},{"damage_healed":0,"gold_gain":0,"player_choice":"Shed Blood","damage_taken":18,"max_hp_gain":5,"max_hp_loss":0,"event_name":"Forgotten Altar","floor":24,"gold_loss":0},{"damage_healed":0,"gold_gain":0,"player_choice":"Ignored","damage_taken":0,"max_hp_gain":0,"max_hp_loss":0,"event_name":"Beggar","floor":30,"gold_loss":0}],"is_beta":false,"boss_relics":[{"not_picked":["Empty Cage","Velvet Choker"],"picked":"Calling Bell"}],"items_purged_floors":[20],"is_endless":false,"potions_floor_spawned":[13,16,18,19],"killed_by":"Champ","ascension_level":2}