{"gold_per_floor":[216,226,242,242,141,167,167,15,63,74,74,129,129,145,145,245,245,257,269,279,151,169,169,204,304,329,329],"floor_reached":27,"playtime":1405,"items_purged":["Strike_B","Strike_B"],"score":281,"play_id":"579ab0ac-c37f-474b-ba70-e74309c7c9cc","local_time":"20190313182435","is_ascension_mode":true,"campfire_choices":[{"data":"Dualcast","floor":11,"key":"SMITH"},{"data":"Coolheaded","floor":15,"key":"SMITH"},{"data":"Capacitor","floor":23,"key":"SMITH"}],"neow_cost":"NONE","seed_source_timestamp":1015153290862222,"circlet_count":0,"master_deck":["Strike_B","Strike_B","Defend_B","Defend_B","Defend_B","Defend_B","Zap+1","Dualcast+1","Sweeping Beam","Undo","Ball Lightning","Cold Snap","Echo Form","Storm","Genetic Algorithm","Coolheaded+1","Electrodynamics","Conserve Battery+1","Conserve Battery","Capacitor+1","Heatsinks+1","Rainbow","Turbo","Injury"],"relics":["Cracked Core","Strawberry","Tiny Chest","Smiling Mask","Cursed Key","Nunchaku","Ice Cream","Kunai","Bag of Marbles"],"potions_floor_usage":[12,18,20,25],"damage_taken":[{"damage":2,"enemies":"Small Slimes","floor":1,"turns":4},{"damage":1,"enemies":"Cultist","floor":2,"turns":3},{"damage":6,"enemies":"Jaw Worm","floor":3,"turns":4},{"damage":24,"enemies":"Gremlin Nob","floor":6,"turns":4},{"damage":0,"enemies":"Looter","floor":10,"turns":3},{"damage":0,"enemies":"Lagavulin","floor":12,"turns":7},{"damage":5,"enemies":"Red Slaver","floor":14,"turns":4},{"damage":44,"enemies":"Slime Boss","floor":16,"turns":9},{"damage":8,"enemies":"2 Thieves","floor":18,"turns":3},{"damage":10,"enemies":"Shell Parasite","floor":19,"turns":7},{"damage":2,"enemies":"Centurion and Healer","floor":20,"turns":6},{"damage":11,"enemies":"Snake Plant","floor":22,"turns":6},{"damage":26,"enemies":"Book of Stabbing","floor":24,"turns":8},{"damage":0,"enemies":"Colosseum Slavers","floor":25,"turns":3},{"damage":31,"enemies":"Colosseum Nobs","floor":25,"turns":6},{"damage":15,"enemies":"Gremlin Leader","floor":27,"turns":3}],"seed_played":"-6652673905189152537","potions_obtained":[{"floor":1,"key":"Regen Potion"},{"floor":3,"key":"EntropicBrew"},{"floor":14,"key":"Regen Potion"},{"floor":16,"key":"Fruit Juice"},{"floor":22,"key":"FocusPotion"},{"floor":24,"key":"LiquidBronze"},{"floor":25,"key":"Swift Potion"}],"is_trial":false,"path_per_floor":["M","M","M","?","$","E","$","$","T","M","R","E","T","M","R","B",null,"M","M","M","$","M","R","E","?","T","E"],"character_chosen":"DEFECT","items_purchased":["Cold Snap","Echo Form","Capacitor"],"campfire_rested":0,"item_purchase_floors":[5,8,21],"current_hp_per_floor":[73,72,66,66,66,49,49,49,49,49,49,64,64,59,59,15,82,79,69,82,82,71,71,45,14,14,0],"gold":329,"neow_bonus":"HUNDRED_GOLD","is_prod":false,"is_daily":false,"chose_seed":false,"campfire_upgraded":3,"win_rate":1,"timestamp":1552526675,"path_taken":["M","M","M","?","?","E","?","$","T","M","R","E","?","M","R","BOSS","M","M","M","?","M","R","E","?","T","E"],"build_version":"2019-01-23","purchased_purges":2,"victory":false,"max_hp_per_floor":[75,75,75,75,75,82,82,82,82,82,82,82,82,82,82,82,82,87,87,87,87,87,87,87,87,87,87],"card_choices":[{"not_picked":["Scrape","Rebound"],"picked":"Sweeping Beam","floor":1},{"not_picked":["Redo","Leap"],"picked":"Undo","floor":2},{"not_picked":["Lockon","Reinforced Body"],"picked":"Ball Lightning","floor":3},{"not_picked":["BootSequence","Skim","Turbo"],"picked":"SKIP","floor":6},{"not_picked":["Rebound","Beam Cell"],"picked":"Storm","floor":10},{"not_picked":["Hologram","Conserve Battery"],"picked":"Genetic Algorithm","floor":12},{"not_picked":["Streamline","Ball Lightning"],"picked":"Coolheaded","floor":14},{"not_picked":["Machine Learning","Multi-Cast"],"picked":"Electrodynamics","floor":16},{"not_picked":["Leap+1","Turbo+1"],"picked":"Conserve Battery+1","floor":18},{"not_picked":["Chill","Hologram"],"picked":"Conserve Battery","floor":19},{"not_picked":["Rebound","BootSequence","Sweeping Beam"],"picked":"SKIP","floor":20},{"not_picked":["Stack","Go for the Eyes"],"picked":"Heatsinks+1","floor":22},{"not_picked":["Meteor Strike","Streamline+1"],"picked":"Rainbow","floor":24},{"not_picked":["Reinforced Body","Hologram"],"picked":"Turbo","floor":25}],"player_experience":18648,"relics_obtained":[{"floor":6,"key":"Strawberry"},{"floor":12,"key":"Tiny Chest"},{"floor":13,"key":"Smiling Mask"},{"floor":24,"key":"Nunchaku"},{"floor":25,"key":"Ice Cream"},{"floor":25,"key":"Kunai"},{"floor":26,"key":"Bag of Marbles"}],"event_choices":[{"damage_healed":0,"gold_gain":0,"player_choice":"Upgraded","damage_taken":0,"max_hp_gain":0,"max_hp_loss":0,"event_name":"Upgrade Shrine","floor":4,"gold_loss":0,"cards_upgraded":["Zap"]},{"damage_healed":0,"gold_gain":0,"player_choice":"Fight","damage_taken":0,"max_hp_gain":0,"max_hp_loss":0,"event_name":"Colosseum","floor":25,"gold_loss":0},{"damage_healed":0,"gold_gain":0,"player_choice":"Fought Nobs","damage_taken":0,"max_hp_gain":0,"max_hp_loss":0,"event_name":"Colosseum","floor":25,"gold_loss":0}],"is_beta":false,"boss_relics":[{"not_picked":["Philosopher\u0027s Stone","Astrolabe"],"picked":"Cursed Key"}],"items_purged_floors":[5,21],"is_endless":false,"potions_floor_spawned":[1,3,14,16,22,24,25],"killed_by":"Gremlin Leader","ascension_level":1}