{"gold_per_floor":[117,192,192,83,97,109,125,125,125,139,158,485,242,262,262,360,360,372,372,372,174,188,188,199,199,199,217,0,14,34,22,22,118,118,137,0,13,28,48,48,59,69,69,69,169,169,79,94,94,94],"floor_reached":51,"playtime":4477,"items_purged":["Strike_R","Strike_R","Bite+1"],"score":655,"play_id":"b55e6688-7436-4054-a9bc-b0bd944bd1a1","local_time":"20190107091801","is_ascension_mode":false,"campfire_choices":[{"data":"Flex","floor":8,"key":"SMITH"},{"data":"Rage","floor":15,"key":"SMITH"},{"data":"Shrug It Off","floor":23,"key":"SMITH"},{"data":"Pommel Strike","floor":25,"key":"SMITH"},{"floor":32,"key":"REST"},{"floor":40,"key":"REST"},{"data":"Barricade","floor":44,"key":"SMITH"},{"data":"Rage","floor":46,"key":"SMITH"},{"data":"Demon Form","floor":49,"key":"SMITH"}],"neow_cost":"NONE","seed_source_timestamp":375397232582766,"circlet_count":0,"master_deck":["Defend_R","Bash+1","Pommel Strike+1","Rage+1","Cleave+1","Rampage+1","Flex+1","Pommel Strike+1","Battle Trance","Dual Wield","Barricade+1","Combust+1","Bite+1","Bite+1","Shrug It Off+1","Metallicize+1","True Grit","Heavy Blade+1","Body Slam+1","Rage+1","Shrug It Off","Demon Form+1","Rage+1","Burning Pact+1","Feel No Pain+1","Ghostly Armor+1","Parasite"],"relics":["Burning Blood","Molten Egg 2","Self Forming Clay","Old Coin","Membership Card","Mark of Pain","Lantern","Kunai","Astrolabe","Red Mask","Charon\u0027s Ashes","Mango"],"potions_floor_usage":[18,41,48,48,50],"damage_taken":[{"damage":6,"enemies":"Jaw Worm","floor":1,"turns":4},{"damage":6,"enemies":"Cultist","floor":5,"turns":4},{"damage":0,"enemies":"2 Louse","floor":6,"turns":2},{"damage":7,"enemies":"Large Slime","floor":7,"turns":6},{"damage":0,"enemies":"Exordium Wildlife","floor":10,"turns":3},{"damage":6,"enemies":"Blue Slaver","floor":11,"turns":2},{"damage":12,"enemies":"Lagavulin","floor":12,"turns":5},{"damage":7,"enemies":"Looter","floor":14,"turns":3},{"damage":52,"enemies":"The Guardian","floor":16,"turns":9},{"damage":12,"enemies":"Spheric Guardian","floor":18,"turns":4},{"damage":15,"enemies":"3 Byrds","floor":22,"turns":4},{"damage":17,"enemies":"Sentry and Sphere","floor":24,"turns":6},{"damage":30,"enemies":"Snake Plant","floor":27,"turns":3},{"damage":17,"enemies":"Cultist and Chosen","floor":29,"turns":5},{"damage":16,"enemies":"Centurion and Healer","floor":30,"turns":4},{"damage":15,"enemies":"Champ","floor":33,"turns":8},{"damage":19,"enemies":"Orb Walker","floor":35,"turns":5},{"damage":9,"enemies":"3 Shapes","floor":37,"turns":5},{"damage":12,"enemies":"Maw","floor":38,"turns":8},{"damage":41,"enemies":"Spire Growth","floor":39,"turns":5},{"damage":36,"enemies":"Writhing Mass","floor":41,"turns":9},{"damage":7,"enemies":"4 Shapes","floor":42,"turns":6},{"damage":0,"enemies":"Mind Bloom Boss Battle","floor":45,"turns":8},{"damage":25,"enemies":"Transient","floor":48,"turns":5},{"damage":62,"enemies":"Awakened One","floor":50,"turns":17}],"seed_played":"6169352968075830882","potions_obtained":[{"floor":6,"key":"Poison Potion"},{"floor":7,"key":"Dexterity Potion"},{"floor":12,"key":"Explosive Potion"},{"floor":16,"key":"AttackPotion"},{"floor":27,"key":"Ancient Potion"},{"floor":33,"key":"Strength Potion"},{"floor":38,"key":"Energy Potion"},{"floor":39,"key":"SteroidPotion"},{"floor":41,"key":"Swift Potion"},{"floor":48,"key":"AttackPotion"}],"is_trial":false,"path_per_floor":["M","?","T","$","M","M","M","R","T","M","M","E","$","M","R","B",null,"M","?","?","$","M","R","M","R","T","M","?","M","M","$","R","B",null,"M","?","M","M","M","R","M","M","T","R","?","R","?","M","R","B",null],"character_chosen":"IRONCLAD","items_purchased":["Rage","Membership Card","Shrug It Off","Metallicize","Lantern","Shrug It Off"],"campfire_rested":2,"item_purchase_floors":[4,13,21,21,21,31],"current_hp_per_floor":[80,69,69,69,69,75,74,74,74,80,80,74,74,73,73,27,80,74,56,56,56,50,50,53,53,53,35,35,36,32,32,48,48,56,49,49,52,56,27,43,34,39,39,39,70,70,70,57,57,28],"gold":94,"neow_bonus":"UPGRADE_CARD","is_prod":false,"is_daily":false,"chose_seed":false,"campfire_upgraded":7,"win_rate":0.0,"timestamp":1546870681,"path_taken":["M","?","?","$","M","?","M","R","T","M","M","E","$","M","R","BOSS","M","?","?","$","M","R","M","R","T","M","?","M","?","$","R","BOSS","M","?","M","M","M","R","M","M","T","R","?","R","?","M","R","BOSS"],"build_version":"2018-12-20","purchased_purges":3,"victory":true,"max_hp_per_floor":[80,80,80,80,80,80,80,80,80,80,80,80,80,80,80,80,80,80,56,56,56,56,56,56,56,56,56,56,56,56,56,56,56,56,56,56,56,56,56,56,56,56,56,56,70,70,70,70,70,70],"card_choices":[{"not_picked":["Thunderclap","Sword Boomerang"],"picked":"Pommel Strike","floor":1},{"not_picked":["Inflame","Rage"],"picked":"Cleave+1","floor":5},{"not_picked":["Reckless Charge+1","Flex"],"picked":"Rampage+1","floor":6},{"not_picked":["Impervious","Clothesline+1"],"picked":"Flex","floor":7},{"not_picked":["Sever Soul+1","Disarm"],"picked":"Pommel Strike+1","floor":10},{"not_picked":["Infernal Blade","Uppercut+1"],"picked":"Battle Trance","floor":11},{"not_picked":["Carnage+1","Flex","Clash+1"],"picked":"SKIP","floor":12},{"not_picked":["Cleave+1","True Grit"],"picked":"Dual Wield","floor":14},{"not_picked":["Impervious","Fiend Fire+1"],"picked":"Barricade","floor":16},{"not_picked":["Flex","Inflame+1"],"picked":"Combust+1","floor":18},{"not_picked":["Bloodletting","Thunderclap+1"],"picked":"True Grit","floor":22},{"not_picked":["Thunderclap+1","Dark Embrace"],"picked":"Heavy Blade+1","floor":24},{"not_picked":["Headbutt+1","Thunderclap+1"],"picked":"Body Slam+1","floor":27},{"not_picked":["Anger+1","Twin Strike+1"],"picked":"Rage","floor":29},{"not_picked":["Perfected Strike+1","Twin Strike+1","Thunderclap+1"],"picked":"SKIP","floor":30},{"not_picked":["Double Tap","Bludgeon+1"],"picked":"Demon Form","floor":33},{"not_picked":["Armaments","Corruption+1"],"picked":"Ghostly Armor+1","floor":35},{"not_picked":["Iron Wave+1","Sword Boomerang+1","Clash+1"],"picked":"SKIP","floor":37},{"not_picked":["Rampage+1","Twin Strike+1","Iron Wave+1"],"picked":"SKIP","floor":38},{"not_picked":["Intimidate+1","Hemokinesis+1","Thunderclap+1"],"picked":"SKIP","floor":39},{"not_picked":["Perfected Strike+1","True Grit+1","Intimidate+1"],"picked":"SKIP","floor":41},{"not_picked":["Flex+1","Warcry","Heavy Blade+1"],"picked":"SKIP","floor":42},{"not_picked":["Heavy Blade+1","Dark Embrace","Anger+1"],"picked":"SKIP","floor":48}],"player_experience":106948,"relics_obtained":[{"floor":3,"key":"Molten Egg 2"},{"floor":9,"key":"Self Forming Clay"},{"floor":12,"key":"Old Coin"},{"floor":26,"key":"Kunai"},{"floor":43,"key":"Charon\u0027s Ashes"},{"floor":45,"key":"Mango"}],"event_choices":[{"damage_healed":0,"gold_gain":75,"player_choice":"Gather Gold","damage_taken":11,"max_hp_gain":0,"max_hp_loss":0,"event_name":"World of Goop","floor":2,"gold_loss":0},{"damage_healed":0,"gold_gain":0,"player_choice":"Became a vampire","damage_taken":0,"max_hp_gain":0,"max_hp_loss":24,"event_name":"Vampires","floor":19,"gold_loss":0,"cards_obtained":["Bite","Bite","Bite","Bite","Bite"]},{"cards_removed":["Bite"],"damage_healed":0,"gold_gain":0,"player_choice":"Elegance","damage_taken":0,"max_hp_gain":0,"max_hp_loss":0,"event_name":"Back to Basics","floor":20,"gold_loss":0},{"damage_healed":0,"gold_gain":0,"player_choice":"Paid Fearfully","damage_taken":0,"max_hp_gain":0,"max_hp_loss":0,"event_name":"Masked Bandits","floor":28,"gold_loss":217},{"damage_healed":0,"gold_gain":0,"player_choice":"Paid","damage_taken":0,"relics_obtained":["Red Mask"],"max_hp_gain":0,"max_hp_loss":0,"event_name":"Tomb of Lord Red Mask","floor":36,"gold_loss":137},{"damage_healed":0,"gold_gain":0,"player_choice":"Fight","damage_taken":0,"max_hp_gain":0,"max_hp_loss":0,"event_name":"MindBloom","floor":45,"gold_loss":0},{"cards_removed":["Bite"],"damage_healed":0,"gold_gain":0,"player_choice":"Upgrade and Remove","damage_taken":0,"max_hp_gain":0,"max_hp_loss":0,"event_name":"Designer","floor":47,"gold_loss":90,"cards_upgraded":["Metallicize"]}],"is_beta":false,"boss_relics":[{"not_picked":["Tiny House","Runic Dome"],"picked":"Mark of Pain"},{"not_picked":["Orrery","Runic Pyramid"],"picked":"Astrolabe"}],"items_purged_floors":[4,13,21],"is_endless":false,"potions_floor_spawned":[6,7,12,16,22,27,33,38,39,41,48],"ascension_level":0}