{"gold_per_floor":[167,184,259,275,18,44,44,71,71,71,92,92,92,112,112,211,211,221,232,247,5,20,20,37,37,61,61,78,92,92,111,111,214,214,228,244,2,14,33,33,49,49,102,131,143,153,153,0,0,0],"floor_reached":51,"playtime":2458,"items_purged":[],"score":1144,"play_id":"2317880c-8fc4-4b2a-a719-ce40bfd999e0","local_time":"20190117170154","is_ascension_mode":true,"campfire_choices":[{"data":"Body Slam","floor":7,"key":"SMITH"},{"floor":12,"key":"REST"},{"data":"Ghostly Armor","floor":15,"key":"SMITH"},{"data":"Barricade","floor":23,"key":"SMITH"},{"floor":25,"key":"REST"},{"data":"Body Slam","floor":32,"key":"SMITH"},{"floor":40,"key":"REST"},{"floor":42,"key":"REST"},{"data":"Demon Form","floor":47,"key":"SMITH"},{"data":"Rampage","floor":49,"key":"SMITH"}],"neow_cost":"NONE","seed_source_timestamp":1024722258033858,"circlet_count":0,"master_deck":["AscendersBane","Strike_R","Strike_R+1","Strike_R","Strike_R","Strike_R","Defend_R+1","Defend_R","Defend_R","Defend_R","Bash","Intimidate","Flame Barrier+1","Body Slam+1","Spot Weakness","Blood for Blood","Rampage+1","Metallicize","Ghostly Armor+1","Barricade+1","Body Slam+1","Body Slam","Power Through","Pommel Strike+1","Spot Weakness","Demon Form+1","Mayhem","Clothesline+1","Warcry+1","Headbutt+1","Juggernaut"],"relics":["Tiny House","Bag of Preparation","Red Skull","Bird Faced Urn","Gremlin Horn","Odd Mushroom","Runic Dome","Membership Card","Bag of Marbles","Pear","Snecko Eye","Pocketwatch","Anchor","Toxic Egg 2","Red Mask"],"potions_floor_usage":[8,8,16,22,29,33,35,50,50],"damage_taken":[{"damage":0,"enemies":"2 Louse","floor":1,"turns":3},{"damage":3,"enemies":"Jaw Worm","floor":2,"turns":4},{"damage":2,"enemies":"Small Slimes","floor":4,"turns":5},{"damage":31,"enemies":"Lagavulin","floor":6,"turns":9},{"damage":10,"enemies":"3 Sentries","floor":8,"turns":7},{"damage":0,"enemies":"The Mushroom Lair","floor":11,"turns":3},{"damage":0,"enemies":"Gremlin Gang","floor":14,"turns":4},{"damage":2,"enemies":"The Guardian","floor":16,"turns":10},{"damage":27,"enemies":"3 Byrds","floor":18,"turns":7},{"damage":17,"enemies":"Shell Parasite","floor":19,"turns":6},{"damage":20,"enemies":"Snecko","floor":20,"turns":5},{"damage":4,"enemies":"Chosen and Byrds","floor":22,"turns":6},{"damage":8,"enemies":"Shelled Parasite and Fungi","floor":24,"turns":3},{"damage":6,"enemies":"Snake Plant","floor":28,"turns":4},{"damage":7,"enemies":"3 Cultists","floor":29,"turns":4},{"damage":0,"enemies":"Cultist and Chosen","floor":31,"turns":8},{"damage":4,"enemies":"Champ","floor":33,"turns":13},{"damage":11,"enemies":"3 Shapes","floor":35,"turns":7},{"damage":0,"enemies":"3 Darklings","floor":36,"turns":3},{"damage":36,"enemies":"Sphere and 2 Shapes","floor":38,"turns":7},{"damage":8,"enemies":"Jaw Worm Horde","floor":39,"turns":3},{"damage":27,"enemies":"Spire Growth","floor":41,"turns":6},{"damage":0,"enemies":"Nemesis","floor":44,"turns":3},{"damage":17,"enemies":"Sphere and 2 Shapes","floor":45,"turns":4},{"damage":0,"enemies":"3 Darklings","floor":46,"turns":7},{"damage":78,"enemies":"Awakened One","floor":50,"turns":11}],"seed_played":"17991957327756190","potions_obtained":[{"floor":0,"key":"GamblersBrew"},{"floor":1,"key":"GamblersBrew"},{"floor":4,"key":"Fire Potion"},{"floor":14,"key":"Swift Potion"},{"floor":16,"key":"Strength Potion"},{"floor":19,"key":"Explosive Potion"},{"floor":24,"key":"AttackPotion"},{"floor":31,"key":"SkillPotion"},{"floor":36,"key":"SpeedPotion"},{"floor":39,"key":"Fire Potion"},{"floor":41,"key":"SteroidPotion"}],"is_trial":false,"path_per_floor":["M","M","?","M","$","E","R","E","T","?","?","R","?","M","R","B",null,"M","M","M","$","M","R","M","R","T","?","M","M","T","M","R","B",null,"M","M","$","M","M","R","M","R","T","E","M","M","R","?","R","B",null],"character_chosen":"IRONCLAD","items_purchased":["Bag of Preparation","Spot Weakness","Blood for Blood","Membership Card","BloodPotion","Pocketwatch","Mayhem"],"campfire_rested":4,"item_purchase_floors":[5,5,5,21,21,37,37],"current_hp_per_floor":[77,74,63,61,61,30,30,20,20,3,3,28,28,28,28,28,71,46,33,17,17,25,25,17,42,42,42,40,35,45,49,49,49,84,77,79,79,45,41,69,48,76,76,80,67,75,75,75,75,7],"gold":0,"neow_bonus":"BOSS_RELIC","is_prod":false,"is_daily":false,"chose_seed":false,"campfire_upgraded":6,"win_rate":0,"timestamp":1547744514,"path_taken":["M","M","?","M","$","E","R","E","T","?","?","R","?","M","R","BOSS","M","?","M","$","M","R","M","R","T","?","?","M","?","M","R","BOSS","M","?","$","M","M","R","M","R","T","E","M","M","R","?","R","BOSS"],"build_version":"2019-01-10","purchased_purges":0,"victory":true,"max_hp_per_floor":[85,85,85,85,85,85,85,85,85,85,85,85,85,85,85,85,85,85,85,85,85,85,85,85,85,85,85,85,85,95,95,95,95,95,95,95,95,95,95,95,95,95,95,95,95,95,95,95,95,95],"card_choices":[{"not_picked":["Dual Wield","Clothesline"],"picked":"Intimidate","floor":0},{"not_picked":["Warcry","Anger"],"picked":"Flame Barrier","floor":1},{"not_picked":["Clothesline","Bloodletting","Searing Blow"],"picked":"SKIP","floor":2},{"not_picked":["True Grit","Clothesline"],"picked":"Body Slam","floor":4},{"not_picked":["Body Slam","Flex"],"picked":"Rampage","floor":6},{"not_picked":["Carnage","Seeing Red","Intimidate"],"picked":"SKIP","floor":8},{"not_picked":["Pommel Strike","Thunderclap"],"picked":"Ghostly Armor","floor":14},{"not_picked":["Berserk","Offering"],"picked":"Barricade","floor":16},{"not_picked":["Havoc","Warcry","Clothesline"],"picked":"SKIP","floor":18},{"not_picked":["Feel No Pain","Iron Wave"],"picked":"Body Slam","floor":19},{"not_picked":["Spot Weakness","Iron Wave"],"picked":"Body Slam","floor":20},{"not_picked":["Pommel Strike","Body Slam"],"picked":"Power Through","floor":22},{"not_picked":["Perfected Strike","Pommel Strike","Flex"],"picked":"SKIP","floor":24},{"not_picked":["Bludgeon","Cleave","Carnage"],"picked":"SKIP","floor":28},{"not_picked":["Havoc","Feel No Pain"],"picked":"Pommel Strike+1","floor":29},{"not_picked":["Dropkick","Body Slam"],"picked":"Spot Weakness","floor":31},{"not_picked":["Barricade","Feed"],"picked":"Demon Form","floor":33},{"not_picked":["Flex+1","Rage","Warcry"],"picked":"SKIP","floor":35},{"not_picked":["Clash+1","Perfected Strike","Intimidate"],"picked":"SKIP","floor":36},{"not_picked":["True Grit","Perfected Strike"],"picked":"Clothesline+1","floor":38},{"not_picked":["Pommel Strike","Wild Strike"],"picked":"Warcry+1","floor":39},{"not_picked":["Reckless Charge","Body Slam"],"picked":"Headbutt+1","floor":41},{"not_picked":["Dropkick","Armaments+1"],"picked":"Juggernaut","floor":44},{"not_picked":["Clothesline+1","Wild Strike","Feel No Pain"],"picked":"SKIP","floor":45},{"not_picked":["Wild Strike","Uppercut+1","Body Slam"],"picked":"SKIP","floor":46}],"player_experience":126545,"relics_obtained":[{"floor":6,"key":"Red Skull"},{"floor":8,"key":"Bird Faced Urn"},{"floor":9,"key":"Gremlin Horn"},{"floor":11,"key":"Odd Mushroom"},{"floor":26,"key":"Bag of Marbles"},{"floor":30,"key":"Pear"},{"floor":43,"key":"Anchor"},{"floor":44,"key":"Toxic Egg 2"}],"event_choices":[{"damage_healed":0,"gold_gain":75,"player_choice":"Gather Gold","damage_taken":11,"max_hp_gain":0,"max_hp_loss":0,"event_name":"World of Goop","floor":3,"gold_loss":0},{"damage_healed":0,"gold_gain":0,"player_choice":"Entered Light","damage_taken":17,"max_hp_gain":0,"max_hp_loss":0,"event_name":"Shining Light","floor":10,"gold_loss":0,"cards_upgraded":["Flame Barrier","Strike_R"]},{"damage_healed":0,"gold_gain":0,"player_choice":"Fought Mushrooms","damage_taken":0,"max_hp_gain":0,"max_hp_loss":0,"event_name":"Mushrooms","floor":11,"gold_loss":0},{"damage_healed":0,"gold_gain":0,"player_choice":"1 cards matched","damage_taken":0,"max_hp_gain":0,"max_hp_loss":0,"event_name":"Match and Keep!","floor":13,"gold_loss":0,"cards_obtained":["Metallicize"]},{"damage_healed":0,"gold_gain":0,"player_choice":"Ignored","damage_taken":0,"max_hp_gain":0,"max_hp_loss":0,"event_name":"N\u0027loth","floor":27,"gold_loss":0},{"damage_healed":0,"gold_gain":0,"player_choice":"Paid","damage_taken":0,"relics_obtained":["Red Mask"],"max_hp_gain":0,"max_hp_loss":0,"event_name":"Tomb of Lord Red Mask","floor":48,"gold_loss":153}],"is_beta":false,"boss_relics":[{"not_picked":["Black Star","Philosopher\u0027s Stone"],"picked":"Runic Dome"},{"not_picked":["Calling Bell","Sozu"],"picked":"Snecko Eye"}],"items_purged_floors":[],"is_endless":false,"potions_floor_spawned":[1,4,14,16,19,20,24,31,36,39,41,45],"ascension_level":12}