{"gold_per_floor":[113,113,113,13,29,29,61,71,71,41,41,61,86,96,96,201,201,216,216,233,249,263,263,325,325,349,349,299,299,327,340,340,340],"floor_reached":33,"playtime":2226,"items_purged":[],"score":398,"play_id":"2f218b20-a478-47a4-93d3-0106ec1e0f9e","local_time":"20190408235402","is_ascension_mode":true,"campfire_choices":[{"floor":6,"key":"REST"},{"floor":11,"key":"REST"},{"floor":15,"key":"REST"},{"data":"Armaments","floor":23,"key":"SMITH"},{"floor":27,"key":"REST"},{"data":"Double Tap","floor":29,"key":"SMITH"},{"data":"Flex","floor":32,"key":"SMITH"}],"neow_cost":"PERCENT_DAMAGE","seed_source_timestamp":194593253909573,"circlet_count":0,"master_deck":["Strike_R","Strike_R","Strike_R","Strike_R","Defend_R+1","Defend_R","Defend_R","Defend_R","Bash+1","Twin Strike","Flex+1","Battle Trance","Carnage","Sword Boomerang","Armaments+1","Shockwave","Impervious","Shrug It Off","Double Tap+1","Pummel+1","Iron Wave+1","Carnage+1","Carnage+1","Evolve+1","Whirlwind+1","True Grit+1"],"relics":["Burning Blood","Peace Pipe","Kunai","Letter Opener","Mercury Hourglass","Sozu","Tiny Chest","MutagenicStrength","Smiling Mask","Bag of Marbles"],"potions_floor_usage":[7,13,20],"damage_taken":[{"damage":1,"enemies":"Small Slimes","floor":1,"turns":5},{"damage":6,"enemies":"2 Louse","floor":5,"turns":4},{"damage":25,"enemies":"Lagavulin","floor":7,"turns":4},{"damage":7,"enemies":"Jaw Worm","floor":8,"turns":2},{"damage":6,"enemies":"Looter","floor":12,"turns":2},{"damage":27,"enemies":"3 Sentries","floor":13,"turns":6},{"damage":8,"enemies":"Large Slime","floor":14,"turns":4},{"damage":59,"enemies":"Hexaghost","floor":16,"turns":13},{"damage":0,"enemies":"3 Byrds","floor":18,"turns":4},{"damage":0,"enemies":"Spheric Guardian","floor":20,"turns":2},{"damage":3,"enemies":"Snecko","floor":21,"turns":5},{"damage":5,"enemies":"Shelled Parasite and Fungi","floor":22,"turns":4},{"damage":54,"enemies":"Gremlin Leader","floor":24,"turns":9},{"damage":7,"enemies":"Slavers","floor":30,"turns":4},{"damage":0,"enemies":"Sentry and Sphere","floor":31,"turns":1},{"damage":61,"enemies":"Automaton","floor":33,"turns":8}],"seed_played":"-1333634202264486647","potions_obtained":[{"floor":1,"key":"Weak Potion"},{"floor":12,"key":"Explosive Potion"},{"floor":16,"key":"SteroidPotion"}],"is_trial":false,"path_per_floor":["M","?","?","$","M","R","E","M","T","?","R","M","E","M","R","B",null,"M","$","M","M","M","R","E","?","T","R","?","R","E","M","R","B"],"character_chosen":"IRONCLAD","items_purchased":["Flex","Battle Trance"],"campfire_rested":4,"item_purchase_floors":[4,4],"current_hp_per_floor":[56,49,33,33,33,57,38,37,37,37,61,61,40,38,62,9,62,68,68,74,77,78,78,30,30,30,54,54,54,53,59,59,0],"gold":340,"neow_bonus":"ONE_RARE_RELIC","is_prod":false,"is_daily":false,"chose_seed":false,"campfire_upgraded":3,"win_rate":0,"timestamp":1554735242,"path_taken":["M","?","?","?","M","R","E","M","T","?","R","M","E","M","R","BOSS","M","$","M","M","M","R","E","?","T","R","?","R","E","?","R","BOSS"],"build_version":"2019-01-23","purchased_purges":0,"victory":false,"max_hp_per_floor":[80,80,80,80,80,80,80,80,80,80,80,80,80,80,80,80,80,80,80,80,80,80,80,80,80,80,80,80,80,80,80,80,80],"card_choices":[{"not_picked":["Ghostly Armor","Clothesline"],"picked":"Twin Strike","floor":1},{"not_picked":["Bloodletting","Flex"],"picked":"Carnage","floor":5},{"not_picked":["Iron Wave","Seeing Red"],"picked":"Sword Boomerang","floor":7},{"not_picked":["Flex","Battle Trance"],"picked":"Armaments","floor":8},{"not_picked":["Whirlwind","Body Slam"],"picked":"Shockwave","floor":12},{"not_picked":["Wild Strike","Fire Breathing"],"picked":"Impervious","floor":13},{"not_picked":["Flex","Sever Soul"],"picked":"Shrug It Off","floor":14},{"not_picked":["Juggernaut","Dark Embrace"],"picked":"Double Tap","floor":16},{"not_picked":["Dropkick+1","Anger"],"picked":"Pummel+1","floor":18},{"not_picked":["Clash","Feel No Pain"],"picked":"Iron Wave+1","floor":20},{"not_picked":["Dual Wield","Whirlwind"],"picked":"Carnage+1","floor":21},{"not_picked":["Combust","Body Slam"],"picked":"Carnage+1","floor":22},{"not_picked":["Clash","Dark Embrace"],"picked":"Evolve+1","floor":24},{"not_picked":["Cleave","Armaments"],"picked":"Whirlwind+1","floor":30},{"not_picked":["Shrug It Off","Pommel Strike"],"picked":"True Grit+1","floor":31}],"player_experience":296572,"relics_obtained":[{"floor":7,"key":"Kunai"},{"floor":9,"key":"Letter Opener"},{"floor":13,"key":"Mercury Hourglass"},{"floor":24,"key":"Tiny Chest"},{"floor":26,"key":"Smiling Mask"},{"floor":30,"key":"Bag of Marbles"}],"event_choices":[{"cards_removed":["Strike_R"],"damage_healed":0,"gold_gain":0,"player_choice":"Card Removal","damage_taken":7,"max_hp_gain":0,"max_hp_loss":0,"event_name":"Golden Wing","floor":2,"gold_loss":0},{"damage_healed":0,"gold_gain":0,"player_choice":"Entered Light","damage_taken":16,"max_hp_gain":0,"max_hp_loss":0,"event_name":"Shining Light","floor":3,"gold_loss":0,"cards_upgraded":["Defend_R","Bash"]},{"damage_healed":0,"gold_gain":0,"player_choice":"Left Gold","damage_taken":0,"max_hp_gain":0,"max_hp_loss":0,"event_name":"World of Goop","floor":10,"gold_loss":30},{"damage_healed":0,"gold_gain":0,"player_choice":"Inject Mutagens","damage_taken":0,"relics_obtained":["MutagenicStrength"],"max_hp_gain":0,"max_hp_loss":0,"event_name":"Drug Dealer","floor":25,"gold_loss":0},{"damage_healed":0,"gold_gain":0,"player_choice":"Bet on Murderer","damage_taken":0,"max_hp_gain":0,"max_hp_loss":0,"event_name":"The Joust","floor":28,"gold_loss":50}],"is_beta":false,"boss_relics":[{"not_picked":["Astrolabe","Empty Cage"],"picked":"Sozu"}],"items_purged_floors":[],"is_endless":false,"potions_floor_spawned":[1,12,16,20,22,31],"killed_by":"Automaton","ascension_level":7}