{"gold_per_floor":[115,115,125,11,11,39,39,52,52,52,71,91,106,121,121,121],"floor_reached":16,"playtime":653,"items_purged":[],"score":120,"play_id":"5d56654e-e02f-46d2-970a-0802f13bebf5","local_time":"20190427231507","is_ascension_mode":true,"campfire_choices":[{"floor":7,"key":"REST"},{"floor":15,"key":"REST"}],"neow_cost":"NONE","seed_source_timestamp":43497284763323,"circlet_count":0,"master_deck":["Strike_B","Strike_B","Strike_B","Defend_B","Defend_B","Defend_B","Zap","Dualcast","Static Discharge","Rainbow","Conserve Battery","Melter","Consume","Redo","Redo","Seek","Glacier","Undo"],"relics":["Nuclear Battery","Omamori","Meat on the Bone"],"potions_floor_usage":[12,14,16],"damage_taken":[{"damage":0,"enemies":"Small Slimes","floor":1,"turns":3},{"damage":0,"enemies":"Cultist","floor":3,"turns":3},{"damage":31,"enemies":"3 Sentries","floor":6,"turns":5},{"damage":7,"enemies":"2 Louse","floor":8,"turns":3},{"damage":12,"enemies":"Large Slime","floor":11,"turns":4},{"damage":6,"enemies":"Exordium Thugs","floor":12,"turns":4},{"damage":8,"enemies":"Blue Slaver","floor":13,"turns":4},{"damage":18,"enemies":"Large Slime","floor":14,"turns":6},{"damage":59,"enemies":"Hexaghost","floor":16,"turns":12}],"seed_played":"7796160841504234547","potions_obtained":[{"floor":1,"key":"Strength Potion"},{"floor":11,"key":"Swift Potion"},{"floor":12,"key":"Ancient Potion"},{"floor":13,"key":"PowerPotion"}],"is_trial":false,"path_per_floor":["M","?","M","$","?","E","R","M","T","$","M","M","M","M","R","B"],"character_chosen":"DEFECT","items_purchased":["Melter","Consume"],"campfire_rested":2,"item_purchase_floors":[4,4],"current_hp_per_floor":[75,75,75,75,68,37,59,52,52,52,40,46,38,32,54,0],"gold":121,"neow_bonus":"BOSS_RELIC","is_prod":false,"is_daily":false,"chose_seed":false,"campfire_upgraded":0,"win_rate":0,"timestamp":1556432107,"path_taken":["M","?","M","?","?","E","R","M","T","$","M","M","M","M","R","BOSS"],"build_version":"2019-01-23","purchased_purges":0,"victory":false,"max_hp_per_floor":[75,75,75,75,75,75,75,75,75,75,75,75,75,75,75,75],"card_choices":[{"not_picked":["Cold Snap","Go for the Eyes"],"picked":"Static Discharge","floor":1},{"not_picked":["Leap","Streamline"],"picked":"Conserve Battery","floor":3},{"not_picked":["Barrage","Turbo"],"picked":"Redo","floor":6},{"not_picked":["Force Field","Go for the Eyes"],"picked":"Redo","floor":8},{"not_picked":["Cold Snap","Blizzard"],"picked":"Seek","floor":11},{"not_picked":["Gash","Beam Cell"],"picked":"Glacier","floor":12},{"not_picked":["Storm","Gash","Reprogram"],"picked":"SKIP","floor":13},{"not_picked":["Lockon","Fusion"],"picked":"Undo","floor":14}],"player_experience":449835,"relics_obtained":[{"floor":6,"key":"Omamori"},{"floor":9,"key":"Meat on the Bone"}],"event_choices":[{"damage_healed":0,"gold_gain":0,"cards_transformed":["Strike_B"],"player_choice":"Transformed","damage_taken":0,"max_hp_gain":0,"max_hp_loss":0,"event_name":"Transmorgrifier","floor":2,"gold_loss":0,"cards_obtained":["Rainbow"]},{"cards_removed":["Defend_B"],"damage_healed":0,"gold_gain":0,"player_choice":"Card Removal","damage_taken":7,"max_hp_gain":0,"max_hp_loss":0,"event_name":"Golden Wing","floor":5,"gold_loss":0}],"is_beta":false,"boss_relics":[],"items_purged_floors":[],"is_endless":false,"potions_floor_spawned":[1,11,12,13],"killed_by":"Hexaghost","ascension_level":3}