{"gold_per_floor":[218,229,246,257,10,36,36,63,63,63,81,112,129,142,142,219,219,233,233,433,448,43,43,70,45,45,45,57,57,68,82,82,158,158,168,183,198,47,47,75,93,118,142,153,153,181,191,209,209,209,209,209,65,65],"floor_reached":54,"playtime":3007,"items_purged":["Strike_R","Strike_R"],"score":1307,"play_id":"42f3c2cc-9f99-4e21-b81c-5ab4e4bca7f9","local_time":"20190417121602","is_ascension_mode":true,"campfire_choices":[{"floor":7,"key":"REST"},{"floor":10,"key":"REST"},{"data":"Disarm","floor":15,"key":"SMITH"},{"data":"Feel No Pain","floor":23,"key":"SMITH"},{"floor":27,"key":"REST"},{"data":"Corruption","floor":29,"key":"SMITH"},{"data":"Limit Break","floor":32,"key":"SMITH"},{"floor":45,"key":"REST"},{"floor":49,"key":"RECALL"},{"floor":52,"key":"REST"}],"neow_cost":"NONE","seed_source_timestamp":1019339157103,"circlet_count":0,"master_deck":["AscendersBane","Strike_R+1","Strike_R+1","Strike_R+1","Defend_R+1","Defend_R+1","Defend_R+1","Defend_R+1","Bash+1","True Grit+1","Rampage+1","Power Through+1","Feel No Pain+1","Whirlwind+1","Disarm+1","Feel No Pain+1","Cleave+1","Impervious+1","Corruption+1","Bludgeon+1","Havoc+1","Armaments+1","Carnage+1","Limit Break+1","Havoc+1","True Grit+1","Parasite","Inflame+1","Disarm+1","Purity"],"relics":["Burning Blood","Vajra","Pocketwatch","Magic Flower","Prayer Wheel","Busted Crown","Nilry\u0027s Codex","Strawberry","Bag of Preparation","Singing Bowl","Matryoshka","Velvet Choker","Mark of the Bloom","Red Skull","Dream Catcher","Orichalcum","Blood Vial","Boot"],"potions_floor_usage":[12,16,16,24,44,46,50,54],"damage_taken":[{"damage":6,"enemies":"Cultist","floor":1,"turns":4},{"damage":18,"enemies":"Small Slimes","floor":2,"turns":4},{"damage":9,"enemies":"Jaw Worm","floor":3,"turns":4},{"damage":11,"enemies":"Exordium Thugs","floor":4,"turns":5},{"damage":26,"enemies":"3 Sentries","floor":6,"turns":12},{"damage":33,"enemies":"Lagavulin","floor":8,"turns":8},{"damage":15,"enemies":"Red Slaver","floor":11,"turns":5},{"damage":10,"enemies":"3 Sentries","floor":12,"turns":9},{"damage":3,"enemies":"Large Slime","floor":13,"turns":5},{"damage":4,"enemies":"Looter","floor":14,"turns":4},{"damage":14,"enemies":"Hexaghost","floor":16,"turns":11},{"damage":3,"enemies":"Chosen","floor":18,"turns":5},{"damage":9,"enemies":"Shell Parasite","floor":21,"turns":6},{"damage":36,"enemies":"Gremlin Leader","floor":24,"turns":6},{"damage":0,"enemies":"Centurion and Healer","floor":28,"turns":6},{"damage":7,"enemies":"Snecko","floor":30,"turns":5},{"damage":0,"enemies":"Cultist and Chosen","floor":31,"turns":8},{"damage":53,"enemies":"Automaton","floor":33,"turns":11},{"damage":3,"enemies":"Orb Walker","floor":35,"turns":4},{"damage":6,"enemies":"3 Shapes","floor":36,"turns":4},{"damage":4,"enemies":"Writhing Mass","floor":37,"turns":5},{"damage":13,"enemies":"Reptomancer","floor":40,"turns":8},{"damage":0,"enemies":"Sphere and 2 Shapes","floor":41,"turns":6},{"damage":14,"enemies":"3 Darklings","floor":44,"turns":5},{"damage":19,"enemies":"Nemesis","floor":46,"turns":11},{"damage":13,"enemies":"Jaw Worm Horde","floor":47,"turns":4},{"damage":6,"enemies":"Spire Growth","floor":48,"turns":4},{"damage":30,"enemies":"Awakened One","floor":50,"turns":10},{"damage":21,"enemies":"Shield and Spear","floor":54,"turns":2}],"seed_played":"-6295444807189273936","potions_obtained":[{"floor":2,"key":"Ancient Potion"},{"floor":4,"key":"LiquidBronze"},{"floor":11,"key":"SkillPotion"},{"floor":14,"key":"Weak Potion"},{"floor":16,"key":"Fruit Juice"},{"floor":21,"key":"Poison Potion"},{"floor":28,"key":"AttackPotion"},{"floor":44,"key":"BloodPotion"}],"is_trial":false,"path_per_floor":["M","M","M","M","$","E","R","E","T","R","M","E","M","M","R","B",null,"M","?","?","M","$","R","E","$","T","R","M","R","M","M","R","B",null,"M","M","M","$","?","E","M","T","T","M","R","E","M","M","R","B",null,"R","$","E"],"character_chosen":"IRONCLAD","items_purchased":["Whirlwind","Disarm","Feel No Pain","Strawberry","Bag of Preparation","True Grit","Inflame","Disarm","Purity","Block Potion"],"campfire_rested":5,"item_purchase_floors":[5,5,5,22,22,25,38,38,53,53],"current_hp_per_floor":[68,56,53,48,48,28,50,23,23,45,39,38,44,49,49,49,72,78,57,57,57,64,64,39,39,39,65,78,78,84,97,97,55,91,101,108,115,115,115,102,102,102,102,88,88,69,56,50,50,20,20,20,20,0],"gold":65,"neow_bonus":"HUNDRED_GOLD","is_prod":false,"is_daily":false,"chose_seed":false,"campfire_upgraded":4,"win_rate":0,"timestamp":1555528562,"path_taken":["M","M","?","M","$","E","R","E","T","R","M","E","M","M","R","BOSS","M","?","?","M","$","R","E","$","T","R","M","R","?","?","R","BOSS","M","M","M","$","?","E","M","?","T","M","R","E","M","?","R","BOSS","R","$","E"],"build_version":"2019-01-23","purchased_purges":2,"victory":false,"max_hp_per_floor":[75,75,75,75,75,75,75,75,75,75,75,75,75,75,75,80,80,80,80,80,80,87,87,89,89,89,89,93,93,97,101,101,103,103,107,111,115,115,115,117,121,121,121,125,127,129,133,137,137,137,137,139,139,139],"card_choices":[{"not_picked":["Thunderclap","Heavy Blade"],"picked":"True Grit","floor":1},{"not_picked":["Intimidate","Twin Strike"],"picked":"Rampage","floor":2},{"not_picked":["Twin Strike","Flex"],"picked":"Power Through","floor":3},{"not_picked":["Fire Breathing","Flex"],"picked":"Feel No Pain","floor":4},{"not_picked":["Rampage","Flex"],"picked":"Cleave","floor":6},{"not_picked":["Armaments","Iron Wave"],"picked":"Impervious","floor":8},{"not_picked":["Headbutt","Pommel Strike"],"picked":"Corruption","floor":11},{"not_picked":["Perfected Strike","Carnage"],"picked":"Bludgeon","floor":12},{"not_picked":["Heavy Blade","Combust"],"picked":"Havoc","floor":13},{"not_picked":["Thunderclap","Wild Strike"],"picked":"Armaments","floor":13},{"not_picked":["Twin Strike","Perfected Strike"],"picked":"Carnage","floor":14},{"not_picked":["Sword Boomerang","Heavy Blade","Dual Wield"],"picked":"SKIP","floor":14},{"not_picked":["Bludgeon","Berserk"],"picked":"Limit Break","floor":16},{"not_picked":["Anger"],"picked":"SKIP","floor":18},{"not_picked":["Infernal Blade"],"picked":"SKIP","floor":18},{"not_picked":[],"picked":"Havoc","floor":21},{"not_picked":["Twin Strike+1"],"picked":"SKIP","floor":21},{"not_picked":["Burning Pact"],"picked":"Singing Bowl","floor":24},{"not_picked":["Bloodletting"],"picked":"Singing Bowl","floor":28},{"not_picked":["Body Slam"],"picked":"Singing Bowl","floor":28},{"not_picked":["Wild Strike"],"picked":"Singing Bowl","floor":30},{"not_picked":["Uppercut"],"picked":"Singing Bowl","floor":30},{"not_picked":["Heavy Blade"],"picked":"Singing Bowl","floor":31},{"not_picked":["Armaments"],"picked":"Singing Bowl","floor":31},{"not_picked":["Brutality"],"picked":"Singing Bowl","floor":33},{"not_picked":["Sword Boomerang"],"picked":"Singing Bowl","floor":35},{"not_picked":["Perfected Strike"],"picked":"Singing Bowl","floor":35},{"not_picked":["Fire Breathing"],"picked":"Singing Bowl","floor":36},{"not_picked":["Flex"],"picked":"Singing Bowl","floor":36},{"not_picked":["Anger"],"picked":"Singing Bowl","floor":37},{"not_picked":["Heavy Blade"],"picked":"Singing Bowl","floor":37},{"not_picked":["Iron Wave"],"picked":"Singing Bowl","floor":40},{"not_picked":["Armaments"],"picked":"Singing Bowl","floor":41},{"not_picked":["Thunderclap"],"picked":"Singing Bowl","floor":41},{"not_picked":["Headbutt"],"picked":"Singing Bowl","floor":44},{"not_picked":["Headbutt"],"picked":"Singing Bowl","floor":44},{"not_picked":["Evolve"],"picked":"Singing Bowl","floor":45},{"not_picked":["Rage+1"],"picked":"Singing Bowl","floor":46},{"not_picked":["Heavy Blade"],"picked":"Singing Bowl","floor":47},{"not_picked":["Clothesline"],"picked":"Singing Bowl","floor":47},{"not_picked":["Body Slam"],"picked":"Singing Bowl","floor":48},{"not_picked":["Blood for Blood"],"picked":"Singing Bowl","floor":48},{"not_picked":["Feed"],"picked":"Singing Bowl","floor":52}],"player_experience":449535,"relics_obtained":[{"floor":6,"key":"Vajra"},{"floor":8,"key":"Pocketwatch"},{"floor":9,"key":"Magic Flower"},{"floor":12,"key":"Prayer Wheel"},{"floor":19,"key":"Nilry\u0027s Codex"},{"floor":24,"key":"Singing Bowl"},{"floor":26,"key":"Matryoshka"},{"floor":40,"key":"Red Skull"},{"floor":42,"key":"Dream Catcher"},{"floor":42,"key":"Orichalcum"},{"floor":43,"key":"Blood Vial"},{"floor":46,"key":"Boot"}],"event_choices":[{"damage_healed":0,"gold_gain":0,"player_choice":"Obtained Book","damage_taken":21,"max_hp_gain":0,"max_hp_loss":0,"event_name":"Cursed Tome","floor":19,"gold_loss":0},{"damage_healed":0,"gold_gain":200,"player_choice":"Gold","damage_taken":0,"max_hp_gain":0,"max_hp_loss":0,"event_name":"Wheel of Change","floor":20,"gold_loss":0},{"damage_healed":0,"gold_gain":0,"player_choice":"Upgrade","damage_taken":0,"relics_obtained":["Mark of the Bloom"],"max_hp_gain":0,"max_hp_loss":0,"event_name":"MindBloom","floor":39,"gold_loss":0,"cards_upgraded":["Strike_R","Strike_R","Strike_R","Defend_R","Defend_R","Defend_R","Defend_R","Bash","True Grit","Rampage","Power Through","Feel No Pain","Whirlwind","Cleave","Impervious","Bludgeon","Havoc","Armaments","Carnage","Havoc","True Grit","Inflame","Disarm"]}],"is_beta":false,"boss_relics":[{"not_picked":["Runic Pyramid","Eternal Feather"],"picked":"Busted Crown"},{"not_picked":["Fusion Hammer","Coffee Dripper"],"picked":"Velvet Choker"}],"items_purged_floors":[5,22],"is_endless":false,"potions_floor_spawned":[2,4,11,14,16,21,28,33,36,37,40,41,44],"killed_by":"Shield and Spear","ascension_level":15}