{"gold_per_floor":[118,41,41,41,61,89,89,100,151,192,214,243,266,278,290,302],"floor_reached":16,"playtime":487,"items_purged":[],"score":199,"play_id":"c134517b-053e-4cfe-bccf-17c38a30c0f0","local_time":"20190428234246","is_ascension_mode":true,"campfire_choices":[{"data":"Uppercut","floor":7,"key":"SMITH"},{"data":"Havoc","floor":15,"key":"SMITH"}],"neow_cost":"NONE","seed_source_timestamp":1646359687725700,"circlet_count":0,"master_deck":["Strike_R","Strike_R","Strike_R","Strike_R","Strike_R","Defend_R","Defend_R","Defend_R","Defend_R","Bash","Pommel Strike","Uppercut+1","Headbutt","Shockwave","True Grit","Demon Form","Havoc","Havoc+1","Bloodletting"],"relics":["Burning Blood","NeowsBlessing","Regal Pillow","MawBank","Smiling Mask","NlothsMask"],"potions_floor_usage":[12,16,16],"damage_taken":[{"damage":0,"enemies":"Cultist","floor":1,"turns":1},{"damage":0,"enemies":"2 Louse","floor":5,"turns":1},{"damage":0,"enemies":"Gremlin Nob","floor":6,"turns":1},{"damage":9,"enemies":"Jaw Worm","floor":8,"turns":4},{"damage":30,"enemies":"3 Sentries","floor":10,"turns":8},{"damage":7,"enemies":"Red Slaver","floor":11,"turns":5},{"damage":7,"enemies":"Looter","floor":12,"turns":4},{"damage":9,"enemies":"3 Louse","floor":13,"turns":3},{"damage":56,"enemies":"Slime Boss","floor":16,"turns":9}],"seed_played":"-6554981211538982898","potions_obtained":[{"floor":5,"key":"Block Potion"},{"floor":6,"key":"Energy Potion"},{"floor":12,"key":"Ancient Potion"}],"is_trial":false,"path_per_floor":["M","$","?","$","M","E","R","M","T","E","M","M","M","?","R","B"],"character_chosen":"IRONCLAD","items_purchased":["Uppercut"],"campfire_rested":0,"item_purchase_floors":[2],"current_hp_per_floor":[78,78,83,83,85,85,85,82,82,58,57,56,53,53,53,0],"gold":302,"neow_bonus":"THREE_ENEMY_KILL","is_prod":false,"is_daily":false,"chose_seed":false,"campfire_upgraded":2,"win_rate":0,"timestamp":1556487766,"path_taken":["M","?","?","?","?","E","R","M","T","E","M","M","M","?","R","BOSS"],"build_version":"2019-01-23","purchased_purges":0,"victory":false,"max_hp_per_floor":[80,80,85,85,85,85,85,85,85,85,85,85,85,85,85,85],"card_choices":[{"not_picked":["Wild Strike","Second Wind"],"picked":"Pommel Strike","floor":1},{"not_picked":["Pommel Strike","Sentinel"],"picked":"Headbutt","floor":5},{"not_picked":["Havoc","Warcry"],"picked":"Shockwave","floor":6},{"not_picked":["Perfected Strike","Anger"],"picked":"True Grit","floor":8},{"not_picked":["Power Through","Armaments"],"picked":"Demon Form","floor":10},{"not_picked":["Warcry","Inflame"],"picked":"Havoc","floor":11},{"not_picked":["Hemokinesis","Clothesline"],"picked":"Havoc","floor":12},{"not_picked":["Cleave","Blood for Blood"],"picked":"Bloodletting","floor":13}],"player_experience":848990,"relics_obtained":[{"floor":6,"key":"Regal Pillow"},{"floor":9,"key":"MawBank"},{"floor":10,"key":"Smiling Mask"}],"event_choices":[{"damage_healed":0,"gold_gain":0,"player_choice":"Donut","damage_taken":0,"max_hp_gain":5,"max_hp_loss":0,"event_name":"Big Fish","floor":3,"gold_loss":0},{"damage_healed":0,"gold_gain":0,"player_choice":"Trade","damage_taken":0,"relics_obtained":["NlothsMask"],"max_hp_gain":0,"max_hp_loss":0,"event_name":"FaceTrader","floor":14,"gold_loss":0}],"is_beta":false,"boss_relics":[],"items_purged_floors":[],"is_endless":false,"potions_floor_spawned":[5,6,12],"killed_by":"Slime Boss","ascension_level":9}