{"gold_per_floor":[109,124,139,44,59,59,24,0,0,10,10,10,25,57,57,153,153,139,139,151,151,167,167,184,184],"floor_reached":25,"playtime":1097,"items_purged":[],"score":230,"play_id":"b69a1084-d5c9-41e4-bb59-e29d6f2e0e48","local_time":"20180828003508","is_ascension_mode":false,"campfire_choices":[{"floor":6,"key":"REST"},{"floor":12,"key":"REST"},{"floor":15,"key":"REST"},{"data":"Meteor Strike","floor":23,"key":"SMITH"}],"neow_cost":"PERCENT_DAMAGE","seed_source_timestamp":1166831633737925,"circlet_count":0,"master_deck":["Defend_B","Defend_B","Defend_B","Defend_B","Zap","Dualcast","White Noise","Gash","Streamline","Flash of Steel","Reboot","Doom and Gloom","Rebound","BootSequence","Sweeping Beam","Meteor Strike+1","Coolheaded","Melter","Bite","Bite","Bite","Bite","Bite","Go for the Eyes+1"],"relics":["FrozenCore","Anchor","Meat on the Bone"],"potions_floor_usage":[25],"damage_taken":[{"damage":8,"enemies":"Jaw Worm","floor":1,"turns":3},{"damage":0,"enemies":"Small Slimes","floor":2,"turns":3},{"damage":1,"enemies":"2 Louse","floor":3,"turns":3},{"damage":16,"enemies":"Red Slaver","floor":5,"turns":3},{"damage":12,"enemies":"Blue Slaver","floor":10,"turns":3},{"damage":10,"enemies":"Looter","floor":13,"turns":3},{"damage":32,"enemies":"Lagavulin","floor":14,"turns":6},{"damage":66,"enemies":"The Guardian","floor":16,"turns":9},{"damage":16,"enemies":"2 Thieves","floor":18,"turns":4},{"damage":20,"enemies":"Spheric Guardian","floor":20,"turns":6},{"damage":5,"enemies":"Centurion and Healer","floor":22,"turns":7},{"damage":40,"enemies":"3 Cultists","floor":24,"turns":6},{"damage":38,"enemies":"Book of Stabbing","floor":25,"turns":5}],"seed_played":"1777561562580170594","potions_obtained":[{"floor":2,"key":"SkillPotion"},{"floor":3,"key":"AttackPotion"},{"floor":13,"key":"Ancient Potion"}],"is_trial":false,"path_per_floor":["M","M","M","$","M","R","$","?","T","M","$","R","M","E","R","B",null,"M","?","M","?","M","R","M"],"character_chosen":"DEFECT","items_purchased":["Flash of Steel","Doom and Gloom"],"campfire_rested":3,"item_purchase_floors":[4,7],"current_hp_per_floor":[57,57,56,56,40,66,66,66,66,61,61,87,77,45,71,17,89,73,73,53,53,56,56,34,0],"gold":184,"neow_bonus":"TWENTY_PERCENT_HP_BONUS","is_prod":false,"is_daily":false,"chose_seed":false,"campfire_upgraded":1,"win_rate":0,"timestamp":1535441708,"path_taken":["M","M","M","$","M","R","$","?","T","M","$","R","M","E","R","BOSS","M","?","M","?","M","R","M","E"],"build_version":"2018-08-23v2","purchased_purges":0,"victory":false,"max_hp_per_floor":[89,89,89,89,89,89,89,89,89,89,89,89,89,89,89,89,89,89,89,89,62,62,62,62,62],"card_choices":[{"not_picked":["Hologram","Scrape"],"picked":"White Noise","floor":1},{"not_picked":["Skim","Static Discharge"],"picked":"Gash","floor":2},{"not_picked":["Steam","Stack"],"picked":"Streamline","floor":3},{"not_picked":["Streamline","Sweeping Beam"],"picked":"Reboot","floor":5},{"not_picked":["Undo","Recycle"],"picked":"Rebound","floor":10},{"not_picked":["Turbo","Compile Driver"],"picked":"BootSequence","floor":13},{"not_picked":["Sunder","Undo"],"picked":"Sweeping Beam","floor":14},{"not_picked":["Biased Cognition","Electrodynamics"],"picked":"Meteor Strike","floor":16},{"not_picked":["Hello World","Sweeping Beam"],"picked":"Coolheaded","floor":18},{"not_picked":["Barrage","Hologram"],"picked":"Melter","floor":20},{"not_picked":["Compile Driver+1","Cold Snap+1"],"picked":"Go for the Eyes+1","floor":22},{"not_picked":["White Noise","Melter","Ball Lightning"],"picked":"SKIP","floor":24}],"player_experience":47342,"relics_obtained":[{"floor":9,"key":"Anchor"},{"floor":14,"key":"Meat on the Bone"}],"event_choices":[{"event_name":"World of Goop","player_choice":"Left","floor":8,"damage_taken":0},{"event_name":"N\u0027loth","player_choice":"Ignored","floor":19,"damage_taken":0},{"event_name":"Vampires","player_choice":"Became a vampire","floor":21,"damage_taken":0}],"is_beta":false,"boss_relics":[{"not_picked":["Sozu","Snecko Eye"],"picked":"FrozenCore"}],"items_purged_floors":[],"is_endless":false,"potions_floor_spawned":[2,3,13,18,24],"killed_by":"Book of Stabbing","ascension_level":0}