{"gold_per_floor":[20,38,57,57,73,86,120,120,120,149,149,149,169,185,185,308,308,324,176,194,207,3,3,3,3,83,96,119,119,44,83,83,83],"floor_reached":33,"playtime":3089,"items_purged":[],"score":349,"play_id":"18082aae-0fc2-4f14-bccc-925af7291d31","local_time":"20190322201410","is_ascension_mode":true,"campfire_choices":[{"data":"Well Laid Plans","floor":8,"key":"SMITH"},{"floor":12,"key":"REST"},{"data":"Neutralize","floor":15,"key":"SMITH"},{"data":"A Thousand Cuts","floor":23,"key":"SMITH"},{"data":"Survivor","floor":25,"key":"SMITH"},{"floor":32,"key":"REST"}],"neow_cost":"NO_GOLD","seed_source_timestamp":238214524980237,"circlet_count":0,"master_deck":["Survivor+1","Neutralize+1","Dagger Throw","Poisoned Stab","Footwork","Bane","A Thousand Cuts+1","Well Laid Plans+1","Slice","Leg Sweep+1","Malaise+1","Phantasmal Killer+1","Predator","Deadly Poison+1","Acrobatics+1","Heel Hook","Doppelganger+1","Corpse Explosion+1","Riddle With Holes","Noxious Fumes","Poisoned Stab+1","Tactician+1","Calculated Gamble+1","Deflect+1","PiercingWail+1"],"relics":["Ring of the Snake","Omamori","Toxic Egg 2","Ornamental Fan","Golden Idol","Pandora\u0027s Box","Centennial Puzzle","Membership Card","Matryoshka","Thread and Needle","Ancient Tea Set"],"potions_floor_usage":[10,10,16,21,21,27,31],"damage_taken":[{"damage":0,"enemies":"Small Slimes","floor":1,"turns":3},{"damage":0,"enemies":"Cultist","floor":2,"turns":3},{"damage":0,"enemies":"Jaw Worm","floor":3,"turns":3},{"damage":11,"enemies":"Large Slime","floor":5,"turns":7},{"damage":0,"enemies":"2 Fungi Beasts","floor":6,"turns":4},{"damage":25,"enemies":"Lagavulin","floor":7,"turns":7},{"damage":20,"enemies":"Gremlin Nob","floor":10,"turns":4},{"damage":4,"enemies":"Blue Slaver","floor":13,"turns":5},{"damage":2,"enemies":"Looter","floor":14,"turns":3},{"damage":13,"enemies":"The Guardian","floor":16,"turns":11},{"damage":8,"enemies":"Chosen","floor":18,"turns":4},{"damage":11,"enemies":"Spheric Guardian","floor":20,"turns":3},{"damage":4,"enemies":"Chosen and Byrds","floor":21,"turns":3},{"damage":11,"enemies":"Centurion and Healer","floor":27,"turns":6},{"damage":7,"enemies":"Snecko","floor":28,"turns":3},{"damage":22,"enemies":"Slavers","floor":31,"turns":4},{"damage":34,"enemies":"Collector","floor":33,"turns":7}],"seed_played":"-8264955664818836793","potions_obtained":[{"floor":3,"key":"EssenceOfSteel"},{"floor":4,"key":"Swift Potion"},{"floor":4,"key":"Weak Potion"},{"floor":4,"key":"AttackPotion"},{"floor":5,"key":"SkillPotion"},{"floor":10,"key":"Explosive Potion"},{"floor":14,"key":"PowerPotion"},{"floor":18,"key":"Explosive Potion"},{"floor":28,"key":"Dexterity Potion"}],"is_trial":false,"path_per_floor":["?","M","?","?","?","?"],"character_chosen":"THE_SILENT","items_purchased":["Centennial Puzzle","Membership Card"],"campfire_rested":2,"item_purchase_floors":[19,22],"current_hp_per_floor":[84,84,84,84,73,73,48,48,48,28,28,53,49,47,47,34,72,64,64,53,49,49,49,49,49,49,38,31,31,31,9,34,0],"gold":83,"neow_bonus":"TWENTY_PERCENT_HP_BONUS","is_prod":false,"is_daily":false,"chose_seed":false,"campfire_upgraded":4,"win_rate":0,"timestamp":1553307250,"path_taken":["M","M","M","?","?","M","E","R","T","E","?","R","M","M","R","BOSS","M","$","M","M","$","R","?","R","T","M","M","?","?","E","R","BOSS"],"build_version":"2019-01-23","purchased_purges":0,"victory":false,"max_hp_per_floor":[84,84,84,84,84,84,84,84,84,84,84,84,84,84,84,84,84,84,84,84,84,84,84,84,84,84,84,84,84,84,84,84,84],"card_choices":[{"not_picked":["Outmaneuver","Deflect"],"picked":"Dagger Throw","floor":1},{"not_picked":["Tactician","Flechettes"],"picked":"Poisoned Stab","floor":2},{"not_picked":["Acrobatics","Underhanded Strike"],"picked":"Footwork","floor":3},{"not_picked":["Dagger Throw","Riddle With Holes"],"picked":"Bane","floor":5},{"not_picked":["Dodge and Roll","Prepared"],"picked":"A Thousand Cuts","floor":6},{"not_picked":["Tools of the Trade","Tactician"],"picked":"Well Laid Plans","floor":7},{"not_picked":["Flechettes","Sucker Punch","Underhanded Strike"],"picked":"SKIP","floor":10},{"not_picked":["Sucker Punch","Setup+1"],"picked":"Slice","floor":13},{"not_picked":["Flechettes","Dodge and Roll+1"],"picked":"Leg Sweep+1","floor":14},{"not_picked":["Unload","Venomology+1"],"picked":"Malaise+1","floor":16},{"not_picked":["Flechettes","Flying Knee"],"picked":"Poisoned Stab+1","floor":18},{"not_picked":["Flying Knee","Outmaneuver+1","Slice"],"picked":"SKIP","floor":20},{"not_picked":["Masterful Stab","Flying Knee"],"picked":"Tactician+1","floor":21},{"not_picked":["Expertise+1","Die Die Die"],"picked":"Calculated Gamble+1","floor":27},{"not_picked":["Dagger Throw","Deadly Poison+1"],"picked":"Deflect+1","floor":28},{"not_picked":["Dagger Throw","Flying Knee"],"picked":"PiercingWail+1","floor":31}],"player_experience":346951,"relics_obtained":[{"floor":7,"key":"Omamori"},{"floor":9,"key":"Toxic Egg 2"},{"floor":10,"key":"Ornamental Fan"},{"floor":26,"key":"Matryoshka"},{"floor":31,"key":"Ancient Tea Set"}],"event_choices":[{"damage_healed":0,"gold_gain":0,"player_choice":"Got Potions","damage_taken":0,"max_hp_gain":0,"max_hp_loss":0,"event_name":"Lab","floor":4,"gold_loss":0},{"damage_healed":0,"gold_gain":0,"player_choice":"Take Wound","damage_taken":0,"relics_obtained":["Golden Idol"],"max_hp_gain":0,"max_hp_loss":0,"event_name":"Golden Idol","floor":11,"gold_loss":0,"cards_obtained":["Injury"]},{"damage_healed":0,"gold_gain":0,"player_choice":"Ignored","damage_taken":0,"max_hp_gain":0,"max_hp_loss":0,"event_name":"Vampires","floor":24,"gold_loss":0},{"damage_healed":0,"gold_gain":0,"player_choice":"Stole Relic","damage_taken":0,"relics_obtained":["Thread and Needle"],"max_hp_gain":0,"max_hp_loss":0,"event_name":"Addict","floor":29,"gold_loss":0,"cards_obtained":["Shame"]},{"cards_removed":["Dagger Spray"],"damage_healed":0,"gold_gain":0,"player_choice":"Gave Gold","damage_taken":0,"max_hp_gain":0,"max_hp_loss":0,"event_name":"Beggar","floor":30,"gold_loss":75}],"is_beta":false,"boss_relics":[{"not_picked":["Empty Cage","Runic Pyramid"],"picked":"Pandora\u0027s Box"}],"items_purged_floors":[],"is_endless":false,"potions_floor_spawned":[3,5,10,14,18,28],"killed_by":"Collector","ascension_level":5}