{"gold_per_floor":[109,21,36,52,66,101,101,128,128,160,180,180,158,168,168,242,242,257,257,268,20,34,34,68,68,117,129],"floor_reached":27,"playtime":1226,"items_purged":["Strike_R"],"score":472,"play_id":"55aeb6e7-541e-4bb1-aefa-0135e696b025","local_time":"20190425141514","is_ascension_mode":true,"campfire_choices":[{"floor":7,"key":"REST"},{"floor":12,"key":"REST"},{"floor":15,"key":"REST"},{"floor":23,"key":"REST"},{"floor":25,"key":"REST"}],"neow_cost":"TEN_PERCENT_HP_LOSS","seed_source_timestamp":27116952247158,"circlet_count":0,"master_deck":["AscendersBane","Strike_R","Strike_R","Defend_R","Defend_R","Defend_R","Defend_R","Bash","Clothesline","Bludgeon","Thunderclap","Metallicize","Disarm","Uppercut","Havoc","Disarm","Sentinel","Shrug It Off","Anger","Armaments","Carnage","Immolate","True Grit","Immolate","Feel No Pain","Headbutt"],"relics":["Burning Blood","Happy Flower","Kunai","Mango","StoneCalendar","Black Star","Membership Card","Shuriken","Gambling Chip","MawBank"],"potions_floor_usage":[6,10,11,22,22,27],"damage_taken":[{"damage":0,"enemies":"Cultist","floor":1,"turns":2},{"damage":10,"enemies":"2 Louse","floor":3,"turns":4},{"damage":0,"enemies":"Small Slimes","floor":4,"turns":2},{"damage":8,"enemies":"3 Louse","floor":5,"turns":5},{"damage":34,"enemies":"3 Sentries","floor":6,"turns":8},{"damage":32,"enemies":"Gremlin Nob","floor":8,"turns":5},{"damage":40,"enemies":"Lagavulin","floor":10,"turns":7},{"damage":10,"enemies":"2 Fungi Beasts","floor":11,"turns":5},{"damage":14,"enemies":"Exordium Thugs","floor":13,"turns":4},{"damage":7,"enemies":"Blue Slaver","floor":14,"turns":4},{"damage":10,"enemies":"Hexaghost","floor":16,"turns":11},{"damage":40,"enemies":"3 Byrds","floor":18,"turns":6},{"damage":5,"enemies":"Chosen","floor":20,"turns":6},{"damage":23,"enemies":"Centurion and Healer","floor":22,"turns":6},{"damage":39,"enemies":"Gremlin Leader","floor":24,"turns":7},{"damage":39,"enemies":"Slavers","floor":27,"turns":2}],"seed_played":"2883485063123829255","potions_obtained":[{"floor":1,"key":"Poison Potion"},{"floor":6,"key":"Swift Potion"},{"floor":8,"key":"FearPotion"},{"floor":16,"key":"SkillPotion"},{"floor":18,"key":"Block Potion"},{"floor":24,"key":"SteroidPotion"}],"is_trial":false,"path_per_floor":["M","$","M","M","M","E","R","E","T","E","M","R","M","M","R","B",null,"M","?","M","$","M","R","E","R","T","E"],"character_chosen":"IRONCLAD","items_purchased":["Metallicize","Membership Card"],"campfire_rested":5,"item_purchase_floors":[2,21],"current_hp_per_floor":[68,68,64,68,66,38,58,32,46,12,8,32,24,23,47,43,72,38,38,39,39,22,46,13,37,37,0],"gold":129,"neow_bonus":"TRANSFORM_TWO_CARDS","is_prod":false,"is_daily":false,"chose_seed":false,"campfire_upgraded":0,"win_rate":0,"timestamp":1556226914,"path_taken":["M","$","?","M","M","E","R","E","T","E","M","R","M","M","R","BOSS","M","?","M","$","?","R","E","R","T","E"],"build_version":"2019-01-23","purchased_purges":1,"victory":false,"max_hp_per_floor":[68,68,68,68,68,68,68,68,82,82,82,82,82,82,82,82,82,82,82,82,82,82,82,82,82,82,82],"card_choices":[{"not_picked":["Sever Soul","Clothesline"],"picked":"Thunderclap","floor":1},{"not_picked":["Body Slam","Sword Boomerang"],"picked":"Disarm","floor":3},{"not_picked":["Body Slam","Iron Wave"],"picked":"Uppercut","floor":4},{"not_picked":["Thunderclap","Perfected Strike"],"picked":"Havoc","floor":5},{"not_picked":["Berserk","Battle Trance"],"picked":"Disarm","floor":6},{"not_picked":["Flex","Pommel Strike"],"picked":"Sentinel","floor":8},{"not_picked":["Metallicize","Flex"],"picked":"Shrug It Off","floor":10},{"not_picked":["Clothesline","Entrench"],"picked":"Anger","floor":11},{"not_picked":["Anger","Warcry"],"picked":"Armaments","floor":13},{"not_picked":["Limit Break","Headbutt"],"picked":"Carnage","floor":14},{"not_picked":["Dark Embrace","Juggernaut"],"picked":"Immolate","floor":16},{"not_picked":["Sword Boomerang","Metallicize"],"picked":"True Grit","floor":18},{"not_picked":["Intimidate","Cleave"],"picked":"Feel No Pain","floor":20},{"not_picked":["Entrench","Infernal Blade","Combust+1"],"picked":"SKIP","floor":22},{"not_picked":["Sword Boomerang","Pommel Strike"],"picked":"Headbutt","floor":24}],"player_experience":484838,"relics_obtained":[{"floor":6,"key":"Happy Flower"},{"floor":8,"key":"Kunai"},{"floor":9,"key":"Mango"},{"floor":10,"key":"StoneCalendar"},{"floor":24,"key":"Shuriken"},{"floor":24,"key":"Gambling Chip"},{"floor":26,"key":"MawBank"}],"event_choices":[{"damage_healed":0,"gold_gain":0,"player_choice":"Copied","damage_taken":0,"max_hp_gain":0,"max_hp_loss":0,"event_name":"Duplicator","floor":19,"gold_loss":0,"cards_obtained":["Immolate"]}],"is_beta":false,"boss_relics":[{"not_picked":["Lizard Tail","Tiny House"],"picked":"Black Star"}],"items_purged_floors":[21],"is_endless":false,"potions_floor_spawned":[1,6,8,16,18,24],"killed_by":"Slavers","ascension_level":17}