{"gold_per_floor":[110,121,138,138,148,148,161,195,195,213,228,262,277,293,293,391,391,409,393,393,393,10,10,44,44,125,151,165,165,7,7,7,102,102,114,214,224,234,234,234,266,266,317,156,191,191,218,238,238,238],"floor_reached":50,"playtime":4066,"items_purged":["Strike_R","Strike_R"],"score":887,"play_id":"3e071867-60f9-4994-a8ee-7122ef772cbb","local_time":"20190410001407","is_ascension_mode":true,"campfire_choices":[{"data":"Armaments","floor":6,"key":"SMITH"},{"data":"Warcry","floor":15,"key":"SMITH"},{"floor":23,"key":"REST"},{"floor":25,"key":"REST"},{"floor":32,"key":"REST"},{"data":"Pommel Strike","floor":40,"key":"SMITH"},{"floor":42,"key":"REST"},{"data":"True Grit","floor":46,"key":"SMITH"},{"data":"Bash","floor":49,"key":"SMITH"}],"neow_cost":"NONE","seed_source_timestamp":280355900002831,"circlet_count":0,"master_deck":["Strike_R","Defend_R","Defend_R","Defend_R+1","Defend_R+1","Bash+1","Armaments+1","Rupture","Cleave","Wild Strike","Pummel","Whirlwind","Hemokinesis","Warcry","True Grit+1","Flame Barrier","Headbutt","Warcry+1","Offering","Wild Strike+1","J.A.X.","Shockwave","Shrug It Off","Twin Strike+1","Pommel Strike+1"],"relics":["Burning Blood","PreservedInsect","War Paint","Happy Flower","Busted Crown","Membership Card","Red Skull","Blood Vial","The Courier","Shuriken","Orichalcum","Nilry\u0027s Codex","Regal Pillow","Vajra","Empty Cage","Turnip","Meat on the Bone","Art of War","Pen Nib","Pantograph","Darkstone Periapt"],"potions_floor_usage":[8,8,12,20,33,33,35,45,50,50],"damage_taken":[{"damage":10,"enemies":"2 Louse","floor":1,"turns":3},{"damage":9,"enemies":"Small Slimes","floor":2,"turns":6},{"damage":9,"enemies":"Jaw Worm","floor":3,"turns":4},{"damage":5,"enemies":"2 Fungi Beasts","floor":5,"turns":3},{"damage":0,"enemies":"Exordium Wildlife","floor":7,"turns":3},{"damage":0,"enemies":"Gremlin Nob","floor":8,"turns":2},{"damage":7,"enemies":"3 Louse","floor":10,"turns":3},{"damage":1,"enemies":"2 Fungi Beasts","floor":11,"turns":2},{"damage":3,"enemies":"3 Sentries","floor":12,"turns":2},{"damage":3,"enemies":"Large Slime","floor":13,"turns":5},{"damage":7,"enemies":"Red Slaver","floor":14,"turns":3},{"damage":61,"enemies":"Hexaghost","floor":16,"turns":10},{"damage":23,"enemies":"Shell Parasite","floor":18,"turns":4},{"damage":28,"enemies":"2 Thieves","floor":19,"turns":4},{"damage":12,"enemies":"Colosseum Slavers","floor":20,"turns":4},{"damage":30,"enemies":"Book of Stabbing","floor":24,"turns":4},{"damage":12,"enemies":"Gremlin Leader","floor":27,"turns":5},{"damage":7,"enemies":"Cultist and Chosen","floor":28,"turns":4},{"damage":68,"enemies":"Champ","floor":33,"turns":9},{"damage":9,"enemies":"3 Darklings","floor":35,"turns":2},{"damage":12,"enemies":"Mind Bloom Boss Battle","floor":36,"turns":5},{"damage":9,"enemies":"Orb Walker","floor":37,"turns":3},{"damage":12,"enemies":"Sphere and 2 Shapes","floor":38,"turns":3},{"damage":53,"enemies":"Reptomancer","floor":41,"turns":4},{"damage":14,"enemies":"Giant Head","floor":45,"turns":4},{"damage":50,"enemies":"Nemesis","floor":47,"turns":5},{"damage":13,"enemies":"3 Darklings","floor":48,"turns":2},{"damage":71,"enemies":"Awakened One","floor":50,"turns":6}],"seed_played":"6325261365803843370","potions_obtained":[{"floor":1,"key":"SteroidPotion"},{"floor":3,"key":"Energy Potion"},{"floor":7,"key":"PowerPotion"},{"floor":10,"key":"SpeedPotion"},{"floor":12,"key":"SpeedPotion"},{"floor":18,"key":"EssenceOfSteel"},{"floor":33,"key":"FearPotion"},{"floor":45,"key":"Dexterity Potion"},{"floor":47,"key":"BloodPotion"}],"is_trial":false,"path_per_floor":["M","M","M","$","M","R","M","E","T","M","M","E","M","M","R","B",null,"M","M","?","?","$","R","E","R","T","E","M","?","$","?","R","B",null,"M","?","M","M","?","R","E","R","T","$","E","R","E","M","R","B"],"character_chosen":"IRONCLAD","items_purchased":["Membership Card","Red Skull","Blood Vial","Shockwave","Energy Potion","Regal Pillow","Vajra","Pen Nib","Ancient Potion","SpeedPotion"],"campfire_rested":4,"item_purchase_floors":[22,22,22,22,22,30,30,44,44,44],"current_hp_per_floor":[68,65,62,62,63,63,69,75,75,74,79,80,80,79,79,24,66,49,27,21,21,21,45,23,47,47,43,44,28,28,28,67,7,62,61,57,56,52,52,52,7,46,46,46,52,52,22,29,29,0],"gold":238,"neow_bonus":"THREE_CARDS","is_prod":false,"is_daily":false,"chose_seed":false,"campfire_upgraded":5,"win_rate":0,"timestamp":1554822847,"path_taken":["M","M","M","$","M","R","M","E","T","M","M","E","M","M","R","BOSS","M","M","?","?","$","R","E","R","T","E","M","?","$","?","R","BOSS","M","?","M","M","?","R","E","R","T","$","E","R","E","M","R","BOSS"],"build_version":"2019-01-23","purchased_purges":2,"victory":false,"max_hp_per_floor":[80,80,80,80,80,80,80,80,80,80,80,80,80,80,80,80,80,80,80,80,80,80,80,80,80,80,80,80,80,80,80,80,80,80,80,80,80,80,80,80,80,80,80,80,80,80,80,80,80,80],"card_choices":[{"not_picked":["Flex","Thunderclap"],"picked":"Armaments","floor":0},{"not_picked":["Power Through","Havoc"],"picked":"Rupture","floor":1},{"not_picked":["Armaments","Havoc"],"picked":"Cleave","floor":2},{"not_picked":["Rupture","Anger"],"picked":"Wild Strike","floor":3},{"not_picked":["Clothesline","Burning Pact"],"picked":"Pummel","floor":5},{"not_picked":["Havoc","Feel No Pain"],"picked":"Whirlwind","floor":7},{"not_picked":["Wild Strike","Second Wind"],"picked":"Hemokinesis","floor":8},{"not_picked":["Body Slam","Anger"],"picked":"Warcry","floor":10},{"not_picked":["Warcry","Immolate"],"picked":"True Grit","floor":11},{"not_picked":["Armaments","Clothesline"],"picked":"Flame Barrier","floor":12},{"not_picked":["Metallicize","Dropkick"],"picked":"Headbutt","floor":13},{"not_picked":["Reckless Charge","Wild Strike"],"picked":"Warcry","floor":14},{"not_picked":["Fiend Fire","Reaper"],"picked":"Offering","floor":16},{"not_picked":["Perfected Strike"],"picked":"SKIP","floor":18},{"not_picked":[],"picked":"Wild Strike+1","floor":19},{"not_picked":["Twin Strike"],"picked":"SKIP","floor":24},{"not_picked":["Sword Boomerang"],"picked":"SKIP","floor":27},{"not_picked":[],"picked":"Shrug It Off","floor":28},{"not_picked":[],"picked":"Twin Strike+1","floor":35},{"not_picked":[],"picked":"Pommel Strike","floor":37},{"not_picked":["Thunderclap"],"picked":"SKIP","floor":38},{"not_picked":["Wild Strike"],"picked":"SKIP","floor":41},{"not_picked":["Warcry"],"picked":"SKIP","floor":45},{"not_picked":["Fire Breathing"],"picked":"SKIP","floor":47},{"not_picked":["True Grit"],"picked":"SKIP","floor":48}],"player_experience":298798,"relics_obtained":[{"floor":8,"key":"PreservedInsect"},{"floor":9,"key":"War Paint"},{"floor":12,"key":"Happy Flower"},{"floor":24,"key":"The Courier"},{"floor":26,"key":"Shuriken"},{"floor":27,"key":"Orichalcum"},{"floor":29,"key":"Nilry\u0027s Codex"},{"floor":36,"key":"Turnip"},{"floor":41,"key":"Meat on the Bone"},{"floor":43,"key":"Art of War"},{"floor":45,"key":"Pantograph"},{"floor":47,"key":"Darkstone Periapt"}],"event_choices":[{"damage_healed":0,"gold_gain":0,"player_choice":"Fight","damage_taken":0,"max_hp_gain":0,"max_hp_loss":0,"event_name":"Colosseum","floor":20,"gold_loss":0},{"damage_healed":0,"gold_gain":0,"player_choice":"Fled From Nobs","damage_taken":0,"max_hp_gain":0,"max_hp_loss":0,"event_name":"Colosseum","floor":20,"gold_loss":0},{"damage_healed":0,"gold_gain":0,"player_choice":"Obtain J.A.X.","damage_taken":0,"max_hp_gain":0,"max_hp_loss":0,"event_name":"Drug Dealer","floor":21,"gold_loss":0,"cards_obtained":["J.A.X."]},{"damage_healed":0,"gold_gain":0,"player_choice":"Obtained Book","damage_taken":16,"max_hp_gain":0,"max_hp_loss":0,"event_name":"Cursed Tome","floor":29,"gold_loss":0},{"damage_healed":0,"gold_gain":0,"player_choice":"Ignored","damage_taken":0,"max_hp_gain":0,"max_hp_loss":0,"event_name":"Ghosts","floor":31,"gold_loss":0},{"damage_healed":0,"gold_gain":0,"player_choice":"Fight","damage_taken":0,"max_hp_gain":0,"max_hp_loss":0,"event_name":"MindBloom","floor":36,"gold_loss":0},{"damage_healed":0,"gold_gain":0,"player_choice":"Ignored","damage_taken":0,"max_hp_gain":0,"max_hp_loss":0,"event_name":"Tomb of Lord Red Mask","floor":39,"gold_loss":0}],"is_beta":false,"boss_relics":[{"not_picked":["Pandora\u0027s Box","Runic Dome"],"picked":"Busted Crown"},{"not_picked":["Calling Bell","Fusion Hammer"],"picked":"Empty Cage"}],"items_purged_floors":[30,44],"is_endless":false,"potions_floor_spawned":[1,3,7,10,12,18,20,33,45,47,48],"killed_by":"Awakened One","ascension_level":7}