{"gold_per_floor":[111,131,131,306,320,320,245,272,354,354,59,59,86,86,86,206,206,226,250,271,370,31,72,72,115,115,30,30,65,190,204,204,330,330,344,362,375,304,304,338,338,374,374,389,412,412,412,431,431,431,431,431,30,63,63],"floor_reached":55,"playtime":3155,"items_purged":["Doubt"],"score":1143,"play_id":"0631e8b2-9a29-4208-9aa0-d2f27dbb113b","local_time":"20190331202515","is_ascension_mode":true,"campfire_choices":[{"data":"Poisoned Stab","floor":6,"key":"SMITH"},{"data":"Noxious Fumes","floor":10,"key":"SMITH"},{"data":"Bouncing Flask","floor":12,"key":"SMITH"},{"data":"Neutralize","floor":15,"key":"SMITH"},{"data":"Noxious Fumes","floor":24,"key":"SMITH"},{"floor":28,"key":"REST"},{"floor":32,"key":"REST"},{"data":"Parasite","floor":41,"key":"PURGE"},{"floor":47,"key":"REST"},{"floor":49,"key":"RECALL"},{"floor":52,"key":"DIG"}],"neow_cost":"NONE","seed_source_timestamp":86241053305241,"circlet_count":0,"master_deck":["Defend_G","Defend_G","Defend_G+1","Defend_G+1","Defend_G","Strike_G+1","Strike_G","Survivor+1","Neutralize+1","Dagger Spray","Poisoned Stab+1","Noxious Fumes+1","PiercingWail","Bouncing Flask+1","Well Laid Plans","Corpse Explosion","Noxious Fumes+1","Corpse Explosion+1","Concentrate+1","Deadly Poison+1","Dodge and Roll+1","Bullet Time+1","Backflip+1","Catalyst+1","Footwork","Night Terror+1","Doubt","Deflect+1","Parasite","Dodge and Roll+1"],"relics":["Ring of the Snake","Snake Skull","Pear","TwistedFunnel","FossilizedHelix","Golden Idol","Empty Cage","Toxic Egg 2","Vajra","War Paint","Bird Faced Urn","Shuriken","Blue Candle","Peace Pipe","Meat on the Bone","Cursed Key","Bottled Flame","Lantern","Shovel","Kunai","Art of War","Lee\u0027s Waffle","Mango"],"potions_floor_usage":[8,23,29,33,33,42,50,55],"damage_taken":[{"damage":0,"enemies":"Small Slimes","floor":1,"turns":3},{"damage":1,"enemies":"2 Louse","floor":2,"turns":3},{"damage":0,"enemies":"Jaw Worm","floor":5,"turns":3},{"damage":17,"enemies":"Lagavulin","floor":8,"turns":6},{"damage":3,"enemies":"Gremlin Nob","floor":13,"turns":3},{"damage":0,"enemies":"Slime Boss","floor":16,"turns":6},{"damage":0,"enemies":"Chosen","floor":18,"turns":3},{"damage":0,"enemies":"2 Thieves","floor":19,"turns":2},{"damage":0,"enemies":"3 Cultists","floor":20,"turns":2},{"damage":0,"enemies":"Gremlin Leader","floor":23,"turns":6},{"damage":30,"enemies":"Book of Stabbing","floor":25,"turns":5},{"damage":21,"enemies":"Slavers","floor":29,"turns":2},{"damage":0,"enemies":"Colosseum Slavers","floor":30,"turns":2},{"damage":23,"enemies":"Colosseum Nobs","floor":30,"turns":4},{"damage":0,"enemies":"Centurion and Healer","floor":31,"turns":4},{"damage":29,"enemies":"Automaton","floor":33,"turns":8},{"damage":0,"enemies":"3 Shapes","floor":35,"turns":2},{"damage":0,"enemies":"3 Darklings","floor":36,"turns":2},{"damage":4,"enemies":"Writhing Mass","floor":37,"turns":4},{"damage":47,"enemies":"Nemesis","floor":40,"turns":5},{"damage":37,"enemies":"Reptomancer","floor":42,"turns":4},{"damage":0,"enemies":"Spire Growth","floor":44,"turns":2},{"damage":0,"enemies":"Jaw Worm Horde","floor":45,"turns":2},{"damage":22,"enemies":"Sphere and 2 Shapes","floor":48,"turns":5},{"damage":56,"enemies":"Time Eater","floor":50,"turns":5},{"damage":28,"enemies":"Shield and Spear","floor":54,"turns":3},{"damage":78,"enemies":"The Heart","floor":55,"turns":5}],"seed_played":"6797758220501458192","potions_obtained":[{"floor":0,"key":"Poison Potion"},{"floor":0,"key":"Swift Potion"},{"floor":0,"key":"Dexterity Potion"},{"floor":13,"key":"Weak Potion"},{"floor":16,"key":"Fire Potion"},{"floor":23,"key":"SpeedPotion"},{"floor":30,"key":"FearPotion"},{"floor":36,"key":"Explosive Potion"},{"floor":40,"key":"Poison Potion"},{"floor":44,"key":"Poison Potion"}],"is_trial":false,"path_per_floor":["M","M","?","?","M","R","$","E","T","R","$","R","E","?","R","B",null,"M","M","M","?","$","E","R","E","T","?","R","E","?","M","R","B",null,"M","M","M","$","?","E","R","E","T","M","M","T","R","M","R","B",null,"R","$","E","B"],"character_chosen":"THE_SILENT","items_purchased":["TwistedFunnel","PiercingWail","Bouncing Flask","Toxic Egg 2","Noxious Fumes","Footwork","Art of War","Dodge and Roll+1","Lee\u0027s Waffle"],"campfire_rested":3,"item_purchase_floors":[11,11,11,22,22,38,53,53,53],"current_hp_per_floor":[63,62,48,48,48,48,48,31,41,41,41,41,38,18,18,18,65,65,65,65,65,65,65,65,35,35,35,59,44,29,47,71,48,72,72,72,74,74,74,47,47,28,28,44,46,46,69,53,53,15,62,62,84,72,0],"gold":63,"neow_bonus":"THREE_SMALL_POTIONS","is_prod":false,"is_daily":false,"chose_seed":false,"campfire_upgraded":5,"win_rate":0,"timestamp":1554089115,"path_taken":["M","M","?","?","M","R","$","E","T","R","$","R","E","?","R","BOSS","M","M","M","?","$","E","R","E","T","?","R","E","?","M","R","BOSS","M","M","M","$","?","E","R","E","T","M","M","?","R","M","R","BOSS","R","$","E","BOSS"],"build_version":"2019-01-23","purchased_purges":1,"victory":false,"max_hp_per_floor":[70,70,70,70,70,70,70,70,80,80,80,80,80,80,80,80,80,80,80,80,80,80,80,80,80,80,80,80,80,80,80,80,80,80,80,80,80,80,80,80,77,77,77,77,77,77,77,77,77,77,77,77,84,98,98],"card_choices":[{"not_picked":["Dagger Throw","Deadly Poison"],"picked":"Dagger Spray","floor":1},{"not_picked":["Prepared","Flechettes"],"picked":"Poisoned Stab","floor":2},{"not_picked":["Deflect","Grand Finale","Dodge and Roll"],"picked":"SKIP","floor":5},{"not_picked":["Deadly Poison","All Out Attack"],"picked":"Noxious Fumes","floor":8},{"not_picked":["Deflect","Underhanded Strike"],"picked":"Well Laid Plans","floor":13},{"not_picked":["Doppelganger","Adrenaline"],"picked":"Corpse Explosion","floor":16},{"not_picked":["Masterful Stab","Reflex","Quick Slash"],"picked":"SKIP","floor":18},{"not_picked":["Heel Hook+1","Accuracy","Acrobatics"],"picked":"SKIP","floor":19},{"not_picked":["Endless Agony+1","Acrobatics","Terror"],"picked":"SKIP","floor":20},{"not_picked":["Concentrate+1","PiercingWail+1"],"picked":"Corpse Explosion+1","floor":23},{"not_picked":["Die Die Die","Endless Agony","Setup+1"],"picked":"SKIP","floor":25},{"not_picked":["Underhanded Strike","Poisoned Stab"],"picked":"Concentrate+1","floor":29},{"not_picked":["Dagger Spray+1","Dagger Throw"],"picked":"Deadly Poison+1","floor":30},{"not_picked":["Outmaneuver+1","Deflect+1"],"picked":"Dodge and Roll+1","floor":31},{"not_picked":["Adrenaline+1","Glass Knife"],"picked":"Bullet Time+1","floor":33},{"not_picked":["Masterful Stab","Infinite Blades+1","Distraction+1"],"picked":"SKIP","floor":35},{"not_picked":["Flying Knee","Predator"],"picked":"Backflip+1","floor":36},{"not_picked":["Predator","Eviscerate+1"],"picked":"Catalyst+1","floor":37},{"not_picked":["Deadly Poison+1","Quick Slash","Heel Hook+1"],"picked":"SKIP","floor":40},{"not_picked":["Slice","Prepared+1"],"picked":"Night Terror+1","floor":42},{"not_picked":["Flying Knee","Distraction+1"],"picked":"Deflect+1","floor":44},{"not_picked":["Poisoned Stab","Slice+1","Infinite Blades+1"],"picked":"SKIP","floor":45},{"not_picked":["Quick Slash","Backstab","Bane"],"picked":"SKIP","floor":48},{"not_picked":["Flechettes+1","Prepared+1","Finisher+1"],"picked":"SKIP","floor":54}],"player_experience":112071,"relics_obtained":[{"floor":8,"key":"Snake Skull"},{"floor":9,"key":"Pear"},{"floor":13,"key":"FossilizedHelix"},{"floor":23,"key":"Vajra"},{"floor":25,"key":"War Paint"},{"floor":26,"key":"Bird Faced Urn"},{"floor":29,"key":"Blue Candle"},{"floor":30,"key":"Peace Pipe"},{"floor":30,"key":"Meat on the Bone"},{"floor":40,"key":"Bottled Flame"},{"floor":42,"key":"Lantern"},{"floor":46,"key":"Shovel"},{"floor":52,"key":"Kunai"},{"floor":54,"key":"Mango"}],"event_choices":[{"damage_healed":0,"gold_gain":0,"player_choice":"Entered Light","damage_taken":14,"max_hp_gain":0,"max_hp_loss":0,"event_name":"Shining Light","floor":3,"gold_loss":0,"cards_upgraded":["Defend_G","Strike_G"]},{"damage_healed":0,"gold_gain":175,"player_choice":"AGREE","damage_taken":0,"max_hp_gain":0,"max_hp_loss":0,"event_name":"Liars Game","floor":4,"gold_loss":0,"cards_obtained":["Doubt"]},{"damage_healed":0,"gold_gain":0,"player_choice":"Take Damage","damage_taken":20,"relics_obtained":["Golden Idol"],"max_hp_gain":0,"max_hp_loss":0,"event_name":"Golden Idol","floor":14,"gold_loss":0},{"damage_healed":0,"gold_gain":99,"player_choice":"Stole From Cult","damage_taken":0,"max_hp_gain":0,"max_hp_loss":0,"event_name":"Nest","floor":21,"gold_loss":0},{"damage_healed":0,"gold_gain":0,"player_choice":"Obtained Relic","damage_taken":0,"relics_obtained":["Shuriken"],"max_hp_gain":0,"max_hp_loss":0,"event_name":"Addict","floor":27,"gold_loss":85},{"damage_healed":0,"gold_gain":0,"player_choice":"Fight","damage_taken":0,"max_hp_gain":0,"max_hp_loss":0,"event_name":"Colosseum","floor":30,"gold_loss":0},{"damage_healed":0,"gold_gain":0,"player_choice":"Fought Nobs","damage_taken":0,"max_hp_gain":0,"max_hp_loss":0,"event_name":"Colosseum","floor":30,"gold_loss":0},{"cards_removed":["Strike_G"],"damage_healed":0,"gold_gain":0,"player_choice":"Removed Attack","damage_taken":0,"max_hp_gain":0,"max_hp_loss":0,"event_name":"Falling","floor":39,"gold_loss":0}],"is_beta":false,"boss_relics":[{"not_picked":["Orrery","Calling Bell"],"picked":"Empty Cage"},{"not_picked":["Pandora\u0027s Box","Philosopher\u0027s Stone"],"picked":"Cursed Key"}],"items_purged_floors":[7],"is_endless":false,"potions_floor_spawned":[5,13,16,23,30,31,36,40,44],"killed_by":"The Heart","ascension_level":6}