{"gold_per_floor":[119,16,16,35,53,83,83,112,136,104,119,119,119,119],"floor_reached":14,"playtime":307,"items_purged":[],"score":108,"play_id":"447fc3f4-ad09-4cbe-9efb-94c74784b6a1","local_time":"20190324204216","is_ascension_mode":true,"campfire_choices":[{"floor":7,"key":"REST"}],"neow_cost":"NONE","seed_source_timestamp":512545047979916,"circlet_count":0,"master_deck":["Strike_B","Strike_B","Strike_B","Strike_B","Defend_B","Defend_B","Defend_B","Defend_B","Zap","Dualcast","Conserve Battery","Defragment","Conserve Battery","Rebound","Undo","Sweeping Beam","Capacitor","Hologram"],"relics":["Cracked Core","NeowsBlessing","Juzu Bracelet","DataDisk"],"potions_floor_usage":[6,14],"damage_taken":[{"damage":0,"enemies":"Cultist","floor":1,"turns":1},{"damage":0,"enemies":"2 Louse","floor":4,"turns":1},{"damage":0,"enemies":"Small Slimes","floor":5,"turns":1},{"damage":47,"enemies":"Lagavulin","floor":6,"turns":10},{"damage":18,"enemies":"Gremlin Nob","floor":8,"turns":5},{"damage":14,"enemies":"Blue Slaver","floor":11,"turns":4},{"damage":18,"enemies":"Exordium Wildlife","floor":14,"turns":4}],"seed_played":"-3533894872405332143","potions_obtained":[{"floor":5,"key":"Strength Potion"},{"floor":8,"key":"SneckoOil"},{"floor":11,"key":"Weak Potion"}],"is_trial":false,"path_per_floor":["M","$","$","M","M","E","R","E","T","?","M","?","?","M"],"character_chosen":"DEFECT","items_purchased":["Defragment","Conserve Battery"],"campfire_rested":1,"item_purchase_floors":[2,2],"current_hp_per_floor":[75,75,75,75,75,28,50,32,32,32,18,18,18,0],"gold":119,"neow_bonus":"THREE_ENEMY_KILL","is_prod":false,"is_daily":false,"chose_seed":false,"campfire_upgraded":0,"win_rate":0,"timestamp":1553485336,"path_taken":["M","?","$","M","M","E","R","E","T","?","M","?","?","M"],"build_version":"2019-01-23","purchased_purges":0,"victory":false,"max_hp_per_floor":[75,75,75,75,75,75,75,75,75,75,75,75,75,75],"card_choices":[{"not_picked":["Barrage","Stack"],"picked":"Conserve Battery","floor":1},{"not_picked":["Steam Power","Coolheaded"],"picked":"Rebound","floor":4},{"not_picked":["White Noise","Turbo"],"picked":"Undo","floor":5},{"not_picked":["Reinforced Body","Compile Driver"],"picked":"Sweeping Beam","floor":6},{"not_picked":["Sweeping Beam","Gash"],"picked":"Capacitor","floor":8},{"not_picked":["Go for the Eyes","Gash"],"picked":"Hologram","floor":11}],"player_experience":367156,"relics_obtained":[{"floor":6,"key":"Juzu Bracelet"},{"floor":8,"key":"DataDisk"}],"event_choices":[{"damage_healed":0,"gold_gain":0,"player_choice":"Left Gold","damage_taken":0,"max_hp_gain":0,"max_hp_loss":0,"event_name":"World of Goop","floor":10,"gold_loss":32},{"damage_healed":0,"gold_gain":0,"player_choice":"Ignored","damage_taken":0,"max_hp_gain":0,"max_hp_loss":0,"event_name":"Shining Light","floor":12,"gold_loss":0},{"damage_healed":0,"gold_gain":0,"player_choice":"Ignored","damage_taken":0,"max_hp_gain":0,"max_hp_loss":0,"event_name":"Golden Idol","floor":13,"gold_loss":0}],"is_beta":false,"boss_relics":[],"items_purged_floors":[],"is_endless":false,"potions_floor_spawned":[5,8,11],"killed_by":"Exordium Wildlife","ascension_level":2}