{"gold_per_floor":[113,131,96,96,21,57,57,57,57,57,75,75,110,130,130,259,259,184,198,198,198,22,22,22],"floor_reached":24,"playtime":1410,"items_purged":["Defend_G","Strike_G"],"score":270,"play_id":"2fb7875b-7711-4451-89e5-595d55da285b","local_time":"20181207223015","is_ascension_mode":true,"campfire_choices":[{"data":"Leg Sweep","floor":7,"key":"SMITH"},{"data":"Neutralize","floor":10,"key":"SMITH"},{"floor":12,"key":"REST"},{"floor":15,"key":"REST"},{"floor":23,"key":"REST"}],"neow_cost":"NONE","seed_source_timestamp":338996819293850,"circlet_count":0,"master_deck":["Defend_G","Defend_G","Defend_G","Defend_G","Strike_G","Strike_G","Strike_G","Strike_G","Survivor+1","Neutralize+1","Leg Sweep+1","Burst","Footwork+1","Infinite Blades"],"relics":["Ring of the Snake","NeowsBlessing","Golden Idol","Singing Bowl","Bottled Lightning","Bag of Preparation","WristBlade"],"potions_floor_usage":[13,13,16],"damage_taken":[{"damage":0,"enemies":"2 Louse","floor":1,"turns":1},{"damage":0,"enemies":"Cultist","floor":2,"turns":1},{"damage":0,"enemies":"Lagavulin","floor":6,"turns":1},{"damage":0,"enemies":"Jaw Worm","floor":11,"turns":4},{"damage":34,"enemies":"Gremlin Nob","floor":13,"turns":7},{"damage":0,"enemies":"3 Louse","floor":14,"turns":5},{"damage":36,"enemies":"The Guardian","floor":16,"turns":27},{"damage":9,"enemies":"2 Thieves","floor":18,"turns":5},{"damage":51,"enemies":"Shell Parasite","floor":19,"turns":18},{"damage":45,"enemies":"Book of Stabbing","floor":24,"turns":11}],"seed_played":"-1941495639264336736","potions_obtained":[{"floor":1,"key":"SpeedPotion"},{"floor":11,"key":"Swift Potion"},{"floor":13,"key":"EssenceOfSteel"},{"floor":19,"key":"Weak Potion"}],"is_trial":false,"path_per_floor":["M","M","$","?","$","E","R","?","T","R","M","R","E","M","R","B",null,"M","M","$","?","$","R","E"],"character_chosen":"THE_SILENT","items_purchased":["Leg Sweep","Infinite Blades"],"campfire_rested":3,"item_purchase_floors":[3,22],"current_hp_per_floor":[70,70,70,53,53,55,55,55,55,55,57,74,42,44,67,31,78,71,20,20,20,20,44,0],"gold":22,"neow_bonus":"THREE_ENEMY_KILL","is_prod":false,"is_daily":false,"chose_seed":false,"campfire_upgraded":2,"win_rate":0,"timestamp":1544218215,"path_taken":["M","M","$","?","$","E","R","?","T","R","M","R","E","M","R","BOSS","M","M","$","?","$","R","E"],"build_version":"2018-12-06","purchased_purges":2,"victory":false,"max_hp_per_floor":[70,70,70,70,70,72,72,72,72,72,74,74,76,78,78,78,78,80,80,80,80,80,80,80],"card_choices":[{"not_picked":["Setup","Caltrops","Dodge and Roll"],"picked":"SKIP","floor":1},{"not_picked":["Flying Knee","Well Laid Plans","Expertise"],"picked":"SKIP","floor":2},{"not_picked":["Distraction","Tactician","Bouncing Flask"],"picked":"Singing Bowl","floor":6},{"not_picked":["Skewer","Slice","Blade Dance"],"picked":"Singing Bowl","floor":11},{"not_picked":["Slice","Escape Plan","Flying Knee"],"picked":"Singing Bowl","floor":13},{"not_picked":["Tactician","Choke","Distraction"],"picked":"Singing Bowl","floor":14},{"not_picked":["Tools of the Trade","Malaise"],"picked":"Burst","floor":16},{"not_picked":["Bane","Blur","Acrobatics+1"],"picked":"Singing Bowl","floor":18},{"not_picked":["Underhanded Strike","Riddle With Holes"],"picked":"Footwork+1","floor":19}],"player_experience":381557,"relics_obtained":[{"floor":6,"key":"Singing Bowl"},{"floor":9,"key":"Bottled Lightning"},{"floor":13,"key":"Bag of Preparation"}],"event_choices":[{"damage_healed":0,"gold_gain":0,"player_choice":"Take Damage","damage_taken":17,"relics_obtained":["Golden Idol"],"max_hp_gain":0,"max_hp_loss":0,"event_name":"Golden Idol","floor":4,"gold_loss":0},{"damage_healed":0,"gold_gain":0,"player_choice":"Forge","damage_taken":0,"max_hp_gain":0,"max_hp_loss":0,"event_name":"Accursed Blacksmith","floor":8,"gold_loss":0,"cards_upgraded":["Survivor"]},{"damage_healed":0,"gold_gain":0,"player_choice":"Ignored","damage_taken":0,"max_hp_gain":0,"max_hp_loss":0,"event_name":"Beggar","floor":21,"gold_loss":0}],"is_beta":false,"boss_relics":[{"not_picked":["Sozu","Busted Crown"],"picked":"WristBlade"}],"items_purged_floors":[5,22],"is_endless":false,"potions_floor_spawned":[1,11,13,19],"killed_by":"Book of Stabbing","ascension_level":4}