{"gold_per_floor":[117,7,21,21,21,21,0,29,56,89,89,115,115,265,265,336,336,347,347,347],"floor_reached":20,"playtime":870,"items_purged":[],"score":344,"play_id":"2e99d1af-4a12-42d8-9777-a1b78e3f8cb4","local_time":"20190502094445","is_ascension_mode":true,"campfire_choices":[{"data":"Bash","floor":6,"key":"SMITH"},{"data":"Hemokinesis","floor":13,"key":"SMITH"},{"floor":15,"key":"REST"}],"neow_cost":"NONE","seed_source_timestamp":69632772906510,"circlet_count":0,"master_deck":["AscendersBane","Strike_R","Strike_R","Strike_R+1","Strike_R","Strike_R+1","Defend_R","Defend_R","Defend_R","Defend_R","Bash+1","Feel No Pain","Shrug It Off","Hemokinesis+1","Thunderclap","Headbutt","True Grit","Doubt","Immolate"],"relics":["Burning Blood","Juzu Bracelet","The Courier","PreservedInsect","Orichalcum","Whetstone","Pen Nib","Runic Pyramid","Enchiridion"],"potions_floor_usage":[10,16,16,20],"damage_taken":[{"damage":7,"enemies":"Cultist","floor":1,"turns":4},{"damage":13,"enemies":"Jaw Worm","floor":3,"turns":5},{"damage":33,"enemies":"Lagavulin","floor":8,"turns":6},{"damage":12,"enemies":"3 Sentries","floor":10,"turns":7},{"damage":13,"enemies":"Gremlin Nob","floor":12,"turns":3},{"damage":25,"enemies":"Hexaghost","floor":16,"turns":8},{"damage":20,"enemies":"Chosen","floor":18,"turns":4},{"damage":28,"enemies":"3 Byrds","floor":20,"turns":3}],"seed_played":"-6179742501453489215","potions_obtained":[{"floor":3,"key":"Regen Potion"},{"floor":8,"key":"Fire Potion"},{"floor":12,"key":"AttackPotion"},{"floor":18,"key":"Strength Potion"}],"is_trial":false,"path_per_floor":["M","$","M","$","?","R","?","E","T","E","?","E","R","?","R","B",null,"M","?","M"],"character_chosen":"IRONCLAD","items_purchased":["Shrug It Off","AttackPotion"],"campfire_rested":1,"item_purchase_floors":[2,2],"current_hp_per_floor":[67,67,60,60,60,60,60,33,33,27,27,20,20,20,42,23,62,48,27,0],"gold":347,"neow_bonus":"RANDOM_COMMON_RELIC","is_prod":false,"is_daily":false,"chose_seed":false,"campfire_upgraded":2,"win_rate":0,"timestamp":1556815485,"path_taken":["M","$","M","?","?","R","?","E","T","E","?","E","R","?","R","BOSS","M","?","M"],"build_version":"2019-01-23","purchased_purges":0,"victory":false,"max_hp_per_floor":[75,75,75,75,75,75,75,75,75,75,75,75,75,75,75,75,75,75,75,75],"card_choices":[{"not_picked":["True Grit","Uppercut"],"picked":"Feel No Pain","floor":1},{"not_picked":["Sentinel","Flex"],"picked":"Hemokinesis","floor":3},{"not_picked":["Seeing Red","Perfected Strike"],"picked":"Thunderclap","floor":8},{"not_picked":["Combust","Bludgeon"],"picked":"Headbutt","floor":10},{"not_picked":["Whirlwind","Havoc"],"picked":"True Grit","floor":12},{"not_picked":["Bludgeon","Juggernaut"],"picked":"Immolate","floor":16},{"not_picked":["Perfected Strike","Body Slam","Sword Boomerang"],"picked":"SKIP","floor":18}],"player_experience":531045,"relics_obtained":[{"floor":8,"key":"PreservedInsect"},{"floor":9,"key":"Orichalcum"},{"floor":10,"key":"Whetstone"},{"floor":12,"key":"Pen Nib"},{"floor":19,"key":"Enchiridion"}],"event_choices":[{"damage_healed":0,"gold_gain":0,"player_choice":"Gave Potion","damage_taken":0,"relics_obtained":["The Courier"],"max_hp_gain":0,"max_hp_loss":0,"event_name":"WeMeetAgain","floor":5,"gold_loss":0},{"damage_healed":0,"gold_gain":0,"player_choice":"Left Gold","damage_taken":0,"max_hp_gain":0,"max_hp_loss":0,"event_name":"World of Goop","floor":7,"gold_loss":21},{"damage_healed":0,"gold_gain":0,"player_choice":"Fled","damage_taken":0,"max_hp_gain":0,"max_hp_loss":0,"event_name":"Scrap Ooze","floor":11,"gold_loss":0},{"damage_healed":0,"gold_gain":150,"player_choice":"AGREE","damage_taken":0,"max_hp_gain":0,"max_hp_loss":0,"event_name":"Liars Game","floor":14,"gold_loss":0,"cards_obtained":["Doubt"]},{"damage_healed":0,"gold_gain":0,"player_choice":"Obtained Book","damage_taken":21,"max_hp_gain":0,"max_hp_loss":0,"event_name":"Cursed Tome","floor":19,"gold_loss":0}],"is_beta":false,"boss_relics":[{"not_picked":["Empty Cage","Philosopher\u0027s Stone"],"picked":"Runic Pyramid"}],"items_purged_floors":[],"is_endless":false,"potions_floor_spawned":[3,8,12,18],"killed_by":"3 Byrds","ascension_level":17}