{"gold_per_floor":[112,62,78,88,88,122,122,142,142,142,174,174,191,202,202,300,300,311,311,61,61,61,61,75,75,75,106,121,41,58,70,70,70],"floor_reached":33,"playtime":1189,"items_purged":["Strike_R","Strike_R"],"score":277,"play_id":"d8dcb54c-476d-4b2b-a44d-40c7367e8ead","local_time":"20181207144431","is_ascension_mode":false,"campfire_choices":[{"data":"Dual Wield","floor":10,"key":"SMITH"},{"data":"Clash","floor":12,"key":"SMITH"},{"data":"Dual Wield","floor":15,"key":"SMITH"},{"data":"Defend_R","floor":23,"key":"SMITH"},{"data":"Defend_R","floor":25,"key":"SMITH"},{"floor":32,"key":"REST"}],"neow_cost":"NONE","seed_source_timestamp":1303868170143537,"circlet_count":0,"master_deck":["Strike_R","Defend_R+1","Defend_R","Defend_R+1","Bash+1","Clash+1","Dual Wield+1","Sever Soul","Dual Wield+1","Necronomicurse","Warcry+1"],"relics":["Burning Blood","Bag of Preparation","Bronze Scales","The Courier","Sozu","Necronomicon","Matryoshka","Mummified Hand","Dream Catcher","Potion Belt","Vajra","PreservedInsect"],"potions_floor_usage":[8,11,16,31,33],"damage_taken":[{"damage":1,"enemies":"Jaw Worm","floor":1,"turns":4},{"damage":2,"enemies":"Small Slimes","floor":3,"turns":3},{"damage":0,"enemies":"Cultist","floor":4,"turns":2},{"damage":50,"enemies":"3 Sentries","floor":6,"turns":12},{"damage":1,"enemies":"3 Louse","floor":8,"turns":5},{"damage":13,"enemies":"Lagavulin","floor":11,"turns":3},{"damage":7,"enemies":"Blue Slaver","floor":13,"turns":2},{"damage":5,"enemies":"Exordium Thugs","floor":14,"turns":3},{"damage":20,"enemies":"Hexaghost","floor":16,"turns":4},{"damage":5,"enemies":"2 Thieves","floor":18,"turns":3},{"damage":2,"enemies":"Chosen","floor":24,"turns":3},{"damage":37,"enemies":"Book of Stabbing","floor":27,"turns":5},{"damage":0,"enemies":"Snake Plant","floor":28,"turns":2},{"damage":36,"enemies":"3 Cultists","floor":30,"turns":5},{"damage":0,"enemies":"Snecko","floor":31,"turns":2},{"damage":58,"enemies":"Automaton","floor":33,"turns":6}],"seed_played":"6107074837222411021","potions_obtained":[{"floor":1,"key":"Regen Potion"},{"floor":8,"key":"SkillPotion"},{"floor":11,"key":"Dexterity Potion"},{"floor":13,"key":"Strength Potion"},{"floor":14,"key":"Fire Potion"}],"is_trial":false,"path_per_floor":["M","?","M","M","?","E","?","M","T","R","E","R","M","M","R","B",null,"M","?","$","?","T","R","M","R","T","E","M","$","M","M","R","B"],"character_chosen":"IRONCLAD","items_purchased":["Matryoshka"],"campfire_rested":1,"item_purchase_floors":[20],"current_hp_per_floor":[80,80,80,80,73,29,29,46,46,46,39,39,38,39,39,25,80,80,64,64,64,64,64,68,68,68,37,43,43,13,19,43,0],"gold":70,"neow_bonus":"UPGRADE_CARD","is_prod":false,"is_daily":false,"chose_seed":false,"campfire_upgraded":5,"win_rate":0,"timestamp":1544222671,"path_taken":["M","?","M","M","?","E","?","M","T","R","E","R","M","M","R","BOSS","M","?","$","?","?","R","M","R","T","E","M","?","M","M","R","BOSS"],"build_version":"2018-12-06","purchased_purges":2,"victory":false,"max_hp_per_floor":[80,80,80,80,80,80,80,80,80,80,80,80,80,80,80,80,80,80,80,80,80,80,80,80,80,80,80,80,80,80,80,80,80],"card_choices":[{"not_picked":["Corruption","Warcry"],"picked":"Clash","floor":1},{"not_picked":["Flame Barrier","Twin Strike"],"picked":"Dual Wield","floor":3},{"not_picked":["Rage","Twin Strike","Havoc"],"picked":"SKIP","floor":4},{"not_picked":["Heavy Blade","Dark Embrace"],"picked":"Sever Soul","floor":6},{"not_picked":["Bloodletting","True Grit","Heavy Blade"],"picked":"SKIP","floor":8},{"not_picked":["True Grit","Carnage"],"picked":"Dual Wield","floor":11},{"not_picked":["Pommel Strike","Sever Soul","Wild Strike"],"picked":"SKIP","floor":13},{"not_picked":["Armaments","Rage","Rampage"],"picked":"SKIP","floor":14},{"not_picked":["Shrug It Off","Iron Wave","True Grit"],"picked":"SKIP","floor":18},{"not_picked":["Iron Wave","Twin Strike+1","True Grit"],"picked":"SKIP","floor":24},{"not_picked":["Burning Pact","Juggernaut","Pommel Strike"],"picked":"SKIP","floor":27},{"not_picked":["Pommel Strike","Heavy Blade","Warcry"],"picked":"SKIP","floor":28},{"not_picked":["Heavy Blade","Blood for Blood","Anger"],"picked":"SKIP","floor":30},{"not_picked":["Battle Trance","Iron Wave"],"picked":"Warcry+1","floor":31}],"player_experience":346960,"relics_obtained":[{"floor":6,"key":"Bag of Preparation"},{"floor":9,"key":"Bronze Scales"},{"floor":11,"key":"The Courier"},{"floor":19,"key":"Necronomicon"},{"floor":22,"key":"Mummified Hand"},{"floor":22,"key":"Dream Catcher"},{"floor":26,"key":"Potion Belt"},{"floor":26,"key":"Vajra"},{"floor":27,"key":"PreservedInsect"}],"event_choices":[{"cards_removed":["Defend_R"],"damage_healed":0,"gold_gain":0,"player_choice":"Card Removal","damage_taken":0,"max_hp_gain":0,"max_hp_loss":0,"event_name":"The Cleric","floor":2,"gold_loss":50},{"cards_removed":["Strike_R"],"damage_healed":0,"gold_gain":0,"player_choice":"Card Removal","damage_taken":7,"max_hp_gain":0,"max_hp_loss":0,"event_name":"Golden Wing","floor":5,"gold_loss":0},{"cards_removed":["Strike_R"],"damage_healed":0,"gold_gain":0,"player_choice":"Purged","damage_taken":0,"max_hp_gain":0,"max_hp_loss":0,"event_name":"Purifier","floor":7,"gold_loss":0},{"damage_healed":0,"gold_gain":0,"player_choice":"Obtained Book","damage_taken":16,"max_hp_gain":0,"max_hp_loss":0,"event_name":"Cursed Tome","floor":19,"gold_loss":0},{"damage_healed":0,"gold_gain":0,"player_choice":"Ignored","damage_taken":0,"max_hp_gain":0,"max_hp_loss":0,"event_name":"Ghosts","floor":21,"gold_loss":0}],"is_beta":false,"boss_relics":[{"not_picked":["Mark of Pain","Busted Crown"],"picked":"Sozu"}],"items_purged_floors":[20,29],"is_endless":false,"potions_floor_spawned":[1,8,11,13,14,24,28,30],"killed_by":"Automaton","ascension_level":0}