{"gold_per_floor":[144,158,158,177,193,193,193,212,263,278,288,323,398,124,124,222,222,239,249,268,268,25,54,54,54,101,101,115,131,31,63,63,161,161,179,179,202,112,112,112,129,129,183,209,221,256,256,266,266,266],"floor_reached":51,"playtime":2099,"items_purged":["Strike_R","Defend_R"],"score":797,"play_id":"cf43857b-573b-40b8-a04a-941fab3a76c6","local_time":"20180912154009","is_ascension_mode":false,"campfire_choices":[{"data":"Pommel Strike","floor":6,"key":"SMITH"},{"floor":15,"key":"REST"},{"data":"Anger","floor":25,"key":"SMITH"},{"data":"Evolve","floor":27,"key":"SMITH"},{"data":"Rage","floor":32,"key":"SMITH"},{"data":"Discovery","floor":40,"key":"SMITH"},{"data":"The Bomb","floor":42,"key":"SMITH"},{"floor":49,"key":"REST"}],"neow_cost":"NONE","seed_source_timestamp":845282744271793,"circlet_count":0,"master_deck":["Strike_R+1","Strike_R+1","Defend_R+1","Bash+1","Anger+1","Pommel Strike+1","Evolve+1","Inflame","Clothesline","Feed","Juggernaut+1","Hemokinesis+1","Rage+1","Anger+1","Metallicize","Rage+1","Offering","Metallicize","Discovery+1","The Bomb+1","Metamorphosis","Pommel Strike+1","Ghostly Armor+1","Disarm+1","Iron Wave","Reaper"],"relics":["Burning Blood","Tiny Chest","Whetstone","Ornamental Fan","Astrolabe","Nilry\u0027s Codex","Meat on the Bone","Boot","Red Skull","Happy Flower","Sozu","Vajra","Anchor","Toxic Egg 2","Self Forming Clay"],"potions_floor_usage":[10,16,23,31,31,46],"damage_taken":[{"damage":8,"enemies":"2 Louse","floor":1,"turns":3},{"damage":8,"enemies":"Jaw Worm","floor":2,"turns":4},{"damage":2,"enemies":"Small Slimes","floor":4,"turns":4},{"damage":11,"enemies":"Red Slaver","floor":5,"turns":4},{"damage":9,"enemies":"Blue Slaver","floor":8,"turns":3},{"damage":6,"enemies":"Gremlin Gang","floor":10,"turns":4},{"damage":8,"enemies":"Lots of Slimes","floor":11,"turns":4},{"damage":36,"enemies":"Lagavulin","floor":12,"turns":4},{"damage":42,"enemies":"The Guardian","floor":16,"turns":8},{"damage":4,"enemies":"Chosen","floor":18,"turns":3},{"damage":28,"enemies":"2 Thieves","floor":19,"turns":3},{"damage":12,"enemies":"Cultist and Chosen","floor":20,"turns":4},{"damage":15,"enemies":"Gremlin Leader","floor":23,"turns":4},{"damage":18,"enemies":"Centurion and Healer","floor":28,"turns":5},{"damage":32,"enemies":"Snake Plant","floor":29,"turns":3},{"damage":17,"enemies":"Book of Stabbing","floor":31,"turns":4},{"damage":15,"enemies":"Automaton","floor":33,"turns":9},{"damage":22,"enemies":"3 Darklings","floor":35,"turns":6},{"damage":8,"enemies":"3 Shapes","floor":41,"turns":3},{"damage":42,"enemies":"Nemesis","floor":44,"turns":5},{"damage":20,"enemies":"Spire Growth","floor":45,"turns":5},{"damage":16,"enemies":"2 Orb Walkers","floor":46,"turns":4},{"damage":6,"enemies":"Reptomancer","floor":48,"turns":7},{"damage":59,"enemies":"Donu and Deca","floor":50,"turns":8}],"seed_played":"-3772648521041359308","potions_obtained":[{"floor":2,"key":"FearPotion"},{"floor":8,"key":"Poison Potion"},{"floor":12,"key":"Explosive Potion"},{"floor":18,"key":"BloodPotion"},{"floor":23,"key":"BloodPotion"},{"floor":29,"key":"Fire Potion"}],"is_trial":false,"path_per_floor":["M","M","?","M","M","R","?","M","T","M","M","E","?","$","R","B",null,"M","M","M","?","$","E","$","R","T","R","M","M","$","E","R","B",null,"M","?","T","?","$","R","M","R","T","E","M","E","?","M","R","B"],"character_chosen":"IRONCLAD","items_purchased":["Fruit Juice","Inflame","Clothesline","Meat on the Bone"],"campfire_rested":2,"item_purchase_floors":[14,14,14,22],"current_hp_per_floor":[78,76,76,80,75,75,75,72,72,72,70,40,29,29,53,22,85,88,69,66,50,50,53,53,53,53,53,53,42,42,52,52,55,97,81,71,71,71,71,71,72,72,72,48,46,48,48,60,90,63],"gold":266,"neow_bonus":"RANDOM_COMMON_RELIC","is_prod":false,"is_daily":false,"chose_seed":false,"campfire_upgraded":6,"win_rate":0,"timestamp":1536792009,"path_taken":["M","M","?","?","M","R","?","M","T","M","M","E","?","?","R","BOSS","M","?","?","?","$","E","?","R","T","R","?","M","?","E","R","BOSS","M","?","?","?","$","R","M","R","T","E","M","E","?","?","R","BOSS"],"build_version":"2018-09-06","purchased_purges":2,"victory":true,"max_hp_per_floor":[80,80,80,80,80,80,80,80,80,80,80,80,80,80,80,85,85,88,91,94,94,94,94,94,94,94,94,94,97,97,97,97,97,97,97,97,97,97,97,97,100,100,100,100,100,100,100,100,100,100],"card_choices":[{"not_picked":["True Grit","Perfected Strike","Havoc"],"picked":"SKIP","floor":1},{"not_picked":["Havoc","Infernal Blade"],"picked":"Anger","floor":2},{"not_picked":["Sever Soul","Havoc","Power Through"],"picked":"SKIP","floor":4},{"not_picked":["Wild Strike","Sword Boomerang"],"picked":"Pommel Strike","floor":5},{"not_picked":["Twin Strike","Juggernaut"],"picked":"Evolve","floor":8},{"not_picked":["Rampage","Dual Wield","Clash"],"picked":"SKIP","floor":10},{"not_picked":["Carnage","Clash","Entrench"],"picked":"SKIP","floor":11},{"not_picked":["Hemokinesis","Pummel","Anger"],"picked":"SKIP","floor":12},{"not_picked":["Dark Embrace","Exhume"],"picked":"Feed","floor":16},{"not_picked":["Havoc","Heavy Blade"],"picked":"Rage+1","floor":18},{"not_picked":["Corruption","Wild Strike"],"picked":"Anger+1","floor":19},{"not_picked":["Wild Strike+1","Warcry+1"],"picked":"Metallicize","floor":20},{"not_picked":["Perfected Strike","Clash","Pommel Strike"],"picked":"SKIP","floor":23},{"not_picked":["Headbutt","Combust","Havoc"],"picked":"SKIP","floor":28},{"not_picked":["Body Slam","Seeing Red"],"picked":"Clash","floor":29},{"not_picked":["Wild Strike","Heavy Blade"],"picked":"Rage","floor":31},{"not_picked":["Barricade","Berserk"],"picked":"Offering","floor":33},{"not_picked":["Shrug It Off","True Grit"],"picked":"Metallicize","floor":35},{"not_picked":["Secret Technique","Deep Breath"],"picked":"Discovery","floor":36},{"not_picked":["Mayhem","Trip"],"picked":"The Bomb","floor":36},{"not_picked":["Discovery","Mayhem"],"picked":"Metamorphosis","floor":36},{"not_picked":["Carnage","Warcry"],"picked":"Pommel Strike+1","floor":41},{"not_picked":["Warcry+1","Anger"],"picked":"Ghostly Armor+1","floor":44},{"not_picked":["Blood for Blood+1","Sever Soul"],"picked":"Disarm+1","floor":45},{"not_picked":["Wild Strike","Twin Strike+1"],"picked":"Iron Wave","floor":46},{"not_picked":["Second Wind+1","Clash+1"],"picked":"Reaper","floor":48}],"player_experience":212291,"relics_obtained":[{"floor":9,"key":"Whetstone"},{"floor":12,"key":"Ornamental Fan"},{"floor":21,"key":"Nilry\u0027s Codex"},{"floor":23,"key":"Boot"},{"floor":26,"key":"Red Skull"},{"floor":31,"key":"Happy Flower"},{"floor":37,"key":"Vajra"},{"floor":43,"key":"Anchor"},{"floor":44,"key":"Toxic Egg 2"},{"floor":46,"key":"Self Forming Clay"}],"event_choices":[{"event_name":"Living Wall","player_choice":"Forget","floor":3,"damage_taken":0},{"event_name":"Accursed Blacksmith","player_choice":"Forge","floor":7,"damage_taken":0},{"event_name":"World of Goop","player_choice":"Gather Gold","floor":13,"damage_taken":0},{"event_name":"Cursed Tome","player_choice":"Obtained Book","floor":21,"damage_taken":0},{"event_name":"SensoryStone","player_choice":"Memory 3","floor":36,"damage_taken":0},{"event_name":"Designer","player_choice":"Full Service","floor":38,"damage_taken":0},{"event_name":"Purifier","player_choice":"One Purge","floor":47,"damage_taken":0}],"is_beta":false,"boss_relics":[{"not_picked":["Snecko Eye","Cursed Key"],"picked":"Astrolabe"},{"not_picked":["Calling Bell","Velvet Choker"],"picked":"Sozu"}],"items_purged_floors":[14,30],"is_endless":false,"potions_floor_spawned":[2,8,12,18,23,29,41,45,48],"ascension_level":0}