{"gold_per_floor":[119,139,150,77,97,97,124,139,163,197,214,230,260,278,278,351,351,368,386,402,419,429,457,475,475,528,548,558,572,274,303,303,303],"floor_reached":33,"playtime":3227,"items_purged":["Shame"],"score":558,"play_id":"1d997c44-d76b-49e7-a92c-ed723d1f8094","local_time":"20190429221635","is_ascension_mode":true,"campfire_choices":[{"data":"Anger","floor":6,"key":"SMITH"},{"data":"Uppercut","floor":15,"key":"SMITH"},{"data":"Demon Form","floor":32,"key":"SMITH"}],"neow_cost":"NONE","seed_source_timestamp":1418144607047661,"circlet_count":0,"master_deck":["AscendersBane","Strike_R+1","Strike_R+1","Strike_R+1","Strike_R+1","Strike_R+1","Defend_R+1","Defend_R+1","Defend_R+1","Defend_R+1","Bash","Feel No Pain","Cleave","Anger+1","Battle Trance","Uppercut+1","True Grit","Corruption","Headbutt","Demon Form+1","Power Through","Sword Boomerang+1","Spot Weakness","True Grit","Shrug It Off","Shrug It Off","Rupture+1","Sever Soul+1","Sentinel"],"relics":["Burning Blood","Orichalcum","Meat on the Bone","Smiling Mask","Oddly Smooth Stone","Cursed Key","Bronze Scales","Vajra","Singing Bowl","Boot"],"potions_floor_usage":[12,16,22,23,33],"damage_taken":[{"damage":12,"enemies":"Jaw Worm","floor":1,"turns":4},{"damage":0,"enemies":"Cultist","floor":2,"turns":3},{"damage":4,"enemies":"Small Slimes","floor":3,"turns":3},{"damage":11,"enemies":"Looter","floor":5,"turns":4},{"damage":18,"enemies":"3 Sentries","floor":7,"turns":8},{"damage":3,"enemies":"2 Fungi Beasts","floor":8,"turns":3},{"damage":20,"enemies":"Lagavulin","floor":10,"turns":7},{"damage":10,"enemies":"Exordium Wildlife","floor":11,"turns":6},{"damage":0,"enemies":"3 Louse","floor":12,"turns":1},{"damage":5,"enemies":"3 Sentries","floor":13,"turns":8},{"damage":3,"enemies":"Blue Slaver","floor":14,"turns":2},{"damage":36,"enemies":"Hexaghost","floor":16,"turns":9},{"damage":8,"enemies":"Shell Parasite","floor":18,"turns":5},{"damage":3,"enemies":"Spheric Guardian","floor":19,"turns":5},{"damage":1,"enemies":"Centurion and Healer","floor":20,"turns":6},{"damage":24,"enemies":"3 Cultists","floor":21,"turns":5},{"damage":6,"enemies":"Cultist and Chosen","floor":22,"turns":5},{"damage":21,"enemies":"Book of Stabbing","floor":23,"turns":6},{"damage":14,"enemies":"Centurion and Healer","floor":24,"turns":6},{"damage":12,"enemies":"Chosen and Byrds","floor":27,"turns":5},{"damage":6,"enemies":"Snake Plant","floor":28,"turns":3},{"damage":18,"enemies":"Sentry and Sphere","floor":29,"turns":5},{"damage":17,"enemies":"Gremlin Leader","floor":31,"turns":5},{"damage":68,"enemies":"Automaton","floor":33,"turns":6}],"seed_played":"6527826512505823270","potions_obtained":[{"floor":1,"key":"Ancient Potion"},{"floor":7,"key":"Explosive Potion"},{"floor":12,"key":"Swift Potion"},{"floor":13,"key":"LiquidBronze"},{"floor":16,"key":"SkillPotion"},{"floor":22,"key":"SteroidPotion"},{"floor":24,"key":"Strength Potion"}],"is_trial":false,"path_per_floor":["M","M","M","$","M","R","E","M","T","E","M","M","E","M","R","B",null,"M","M","M","M","M","E","M","?","T","M","M","M","$","E","R","B"],"character_chosen":"IRONCLAD","items_purchased":["Battle Trance","Singing Bowl"],"campfire_rested":0,"item_purchase_floors":[4,30],"current_hp_per_floor":[62,68,70,70,65,65,53,56,56,54,50,56,57,60,60,42,67,65,68,73,55,55,52,44,44,44,50,50,50,50,51,51,0],"gold":303,"neow_bonus":"RANDOM_COMMON_RELIC","is_prod":false,"is_daily":false,"chose_seed":false,"campfire_upgraded":3,"win_rate":0,"timestamp":1556601395,"path_taken":["M","M","M","$","M","R","E","M","T","E","M","M","E","M","R","BOSS","M","M","M","M","M","E","M","?","T","M","M","M","$","E","R","BOSS"],"build_version":"2019-01-23","purchased_purges":1,"victory":false,"max_hp_per_floor":[75,75,75,75,75,75,75,75,75,75,75,75,75,75,75,75,75,75,75,75,75,75,75,75,75,75,75,75,75,75,75,75,75],"card_choices":[{"not_picked":["Fire Breathing","Dropkick"],"picked":"Feel No Pain","floor":1},{"not_picked":["Armaments","Body Slam"],"picked":"Cleave","floor":2},{"not_picked":["Thunderclap","Pummel"],"picked":"Anger","floor":3},{"not_picked":["Infernal Blade","Cleave","Burning Pact"],"picked":"SKIP","floor":5},{"not_picked":["Clash","Havoc"],"picked":"Uppercut","floor":7},{"not_picked":["Searing Blow","Dual Wield"],"picked":"True Grit","floor":8},{"not_picked":["Pommel Strike","Berserk"],"picked":"Corruption","floor":10},{"not_picked":["Pommel Strike","Evolve","Reckless Charge"],"picked":"SKIP","floor":11},{"not_picked":["Twin Strike","Warcry"],"picked":"Headbutt","floor":12},{"not_picked":["Thunderclap","Pommel Strike","Whirlwind"],"picked":"SKIP","floor":14},{"not_picked":["Offering","Reaper"],"picked":"Demon Form","floor":16},{"not_picked":["Inflame","Rupture"],"picked":"Power Through","floor":18},{"not_picked":["Havoc+1","Thunderclap"],"picked":"Sword Boomerang+1","floor":19},{"not_picked":["Thunderclap+1","Clash"],"picked":"Spot Weakness","floor":20},{"not_picked":["Flex","Sword Boomerang"],"picked":"True Grit","floor":21},{"not_picked":["Cleave","Perfected Strike"],"picked":"Shrug It Off","floor":22},{"not_picked":["Burning Pact+1","Heavy Blade"],"picked":"Shrug It Off","floor":23},{"not_picked":["Pommel Strike","Demon Form","Warcry"],"picked":"SKIP","floor":24},{"not_picked":["Reckless Charge","Clash","Pommel Strike"],"picked":"SKIP","floor":27},{"not_picked":["Armaments","Anger"],"picked":"Rupture+1","floor":28},{"not_picked":["Clash","Intimidate"],"picked":"Sever Soul+1","floor":29},{"not_picked":["Havoc","Shockwave"],"picked":"Sentinel","floor":31}],"player_experience":362143,"relics_obtained":[{"floor":7,"key":"Meat on the Bone"},{"floor":10,"key":"Smiling Mask"},{"floor":13,"key":"Oddly Smooth Stone"},{"floor":23,"key":"Bronze Scales"},{"floor":26,"key":"Vajra"},{"floor":31,"key":"Boot"}],"event_choices":[{"damage_healed":0,"gold_gain":0,"player_choice":"Simplicity","damage_taken":0,"max_hp_gain":0,"max_hp_loss":0,"event_name":"Back to Basics","floor":25,"gold_loss":0,"cards_upgraded":["Strike_R","Strike_R","Strike_R","Strike_R","Strike_R","Defend_R","Defend_R","Defend_R","Defend_R"]}],"is_beta":false,"boss_relics":[{"not_picked":["Calling Bell","Tiny House"],"picked":"Cursed Key"}],"items_purged_floors":[30],"is_endless":false,"potions_floor_spawned":[1,7,11,12,13,16,21,22,24,27,28,29],"killed_by":"Automaton","ascension_level":15}