{"gold_per_floor":[114,127,127,144,164,164,198,198,251,278,278,378,378,67,67,172,172,192,210,224,15,0,0,0],"floor_reached":24,"playtime":1898,"items_purged":[],"score":235,"play_id":"74391c4d-e64e-4af0-b50f-b8d872f5c5db","local_time":"20190422142605","is_ascension_mode":true,"campfire_choices":[{"floor":6,"key":"REST"},{"floor":8,"key":"REST"},{"floor":13,"key":"REST"},{"floor":15,"key":"DIG"},{"floor":23,"key":"DIG"}],"neow_cost":"NONE","seed_source_timestamp":1093145899893000,"circlet_count":0,"master_deck":["Strike_B+1","Strike_B","Strike_B+1","Strike_B","Defend_B","Defend_B","Defend_B","Defend_B","Zap","Dualcast","White Noise","Auto Shields","Steam","Ball Lightning","Loop","Redo","Echo Form","Hologram+1","Steam+1","FTL","Loop"],"relics":["Fusion Hammer","Kunai","Strawberry","Lantern","Pocketwatch","Orichalcum","Shovel","Matryoshka","Sozu","DollysMirror","Whetstone"],"potions_floor_usage":[7,20],"damage_taken":[{"damage":8,"enemies":"Small Slimes","floor":1,"turns":4},{"damage":5,"enemies":"Cultist","floor":2,"turns":4},{"damage":1,"enemies":"2 Louse","floor":4,"turns":3},{"damage":24,"enemies":"Red Slaver","floor":5,"turns":5},{"damage":22,"enemies":"Gremlin Nob","floor":7,"turns":4},{"damage":25,"enemies":"3 Sentries","floor":10,"turns":8},{"damage":19,"enemies":"The Guardian","floor":16,"turns":11},{"damage":20,"enemies":"Chosen","floor":18,"turns":5},{"damage":18,"enemies":"Spheric Guardian","floor":19,"turns":4},{"damage":17,"enemies":"Centurion and Healer","floor":20,"turns":6},{"damage":31,"enemies":"Gremlin Leader","floor":24,"turns":2}],"seed_played":"7902555035182512502","potions_obtained":[{"floor":1,"key":"Fire Potion"},{"floor":2,"key":"FearPotion"},{"floor":7,"key":"Ancient Potion"}],"is_trial":false,"path_per_floor":["M","M","?","M","M","R","E","R","T","E","?","?","R","$","R","B",null,"M","M","M","$","?","R","E"],"character_chosen":"DEFECT","items_purchased":["Shovel","DollysMirror"],"campfire_rested":3,"item_purchase_floors":[14,21],"current_hp_per_floor":[67,62,62,61,37,59,44,68,68,43,36,36,60,60,60,41,82,62,44,27,27,27,27,0],"gold":0,"neow_bonus":"BOSS_RELIC","is_prod":false,"is_daily":false,"chose_seed":false,"campfire_upgraded":0,"win_rate":0,"timestamp":1555935965,"path_taken":["M","M","?","?","M","R","E","R","T","E","?","?","R","$","R","BOSS","M","M","M","$","?","R","E"],"build_version":"2019-01-23","purchased_purges":0,"victory":false,"max_hp_per_floor":[75,75,75,75,75,75,82,82,82,82,82,82,82,82,82,82,82,82,82,82,82,82,82,82],"card_choices":[{"not_picked":["Rip and Tear","Barrage"],"picked":"White Noise","floor":1},{"not_picked":["Stack","Beam Cell"],"picked":"Auto Shields","floor":2},{"not_picked":["Compile Driver","Leap"],"picked":"Steam","floor":4},{"not_picked":["Stack","Lockon"],"picked":"Ball Lightning","floor":5},{"not_picked":["Tempest","Force Field"],"picked":"Loop","floor":7},{"not_picked":["Cold Snap","Streamline"],"picked":"Redo","floor":10},{"not_picked":["All For One","Buffer"],"picked":"Echo Form","floor":16},{"not_picked":["Turbo","Beam Cell"],"picked":"Hologram+1","floor":18},{"not_picked":["Melter+1","Ball Lightning"],"picked":"Steam+1","floor":19},{"not_picked":["Streamline","Go for the Eyes"],"picked":"FTL","floor":20}],"player_experience":576335,"relics_obtained":[{"floor":7,"key":"Strawberry"},{"floor":9,"key":"Lantern"},{"floor":10,"key":"Pocketwatch"},{"floor":15,"key":"Matryoshka"},{"floor":23,"key":"Whetstone"}],"event_choices":[{"damage_healed":0,"gold_gain":0,"player_choice":"Gave Potion","damage_taken":0,"relics_obtained":["Kunai"],"max_hp_gain":0,"max_hp_loss":0,"event_name":"WeMeetAgain","floor":3,"gold_loss":0},{"damage_healed":0,"gold_gain":0,"player_choice":"Success","damage_taken":7,"relics_obtained":["Orichalcum"],"max_hp_gain":0,"max_hp_loss":0,"event_name":"Scrap Ooze","floor":11,"gold_loss":0},{"damage_healed":0,"gold_gain":100,"player_choice":"Pray","damage_taken":0,"max_hp_gain":0,"max_hp_loss":0,"event_name":"Golden Shrine","floor":12,"gold_loss":0},{"damage_healed":0,"gold_gain":0,"player_choice":"Paid Fearfully","damage_taken":0,"max_hp_gain":0,"max_hp_loss":0,"event_name":"Masked Bandits","floor":22,"gold_loss":15}],"is_beta":false,"boss_relics":[{"not_picked":["Calling Bell","Orrery"],"picked":"Sozu"}],"items_purged_floors":[],"is_endless":false,"potions_floor_spawned":[1,2,7],"killed_by":"Gremlin Leader","ascension_level":3}