{"gold_per_floor":[119,119,84,103,118,152,168,168,168,168,197,223,251,263,275,384,396,419,22,22,22,33,68,68,68],"floor_reached":25,"playtime":1044,"items_purged":[],"score":243,"play_id":"4ab33f32-9563-47d7-969a-95e6515b45e7","local_time":"20181214205517","is_ascension_mode":true,"campfire_choices":[{"floor":8,"key":"REST"},{"floor":10,"key":"RECALL"},{"floor":15,"key":"REST"},{"floor":24,"key":"REST"}],"neow_cost":"NONE","seed_source_timestamp":6197896763309,"circlet_count":0,"master_deck":["Strike_B","Strike_B","Strike_B","Strike_B","Defend_B","Defend_B","Defend_B","Defend_B","Zap","Dualcast","Stack","Hologram","Ball Lightning","Streamline","Buffer","Consume","Glacier","Amplify","Cold Snap+1","Leap","Chill","Streamline","Melter"],"relics":["Cracked Core","DataDisk","Turnip","MawBank","Lizard Tail","Pear","Orichalcum","Shuriken"],"potions_floor_usage":[4,5,6,6,11,11,13,16,16,16,20,23,25],"damage_taken":[{"damage":10,"enemies":"2 Louse","floor":1,"turns":3},{"damage":1,"enemies":"Jaw Worm","floor":4,"turns":3},{"damage":0,"enemies":"Small Slimes","floor":5,"turns":3},{"damage":27,"enemies":"Gremlin Nob","floor":6,"turns":4},{"damage":12,"enemies":"Blue Slaver","floor":7,"turns":2},{"damage":25,"enemies":"Lagavulin","floor":11,"turns":4},{"damage":6,"enemies":"Exordium Thugs","floor":12,"turns":4},{"damage":20,"enemies":"Looter","floor":13,"turns":3},{"damage":5,"enemies":"The Guardian","floor":16,"turns":13},{"damage":27,"enemies":"3 Byrds","floor":18,"turns":7},{"damage":40,"enemies":"Colosseum Slavers","floor":20,"turns":6},{"damage":34,"enemies":"Shell Parasite","floor":22,"turns":14},{"damage":35,"enemies":"Slavers","floor":23,"turns":10},{"damage":29,"enemies":"Gremlin Leader","floor":25,"turns":2}],"seed_played":"7599139428458628811","potions_obtained":[{"floor":0,"key":"SkillPotion"},{"floor":0,"key":"Regen Potion"},{"floor":0,"key":"PowerPotion"},{"floor":4,"key":"SteroidPotion"},{"floor":6,"key":"PowerPotion"},{"floor":7,"key":"Regen Potion"},{"floor":12,"key":"EntropicBrew"},{"floor":18,"key":"SkillPotion"},{"floor":22,"key":"Weak Potion"},{"floor":23,"key":"SkillPotion"}],"is_trial":false,"path_per_floor":["M","?","?","M","M","E","M","R","T","R","E","M","M","?","R","B",null,"M","$","?","?","M","E","R","E"],"character_chosen":"DEFECT","items_purchased":["Leap","Pear","Chill","Streamline"],"campfire_rested":3,"item_purchase_floors":[19,19,19,19],"current_hp_per_floor":[65,58,75,74,74,52,40,62,62,62,49,43,23,23,45,40,75,48,58,18,18,36,1,26,0],"gold":68,"neow_bonus":"THREE_SMALL_POTIONS","is_prod":false,"is_daily":false,"chose_seed":false,"campfire_upgraded":0,"win_rate":0,"timestamp":1544849717,"path_taken":["M","?","?","M","M","E","M","R","T","R","E","M","M","?","R","BOSS","M","$","?","?","M","E","R","E"],"build_version":"2018-12-13","purchased_purges":0,"victory":false,"max_hp_per_floor":[75,75,75,75,75,75,75,75,75,75,75,75,75,75,75,75,75,75,85,85,85,85,85,85,85],"card_choices":[{"not_picked":["Turbo","Beam Cell"],"picked":"Stack","floor":1},{"not_picked":["Recycle","White Noise"],"picked":"Hologram","floor":4},{"not_picked":["Go for the Eyes","Steam Power"],"picked":"Redo","floor":5},{"not_picked":["Rebound","Stack"],"picked":"Ball Lightning","floor":6},{"not_picked":["Redo","Seek"],"picked":"Streamline","floor":7},{"not_picked":["Beam Cell","White Noise"],"picked":"Buffer","floor":11},{"not_picked":["Rip and Tear","Ball Lightning"],"picked":"Consume","floor":12},{"not_picked":["Gash","Barrage"],"picked":"Glacier","floor":13},{"not_picked":["Rainbow","Echo Form"],"picked":"Amplify","floor":16},{"not_picked":["Turbo","Chaos"],"picked":"Cold Snap+1","floor":18},{"not_picked":["Gash","Barrage"],"picked":"Melter","floor":22},{"not_picked":["Go for the Eyes+1","Hologram","Storm"],"picked":"SKIP","floor":23}],"player_experience":265144,"relics_obtained":[{"floor":6,"key":"Turnip"},{"floor":11,"key":"MawBank"},{"floor":23,"key":"Shuriken"}],"event_choices":[{"damage_healed":0,"gold_gain":0,"player_choice":"Success","damage_taken":7,"relics_obtained":["DataDisk"],"max_hp_gain":0,"max_hp_loss":0,"event_name":"Scrap Ooze","floor":2,"gold_loss":0},{"damage_healed":18,"gold_gain":0,"player_choice":"Healed","damage_taken":0,"max_hp_gain":0,"max_hp_loss":0,"event_name":"The Cleric","floor":3,"gold_loss":35},{"damage_healed":0,"gold_gain":0,"player_choice":"Searched \u00270\u0027 times","damage_taken":0,"max_hp_gain":0,"max_hp_loss":0,"event_name":"Dead Adventurer","floor":14,"gold_loss":0},{"damage_healed":0,"gold_gain":0,"player_choice":"Fight","damage_taken":0,"max_hp_gain":0,"max_hp_loss":0,"event_name":"Colosseum","floor":20,"gold_loss":0},{"damage_healed":0,"gold_gain":0,"player_choice":"Fled From Nobs","damage_taken":0,"max_hp_gain":0,"max_hp_loss":0,"event_name":"Colosseum","floor":20,"gold_loss":0},{"cards_removed":["Redo"],"damage_healed":0,"gold_gain":0,"player_choice":"Gave Card","damage_taken":0,"relics_obtained":["Orichalcum"],"max_hp_gain":0,"max_hp_loss":0,"event_name":"WeMeetAgain","floor":21,"gold_loss":0}],"is_beta":false,"boss_relics":[{"not_picked":["Empty Cage","Black Star"],"picked":"Lizard Tail"}],"items_purged_floors":[],"is_endless":false,"potions_floor_spawned":[4,6,7,12,18,22,23],"killed_by":"Gremlin Leader","ascension_level":1}