{"gold_per_floor":[119,133,133,133,133,167,177,177,250,250,300,316,114,132,132,229,229,241,257,257,272,272,298,298,328,328,328,340,340],"floor_reached":29,"playtime":1208,"items_purged":[],"score":432,"play_id":"db620f39-977f-4625-a9b7-1f201eb0fd72","local_time":"20190429180354","is_ascension_mode":true,"campfire_choices":[{"data":"Metallicize","floor":8,"key":"SMITH"},{"data":"Armaments","floor":10,"key":"SMITH"},{"data":"Metallicize","floor":15,"key":"SMITH"},{"data":"Limit Break","floor":24,"key":"SMITH"}],"neow_cost":"NONE","seed_source_timestamp":1711705624318400,"circlet_count":0,"master_deck":["AscendersBane","Strike_R+1","Strike_R","Strike_R","Strike_R","Strike_R+1","Defend_R","Defend_R","Defend_R","Bash","Armaments+1","Shrug It Off","Sentinel","Metallicize+1","Juggernaut","Shrug It Off","Metallicize+1","Limit Break+1","True Grit+1","Second Wind","RitualDagger","Body Slam"],"relics":["Burning Blood","NeowsBlessing","Boot","Meat on the Bone","Paper Frog","Whetstone","Coffee Dripper","Dodecahedron","Red Skull","Pear"],"potions_floor_usage":[23,23,29],"damage_taken":[{"damage":0,"enemies":"2 Louse","floor":1,"turns":1},{"damage":0,"enemies":"Jaw Worm","floor":2,"turns":1},{"damage":0,"enemies":"Gremlin Nob","floor":6,"turns":1},{"damage":8,"enemies":"Small Slimes","floor":7,"turns":5},{"damage":3,"enemies":"Blue Slaver","floor":12,"turns":6},{"damage":36,"enemies":"Gremlin Gang","floor":14,"turns":5},{"damage":26,"enemies":"Hexaghost","floor":16,"turns":13},{"damage":20,"enemies":"3 Byrds","floor":18,"turns":6},{"damage":7,"enemies":"Chosen","floor":19,"turns":6},{"damage":31,"enemies":"Snake Plant","floor":21,"turns":7},{"damage":31,"enemies":"Gremlin Leader","floor":23,"turns":8},{"damage":57,"enemies":"Slavers","floor":25,"turns":7},{"damage":26,"enemies":"Snecko","floor":28,"turns":6},{"damage":24,"enemies":"Gremlin Leader","floor":29,"turns":5}],"seed_played":"-5325554999510097680","potions_obtained":[{"floor":6,"key":"FairyPotion"},{"floor":12,"key":"Strength Potion"},{"floor":19,"key":"Strength Potion"},{"floor":25,"key":"SteroidPotion"}],"is_trial":false,"path_per_floor":["M","M","?","?","?","E","M","R","T","R","T","M","$","M","R","B",null,"M","M","$","M","?","E","R","E","T","?","M","E"],"character_chosen":"IRONCLAD","items_purchased":["Juggernaut","Shrug It Off"],"campfire_rested":0,"item_purchase_floors":[13,13],"current_hp_per_floor":[78,80,73,73,73,79,77,77,77,77,77,80,80,50,50,42,71,57,56,56,43,69,56,56,26,36,30,22,0],"gold":340,"neow_bonus":"THREE_ENEMY_KILL","is_prod":false,"is_daily":false,"chose_seed":false,"campfire_upgraded":4,"win_rate":0,"timestamp":1556553834,"path_taken":["M","M","?","?","?","E","M","R","T","R","?","M","$","M","R","BOSS","M","M","$","M","?","E","R","E","T","?","M","E"],"build_version":"2019-01-23","purchased_purges":0,"victory":false,"max_hp_per_floor":[80,80,80,80,80,80,80,80,80,80,80,80,80,80,80,80,80,80,80,80,80,80,80,80,80,90,90,90,90],"card_choices":[{"not_picked":["Wild Strike","Perfected Strike"],"picked":"Armaments","floor":1},{"not_picked":["Pummel","Armaments"],"picked":"Shrug It Off","floor":2},{"not_picked":["Clothesline","Headbutt"],"picked":"Sentinel","floor":6},{"not_picked":["Iron Wave","Uppercut"],"picked":"Metallicize","floor":7},{"not_picked":["Iron Wave","Wild Strike","Hemokinesis"],"picked":"SKIP","floor":12},{"not_picked":["Clash","Infernal Blade"],"picked":"Metallicize","floor":14},{"not_picked":["Feed","Double Tap"],"picked":"Limit Break","floor":16},{"not_picked":["Evolve","Anger"],"picked":"True Grit+1","floor":18},{"not_picked":["Pommel Strike+1","Perfected Strike"],"picked":"Second Wind","floor":19},{"not_picked":["Iron Wave+1","Carnage","Seeing Red"],"picked":"SKIP","floor":21},{"not_picked":["Wild Strike","Twin Strike","Power Through"],"picked":"SKIP","floor":23},{"not_picked":["Seeing Red","Havoc","Flex"],"picked":"SKIP","floor":25},{"not_picked":["Sever Soul","Rampage"],"picked":"Body Slam","floor":28}],"player_experience":859152,"relics_obtained":[{"floor":6,"key":"Meat on the Bone"},{"floor":9,"key":"Paper Frog"},{"floor":11,"key":"Whetstone"},{"floor":23,"key":"Dodecahedron"},{"floor":25,"key":"Red Skull"},{"floor":26,"key":"Pear"}],"event_choices":[{"cards_removed":["Defend_R"],"damage_healed":0,"gold_gain":0,"player_choice":"Card Removal","damage_taken":7,"max_hp_gain":0,"max_hp_loss":0,"event_name":"Golden Wing","floor":3,"gold_loss":0},{"damage_healed":0,"gold_gain":0,"player_choice":"Box","damage_taken":0,"relics_obtained":["Boot"],"max_hp_gain":0,"max_hp_loss":0,"event_name":"Big Fish","floor":4,"gold_loss":0,"cards_obtained":["Regret"]},{"cards_removed":["Regret"],"damage_healed":0,"gold_gain":0,"player_choice":"Forget","damage_taken":0,"max_hp_gain":0,"max_hp_loss":0,"event_name":"Living Wall","floor":5,"gold_loss":0},{"damage_healed":26,"gold_gain":0,"player_choice":"Heal","damage_taken":0,"max_hp_gain":0,"max_hp_loss":0,"event_name":"The Library","floor":22,"gold_loss":0},{"damage_healed":0,"gold_gain":0,"player_choice":"Joined the Cult","damage_taken":6,"max_hp_gain":0,"max_hp_loss":0,"event_name":"Nest","floor":27,"gold_loss":0,"cards_obtained":["RitualDagger"]}],"is_beta":false,"boss_relics":[{"not_picked":["Busted Crown","Astrolabe"],"picked":"Coffee Dripper"}],"items_purged_floors":[],"is_endless":false,"potions_floor_spawned":[6,12,19,25],"killed_by":"Gremlin Leader","ascension_level":10}