{"gold_per_floor":[109,120,138,153,38,69,93,93,141,87,112,112,152,180,192,204],"floor_reached":16,"playtime":1091,"items_purged":["Strike_R"],"score":174,"play_id":"b87c124e-872a-4d6e-a557-ea3d787153bf","local_time":"20190325215315","is_ascension_mode":true,"campfire_choices":[{"floor":8,"key":"REST"},{"floor":15,"key":"REST"}],"neow_cost":"NONE","seed_source_timestamp":955638276549213,"circlet_count":0,"master_deck":["Strike_R","Strike_R","Strike_R","Strike_R","Defend_R","Defend_R","Defend_R","Defend_R","Bash","Flex","Thunderclap","Flex","Evolve","Rampage","Warcry+1","Disarm+1","Flex+1","Seeing Red+1","Armaments+1","Shockwave+1","Burning Pact+1"],"relics":["Burning Blood","Art of War","Toxic Egg 2","Odd Mushroom","Happy Flower","Dream Catcher","Golden Idol","MawBank"],"potions_floor_usage":[11,13,16],"damage_taken":[{"damage":0,"enemies":"Small Slimes","floor":1,"turns":3},{"damage":7,"enemies":"2 Louse","floor":2,"turns":2},{"damage":7,"enemies":"Jaw Worm","floor":3,"turns":3},{"damage":16,"enemies":"Exordium Wildlife","floor":4,"turns":5},{"damage":25,"enemies":"Lagavulin","floor":6,"turns":6},{"damage":42,"enemies":"The Mushroom Lair","floor":7,"turns":5},{"damage":39,"enemies":"3 Sentries","floor":11,"turns":7},{"damage":0,"enemies":"Gremlin Nob","floor":13,"turns":2},{"damage":2,"enemies":"3 Louse","floor":14,"turns":5},{"damage":69,"enemies":"Slime Boss","floor":16,"turns":8}],"seed_played":"-2637140791562262596","potions_obtained":[{"floor":2,"key":"FairyPotion"},{"floor":6,"key":"Dexterity Potion"},{"floor":7,"key":"BloodPotion"},{"floor":11,"key":"AttackPotion"}],"is_trial":false,"path_per_floor":["M","M","M","M","$","E","?","R","T","$","E","?","E","M","R","B"],"character_chosen":"IRONCLAD","items_purchased":["Rampage","Flex+1"],"campfire_rested":2,"item_purchase_floors":[5,10],"current_hp_per_floor":[80,79,78,68,68,49,13,37,37,37,12,12,18,22,44,0],"gold":204,"neow_bonus":"RANDOM_COMMON_RELIC","is_prod":false,"is_daily":false,"chose_seed":false,"campfire_upgraded":0,"win_rate":0,"timestamp":1553518395,"path_taken":["M","M","M","M","$","E","?","R","T","$","E","?","E","M","R","BOSS"],"build_version":"2019-01-23","purchased_purges":1,"victory":false,"max_hp_per_floor":[80,80,80,80,80,80,80,80,80,80,80,74,74,74,74,74],"card_choices":[{"not_picked":["Twin Strike","Perfected Strike"],"picked":"Flex","floor":1},{"not_picked":["Power Through","Clash"],"picked":"Thunderclap","floor":2},{"not_picked":["Cleave","Armaments"],"picked":"Flex","floor":3},{"not_picked":["Second Wind","Seeing Red"],"picked":"Evolve","floor":4},{"not_picked":["Blood for Blood","Clothesline"],"picked":"Warcry","floor":6},{"not_picked":["Fiend Fire","Cleave"],"picked":"Disarm+1","floor":7},{"not_picked":["Sword Boomerang","Wild Strike"],"picked":"Seeing Red+1","floor":11},{"not_picked":["Havoc+1","Blood for Blood"],"picked":"Armaments+1","floor":13},{"not_picked":["Body Slam","Rage+1"],"picked":"Shockwave+1","floor":14},{"not_picked":["Body Slam","True Grit+1"],"picked":"Burning Pact+1","floor":15}],"player_experience":168422,"relics_obtained":[{"floor":6,"key":"Toxic Egg 2"},{"floor":7,"key":"Odd Mushroom"},{"floor":9,"key":"Happy Flower"},{"floor":11,"key":"Dream Catcher"},{"floor":13,"key":"MawBank"}],"event_choices":[{"damage_healed":0,"gold_gain":0,"player_choice":"Fought Mushrooms","damage_taken":0,"max_hp_gain":0,"max_hp_loss":0,"event_name":"Mushrooms","floor":7,"gold_loss":0},{"damage_healed":0,"gold_gain":0,"player_choice":"Lose Max HP","damage_taken":0,"relics_obtained":["Golden Idol"],"max_hp_gain":0,"max_hp_loss":6,"event_name":"Golden Idol","floor":12,"gold_loss":0}],"is_beta":false,"boss_relics":[],"items_purged_floors":[5],"is_endless":false,"potions_floor_spawned":[2,6,7,11],"killed_by":"Slime Boss","ascension_level":4}