{"gold_per_floor":[109,109,127,145,165,165,191,191,216,228,240,252,296,318,330,342],"floor_reached":16,"playtime":548,"items_purged":[],"score":127,"play_id":"6bbb5e97-2d8a-4380-9a2d-fc5d52501e4c","local_time":"20190109183559","is_ascension_mode":true,"campfire_choices":[{"data":"Zap","floor":6,"key":"SMITH"},{"data":"Go for the Eyes","floor":10,"key":"SMITH"},{"data":"Dualcast","floor":12,"key":"SMITH"},{"data":"Scrape","floor":15,"key":"SMITH"}],"neow_cost":"NONE","seed_source_timestamp":341078876102579,"circlet_count":0,"master_deck":["Strike_B","Strike_B","Strike_B","Strike_B","Defend_B","Defend_B","Defend_B","Defend_B","Zap+1","Dualcast+1","Auto Shields+1","Steam","Scrape+1","Conserve Battery","Go for the Eyes+1","Blizzard","Cold Snap"],"relics":["Philosopher\u0027s Stone","Darkstone Periapt","Letter Opener","MawBank","Juzu Bracelet"],"potions_floor_usage":[13,14,16],"damage_taken":[{"damage":2,"enemies":"Small Slimes","floor":1,"turns":3},{"damage":2,"enemies":"Jaw Worm","floor":3,"turns":4},{"damage":0,"enemies":"2 Louse","floor":4,"turns":2},{"damage":1,"enemies":"2 Fungi Beasts","floor":5,"turns":5},{"damage":15,"enemies":"Lagavulin","floor":7,"turns":10},{"damage":35,"enemies":"Gremlin Nob","floor":13,"turns":6},{"damage":4,"enemies":"Large Slime","floor":14,"turns":5},{"damage":25,"enemies":"Slime Boss","floor":16,"turns":3}],"seed_played":"-3360869400460648667","potions_obtained":[{"floor":1,"key":"Block Potion"},{"floor":3,"key":"SteroidPotion"},{"floor":4,"key":"Weak Potion"}],"is_trial":false,"path_per_floor":["M","?","M","M","M","R","E","T","T","R","?","R","E","M","R","B"],"character_chosen":"DEFECT","items_purchased":[],"campfire_rested":0,"item_purchase_floors":[],"current_hp_per_floor":[73,73,71,71,70,70,55,55,55,55,55,55,20,16,16,0],"gold":342,"neow_bonus":"BOSS_RELIC","is_prod":false,"is_daily":false,"chose_seed":false,"campfire_upgraded":4,"win_rate":0,"timestamp":1547058959,"path_taken":["M","?","M","M","M","R","E","?","T","R","?","R","E","M","R","BOSS"],"build_version":"2019-01-03v4","purchased_purges":0,"victory":false,"max_hp_per_floor":[75,75,75,75,75,75,75,75,75,75,75,75,75,75,75,75],"card_choices":[{"not_picked":["Steam","Genetic Algorithm"],"picked":"Auto Shields","floor":1},{"not_picked":["Doom and Gloom","Tempest"],"picked":"Steam","floor":3},{"not_picked":["White Noise","Leap"],"picked":"Scrape","floor":4},{"not_picked":["Capacitor","Barrage"],"picked":"Conserve Battery","floor":5},{"not_picked":["Melter","Skim"],"picked":"Go for the Eyes","floor":7},{"not_picked":["Ball Lightning","Fusion"],"picked":"Blizzard","floor":13},{"not_picked":["Fission","Heatsinks"],"picked":"Cold Snap","floor":14}],"player_experience":29623,"relics_obtained":[{"floor":7,"key":"Darkstone Periapt"},{"floor":8,"key":"Letter Opener"},{"floor":9,"key":"MawBank"},{"floor":13,"key":"Juzu Bracelet"}],"event_choices":[{"damage_healed":0,"gold_gain":0,"player_choice":"Grow","damage_taken":0,"max_hp_gain":0,"max_hp_loss":0,"event_name":"Living Wall","floor":2,"gold_loss":0,"cards_upgraded":["Auto Shields"]},{"damage_healed":0,"gold_gain":0,"player_choice":"Ignored","damage_taken":0,"max_hp_gain":0,"max_hp_loss":0,"event_name":"Liars Game","floor":11,"gold_loss":0}],"is_beta":false,"boss_relics":[],"items_purged_floors":[],"is_endless":false,"potions_floor_spawned":[1,3,4,7],"killed_by":"Slime Boss","ascension_level":3}