{"gold_per_floor":[115,95,106,123,50,83,83,93,93,22,56,56,85,98,98,200,200,220,239,259,30,50,50,80,80,80,97,126,126,9,20,20,20],"floor_reached":33,"playtime":3339,"items_purged":[],"score":307,"play_id":"037733ab-006c-4acf-be54-2ca1a350e72c","local_time":"20190309204351","is_ascension_mode":false,"campfire_choices":[{"data":"Seek","floor":7.0,"key":"SMITH"},{"data":"Zap","floor":15.0,"key":"SMITH"},{"data":"Coolheaded","floor":23,"key":"SMITH"},{"data":"Redo","floor":25,"key":"SMITH"},{"data":"Consume","floor":29,"key":"SMITH"},{"data":"Madness","floor":32,"key":"SMITH"}],"neow_cost":"NONE","seed_source_timestamp":0,"circlet_count":0,"master_deck":["Strike_B","Strike_B","Strike_B","Strike_B+1","Defend_B","Defend_B","Defend_B","Defend_B","Zap+1","Dualcast","Madness+1","Melter","Hologram","Go for the Eyes","BootSequence","Seek+1","Conserve Battery","Storm","Ball Lightning+1","Conserve Battery","Steam","Echo Form","Sunder","Capacitor+1","Coolheaded+1","Redo+1","Ball Lightning","Leap","Glacier+1","Consume+1","Barrage+1"],"special_seed":0,"relics":["Cracked Core","Dream Catcher","Meat on the Bone","Pocketwatch","PreservedInsect","Eternal Feather","ClockworkSouvenir","Pantograph","Gambling Chip","The Courier","Whetstone"],"potions_floor_usage":[16,22,28,33],"damage_taken":[{"damage":4.0,"enemies":"Jaw Worm","floor":1.0,"turns":4.0},{"damage":5.0,"enemies":"Cultist","floor":3.0,"turns":4.0},{"damage":1.0,"enemies":"2 Louse","floor":4.0,"turns":2.0},{"damage":2.0,"enemies":"3 Sentries","floor":6.0,"turns":6.0},{"damage":6.0,"enemies":"Exordium Wildlife","floor":8.0,"turns":3.0},{"damage":27.0,"enemies":"Lagavulin","floor":11.0,"turns":6.0},{"damage":33.0,"enemies":"Gremlin Nob","floor":13.0,"turns":5.0},{"damage":0.0,"enemies":"Red Slaver","floor":14.0,"turns":3.0},{"damage":36,"enemies":"Slime Boss","floor":16,"turns":11},{"damage":0,"enemies":"Spheric Guardian","floor":18,"turns":2},{"damage":25,"enemies":"Chosen","floor":19,"turns":6},{"damage":32,"enemies":"Snake Plant","floor":20,"turns":5},{"damage":14,"enemies":"Snecko","floor":22,"turns":7},{"damage":11,"enemies":"Gremlin Leader","floor":24,"turns":6},{"damage":24,"enemies":"Centurion and Healer","floor":27,"turns":10},{"damage":26,"enemies":"Slavers","floor":28,"turns":5},{"damage":4,"enemies":"Chosen and Byrds","floor":31,"turns":7},{"damage":103,"enemies":"Automaton","floor":33,"turns":12}],"seed_played":"-2467313952566461772","potions_obtained":[{"floor":1.0,"key":"AttackPotion"},{"floor":2.0,"key":"Weak Potion"},{"floor":3.0,"key":"Strength Potion"},{"floor":6.0,"key":"Strength Potion"},{"floor":13.0,"key":"SteroidPotion"},{"floor":20,"key":"Regen Potion"},{"floor":24,"key":"PowerPotion"},{"floor":31,"key":"Strength Potion"}],"is_trial":false,"path_per_floor":["M","?","M","M","$","E","R","M","T","$","E","?","E","M","R","B",null,"M","M","M","$","M","R","E","R","T","M","E","R","$","M","R","B"],"character_chosen":"DEFECT","items_purchased":["BootSequence","Storm","Redo","ClockworkSouvenir","Whetstone"],"campfire_rested":0,"item_purchase_floors":[5,10,21,21,30],"current_hp_per_floor":[71,71,66,65,65,63,63,57,57,57,42,67,46,46,46,22,75,75,50,30,30,42,57,46,61,61,49,35,53,53,49,67,0],"gold":20,"neow_bonus":"RANDOM_COLORLESS","is_prod":false,"is_daily":false,"chose_seed":false,"campfire_upgraded":6,"win_rate":0.0,"timestamp":1552131831,"path_taken":["M","?","M","M","?","E","R","M","T","$","E","?","E","M","R","BOSS","M","M","M","$","M","R","E","R","T","M","E","R","$","M","R","BOSS"],"build_version":"2019-01-23","purchased_purges":0,"victory":false,"max_hp_per_floor":[75,75,75,75,75,75,75,75,75,75,75,75,75,75,75,75,75,75,75,75,75,75,75,75,75,75,75,75,75,75,75,75,75],"card_choices":[{"not_picked":["Gash","Compile Driver"],"picked":"Melter","floor":1.0},{"not_picked":["Sunder","BootSequence"],"picked":"Hologram","floor":3.0},{"not_picked":["Reinforced Body","Conserve Battery"],"picked":"Go for the Eyes","floor":4.0},{"not_picked":["Buffer","Reprogram"],"picked":"Seek","floor":6.0},{"not_picked":["Streamline","White Noise"],"picked":"Conserve Battery","floor":8.0},{"not_picked":["Seek","Multi-Cast"],"picked":"Ball Lightning","floor":11.0},{"not_picked":["Scrape","Melter"],"picked":"Conserve Battery","floor":13.0},{"not_picked":["Cold Snap","Sunder"],"picked":"Steam","floor":14.0},{"not_picked":["Meteor Strike","Thunder Strike"],"picked":"Echo Form","floor":16},{"not_picked":["Auto Shields+1","Stack"],"picked":"Sunder","floor":18},{"not_picked":["Barrage","Static Discharge"],"picked":"Capacitor+1","floor":19},{"not_picked":["Sweeping Beam","Conserve Battery"],"picked":"Coolheaded","floor":20},{"not_picked":["Sweeping Beam+1","Barrage"],"picked":"Ball Lightning","floor":22},{"not_picked":["All For One","Double Energy"],"picked":"Leap","floor":24},{"not_picked":["Blizzard","Hologram"],"picked":"Glacier+1","floor":27},{"not_picked":["Auto Shields","Streamline"],"picked":"Consume","floor":28},{"not_picked":["Hologram+1","Gash"],"picked":"Barrage+1","floor":31}],"player_experience":52244,"relics_obtained":[{"floor":6.0,"key":"Dream Catcher"},{"floor":9.0,"key":"Meat on the Bone"},{"floor":11.0,"key":"Pocketwatch"},{"floor":13.0,"key":"PreservedInsect"},{"floor":24,"key":"Pantograph"},{"floor":26,"key":"Gambling Chip"},{"floor":28,"key":"The Courier"}],"event_choices":[{"damage_healed":0.0,"max_hp_gain":0.0,"max_hp_loss":0.0,"gold_gain":0.0,"event_name":"The Woman in Blue","player_choice":"Bought 1 Potion","floor":2.0,"gold_loss":0.0,"damage_taken":0.0},{"damage_healed":25.0,"max_hp_gain":0.0,"max_hp_loss":0.0,"gold_gain":0.0,"event_name":"Big Fish","player_choice":"Banana","floor":12.0,"gold_loss":0.0,"damage_taken":0.0}],"is_beta":false,"boss_relics":[{"not_picked":["Lizard Tail","Busted Crown"],"picked":"Eternal Feather"}],"items_purged_floors":[],"is_endless":false,"potions_floor_spawned":[1,3,6,13,20,24,31],"killed_by":"Automaton","ascension_level":0}