{"gold_per_floor":[14,14,14,14,31,31,59,72,121,121,138,138,167,178,178,276,276,276,201,201,201,54,54,0,0,0,0,0,0,0,0,0,0,0,0,0,0,0,0,0,0,0,0,0,0,0,0,0,0,0],"floor_reached":51,"playtime":4419,"items_purged":["Defend_G"],"score":937,"play_id":"31052233-a3f6-47d5-86df-a10fefb536f8","local_time":"20190506151207","is_ascension_mode":true,"campfire_choices":[{"data":"Dodge and Roll","floor":6,"key":"SMITH"},{"floor":10,"key":"REST"},{"data":"Bullet Time","floor":12,"key":"SMITH"},{"data":"Poisoned Stab","floor":15,"key":"SMITH"},{"floor":23,"key":"REST"},{"data":"Footwork","floor":25,"key":"SMITH"},{"floor":32,"key":"REST"},{"floor":41,"key":"REST"},{"floor":44,"key":"REST"},{"data":"Dash","floor":49,"key":"SMITH"}],"neow_cost":"NO_GOLD","seed_source_timestamp":134968135003600,"circlet_count":0,"master_deck":["Defend_G","Defend_G","Survivor","Neutralize+1","Poisoned Stab+1","Quick Slash","Dodge and Roll+1","Bullet Time+1","Dagger Spray","Deflect","Footwork+1","Envenom","Acrobatics","Finisher","Bite","Bite","Bite","Violence","Adrenaline","PiercingWail","Shame","Phantasmal Killer+1","Dodge and Roll+1","Noxious Fumes+1","Dash+1","Doppelganger+1","Expertise+1","Dash+1"],"relics":["Ring of the Snake","Oddly Smooth Stone","Ancient Tea Set","Juzu Bracelet","Ectoplasm","Vajra","Toxic Egg 2","Pocketwatch","Blood Vial","Runic Dome","Bag of Marbles","Snake Skull","Smiling Mask","Red Mask"],"potions_floor_usage":[7,13,33,39,40,40],"damage_taken":[{"damage":0,"enemies":"2 Louse","floor":1,"turns":3},{"damage":0,"enemies":"Cultist","floor":5,"turns":3},{"damage":28,"enemies":"Gremlin Nob","floor":7,"turns":4},{"damage":0,"enemies":"Jaw Worm","floor":8,"turns":3},{"damage":0,"enemies":"Blue Slaver","floor":11,"turns":3},{"damage":9,"enemies":"3 Sentries","floor":13,"turns":10},{"damage":0,"enemies":"Large Slime","floor":14,"turns":7},{"damage":43,"enemies":"The Guardian","floor":16,"turns":19},{"damage":12,"enemies":"Spheric Guardian","floor":18,"turns":8},{"damage":14,"enemies":"2 Thieves","floor":19,"turns":5},{"damage":41,"enemies":"Champ","floor":33,"turns":12},{"damage":14,"enemies":"Orb Walker","floor":35,"turns":5},{"damage":36,"enemies":"3 Shapes","floor":38,"turns":6},{"damage":15,"enemies":"Transient","floor":39,"turns":5},{"damage":26,"enemies":"Giant Head","floor":40,"turns":9},{"damage":5,"enemies":"4 Shapes","floor":47,"turns":4},{"damage":5,"enemies":"Writhing Mass","floor":48,"turns":6},{"damage":51,"enemies":"Donu and Deca","floor":50,"turns":9}],"seed_played":"-5845433493288039106","potions_obtained":[{"floor":5,"key":"SteroidPotion"},{"floor":8,"key":"Dexterity Potion"},{"floor":14,"key":"SpeedPotion"},{"floor":33,"key":"Weak Potion"},{"floor":39,"key":"SteroidPotion"}],"is_trial":false,"path_per_floor":["?","?","?","?","?","?","T","?","T","$","?","?","?","T","?","?"],"character_chosen":"THE_SILENT","items_purchased":["Poison Potion","PiercingWail"],"campfire_rested":5,"item_purchase_floors":[22,22],"current_hp_per_floor":[63,56,61,61,61,61,33,33,33,55,55,55,46,46,46,3,57,45,31,31,31,31,46,46,46,46,46,46,46,46,46,52,40,49,44,44,44,20,15,7,22,22,22,37,37,37,40,47,47,10],"gold":0,"neow_bonus":"TRANSFORM_TWO_CARDS","is_prod":false,"is_daily":false,"chose_seed":false,"campfire_upgraded":5,"win_rate":0,"timestamp":1557177127,"path_taken":["M","?","?","?","M","R","E","M","T","R","M","R","E","M","R","BOSS","M","M","?","?","$","R","?","R","T","?","?","?","?","?","R","BOSS","M","?","?","M","M","E","R","?","T","R","?","?","M","M","R","BOSS"],"build_version":"2019-01-23","purchased_purges":1,"victory":true,"max_hp_per_floor":[70,70,75,75,75,75,75,75,75,75,75,75,75,75,75,75,75,75,75,52,52,52,52,52,52,52,52,52,52,52,52,52,52,52,52,52,52,52,52,52,52,52,52,52,52,49,49,49,49,49],"card_choices":[{"not_picked":["Concentrate","Bane"],"picked":"Quick Slash","floor":1},{"not_picked":["Blade Dance","Outmaneuver"],"picked":"Dodge and Roll","floor":5},{"not_picked":["PiercingWail","Blade Dance"],"picked":"Bullet Time","floor":7},{"not_picked":["Calculated Gamble","Outmaneuver","Expertise"],"picked":"SKIP","floor":8},{"not_picked":["Escape Plan","Outmaneuver"],"picked":"Dagger Spray","floor":11},{"not_picked":["Outmaneuver","Accuracy"],"picked":"Deflect","floor":13},{"not_picked":["Dodge and Roll","Endless Agony"],"picked":"Footwork","floor":14},{"not_picked":["Venomology","Tools of the Trade"],"picked":"Envenom","floor":16},{"not_picked":["Terror","Poisoned Stab+1"],"picked":"Acrobatics","floor":18},{"not_picked":["Terror+1","Slice"],"picked":"Finisher","floor":19},{"not_picked":["Bullet Time+1","Unload"],"picked":"Phantasmal Killer+1","floor":33},{"not_picked":["Dagger Throw","All Out Attack+1"],"picked":"Dodge and Roll+1","floor":35},{"not_picked":["Endless Agony","Terror+1"],"picked":"Noxious Fumes+1","floor":38},{"not_picked":["Dagger Throw","Acrobatics+1"],"picked":"Dash+1","floor":39},{"not_picked":["Bane","Flying Knee+1"],"picked":"Doppelganger+1","floor":40},{"not_picked":["Heel Hook+1","Slice"],"picked":"Expertise+1","floor":47},{"not_picked":["Infinite Blades","Outmaneuver+1"],"picked":"Dash","floor":48}],"player_experience":684624,"relics_obtained":[{"floor":7,"key":"Oddly Smooth Stone"},{"floor":9,"key":"Ancient Tea Set"},{"floor":13,"key":"Juzu Bracelet"},{"floor":26,"key":"Vajra"},{"floor":27,"key":"Toxic Egg 2"},{"floor":29,"key":"Pocketwatch"},{"floor":40,"key":"Bag of Marbles"},{"floor":42,"key":"Snake Skull"},{"floor":43,"key":"Smiling Mask"}],"event_choices":[{"cards_removed":["Strike_G"],"damage_healed":0,"gold_gain":0,"player_choice":"Card Removal","damage_taken":7,"max_hp_gain":0,"max_hp_loss":0,"event_name":"Golden Wing","floor":2,"gold_loss":0},{"damage_healed":0,"gold_gain":0,"player_choice":"Donut","damage_taken":0,"max_hp_gain":5,"max_hp_loss":0,"event_name":"Big Fish","floor":3,"gold_loss":0},{"damage_healed":0,"gold_gain":0,"player_choice":"Forge","damage_taken":0,"max_hp_gain":0,"max_hp_loss":0,"event_name":"Accursed Blacksmith","floor":4,"gold_loss":0,"cards_upgraded":["Neutralize"]},{"damage_healed":0,"gold_gain":0,"player_choice":"Became a vampire","damage_taken":0,"max_hp_gain":0,"max_hp_loss":23,"event_name":"Vampires","floor":20,"gold_loss":0,"cards_obtained":["Bite","Bite","Bite","Bite","Bite"]},{"damage_healed":0,"gold_gain":0,"cards_transformed":["Bite","Concentrate"],"player_choice":"Became Test Subject","damage_taken":0,"max_hp_gain":0,"max_hp_loss":0,"event_name":"Drug Dealer","floor":21,"gold_loss":0,"cards_obtained":["Violence","Adrenaline"]},{"damage_healed":0,"gold_gain":0,"player_choice":"Paid Fearfully","damage_taken":0,"max_hp_gain":0,"max_hp_loss":0,"event_name":"Masked Bandits","floor":24,"gold_loss":54},{"damage_healed":0,"gold_gain":0,"player_choice":"Ignored","damage_taken":0,"max_hp_gain":0,"max_hp_loss":0,"event_name":"Beggar","floor":28,"gold_loss":0},{"damage_healed":0,"gold_gain":0,"player_choice":"Stole Relic","damage_taken":0,"relics_obtained":["Blood Vial"],"max_hp_gain":0,"max_hp_loss":0,"event_name":"Addict","floor":31,"gold_loss":0,"cards_obtained":["Shame"]},{"cards_removed":["Bite"],"damage_healed":0,"gold_gain":0,"player_choice":"Removed Attack","damage_taken":0,"max_hp_gain":0,"max_hp_loss":0,"event_name":"Falling","floor":36,"gold_loss":0},{"damage_healed":0,"gold_gain":0,"player_choice":"Ignored","damage_taken":0,"max_hp_gain":0,"max_hp_loss":0,"event_name":"Mysterious Sphere","floor":37,"gold_loss":0},{"damage_healed":0,"gold_gain":0,"player_choice":"Paid","damage_taken":0,"relics_obtained":["Red Mask"],"max_hp_gain":0,"max_hp_loss":0,"event_name":"Tomb of Lord Red Mask","floor":45,"gold_loss":0},{"damage_healed":0,"gold_gain":0,"player_choice":"Max HP","damage_taken":0,"max_hp_gain":0,"max_hp_loss":3,"event_name":"Winding Halls","floor":46,"gold_loss":0}],"is_beta":false,"boss_relics":[{"not_picked":["Runic Pyramid","White Beast Statue"],"picked":"Ectoplasm"},{"not_picked":["Tiny House","Velvet Choker"],"picked":"Runic Dome"}],"items_purged_floors":[22],"is_endless":false,"potions_floor_spawned":[5,8,14,33,39],"ascension_level":9}