{"gold_per_floor":[110,127,127,127,52,52,67,18,18,18,45,45,65,40,40,145,145,159,179,102,117,66,91,91,125,125,224,324,352,352,372,372,471,471,484,484,496,240,240,240,251,251,251,286,161,175,275,292,292,292],"floor_reached":50,"playtime":4171,"items_purged":["Strike_B","Strike_B","Strike_B"],"score":763,"play_id":"49c63b3f-8d98-4a35-833b-8f6be1717ad4","local_time":"20181211150029","is_ascension_mode":true,"campfire_choices":[{"data":"Gash","floor":6,"key":"SMITH"},{"data":"Gash","floor":10,"key":"SMITH"},{"data":"Go for the Eyes","floor":12,"key":"SMITH"},{"data":"Conserve Battery","floor":15,"key":"SMITH"},{"data":"FTL","floor":24,"key":"SMITH"},{"data":"Beam Cell","floor":30,"key":"SMITH"},{"data":"Go for the Eyes","floor":32,"key":"SMITH"},{"data":"Core Surge","floor":40,"key":"SMITH"},{"floor":42,"key":"REST"},{"floor":49,"key":"REST"}],"neow_cost":"NONE","seed_source_timestamp":504468073651660,"circlet_count":0,"master_deck":["Strike_B","Defend_B","Defend_B","Defend_B","Defend_B","Gash+1","Go for the Eyes+1","Gash+1","Conserve Battery+1","Core Surge+1","FTL+1","Beam Cell+1","Go for the Eyes+1","Scrape+1","Seek+1","Scrape+1","All For One"],"relics":["Cracked Core","Mummified Hand","Dream Catcher","White Beast Statue","DataDisk","Art of War","Cables","Ginger","Toxic Egg 2","Unceasing Top","Orrery","Bag of Preparation","Pantograph","Mercury Hourglass","Boot","StoneCalendar"],"potions_floor_usage":[2,7,16,16,16,21,23,25,25,28,29,33,33,37,46,47,50,50],"damage_taken":[{"damage":0,"enemies":"2 Louse","floor":1,"turns":2},{"damage":0,"enemies":"Jaw Worm","floor":2,"turns":2},{"damage":1,"enemies":"Cultist","floor":7,"turns":4},{"damage":35,"enemies":"3 Sentries","floor":11,"turns":10},{"damage":3,"enemies":"Blue Slaver","floor":13,"turns":3},{"damage":18,"enemies":"The Guardian","floor":16,"turns":9},{"damage":7,"enemies":"3 Byrds","floor":18,"turns":6},{"damage":2,"enemies":"Chosen","floor":19,"turns":6},{"damage":47,"enemies":"Snake Plant","floor":21,"turns":8},{"damage":56,"enemies":"Slavers","floor":23,"turns":8},{"damage":83,"enemies":"Gremlin Leader","floor":25,"turns":13},{"damage":16,"enemies":"Colosseum Slavers","floor":28,"turns":4},{"damage":51,"enemies":"Colosseum Nobs","floor":28,"turns":6},{"damage":41,"enemies":"Slavers","floor":29,"turns":6},{"damage":10,"enemies":"Snecko","floor":31,"turns":5},{"damage":74,"enemies":"Automaton","floor":33,"turns":11},{"damage":34,"enemies":"3 Darklings","floor":35,"turns":5},{"damage":15,"enemies":"3 Shapes","floor":37,"turns":3},{"damage":0,"enemies":"Sphere and 2 Shapes","floor":41,"turns":4},{"damage":28,"enemies":"Reptomancer","floor":44,"turns":5},{"damage":31,"enemies":"Spire Growth","floor":46,"turns":4},{"damage":5,"enemies":"Mind Bloom Boss Battle","floor":47,"turns":4},{"damage":0,"enemies":"3 Darklings","floor":48,"turns":2},{"damage":92,"enemies":"Time Eater","floor":50,"turns":4}],"seed_played":"-8413176504730130745","potions_obtained":[{"floor":0,"key":"LiquidBronze"},{"floor":0,"key":"Poison Potion"},{"floor":0,"key":"Block Potion"},{"floor":7,"key":"SteroidPotion"},{"floor":11,"key":"Poison Potion"},{"floor":13,"key":"LiquidBronze"},{"floor":18,"key":"SteroidPotion"},{"floor":19,"key":"Regen Potion"},{"floor":21,"key":"PowerPotion"},{"floor":23,"key":"PowerPotion"},{"floor":25,"key":"AttackPotion"},{"floor":28,"key":"Weak Potion"},{"floor":29,"key":"Dexterity Potion"},{"floor":31,"key":"Dexterity Potion"},{"floor":33,"key":"SteroidPotion"},{"floor":35,"key":"Block Potion"},{"floor":37,"key":"FearPotion"},{"floor":41,"key":"SpeedPotion"},{"floor":44,"key":"GamblersBrew"},{"floor":46,"key":"Regen Potion"},{"floor":47,"key":"Energy Potion"},{"floor":48,"key":"Regen Potion"}],"is_trial":false,"path_per_floor":["M","M","?","?","$","R","M","$","T","R","E","R","M","$","R","B",null,"M","M","$","M","$","E","R","E","T","?","?","E","R","M","R","B",null,"M","?","M","$","?","R","M","R","T","E","$","M","?","M","R","B"],"character_chosen":"DEFECT","items_purchased":["Gash","Conserve Battery","FTL","Go for the Eyes","Bag of Preparation"],"campfire_rested":2,"item_purchase_floors":[8,14,20,22,38],"current_hp_per_floor":[68,68,68,61,61,61,60,60,60,60,75,75,72,72,72,54,70,63,61,61,75,75,75,75,75,75,75,24,49,49,39,39,33,65,75,75,60,60,60,60,60,75,75,47,47,75,70,70,75,0],"gold":292,"neow_bonus":"THREE_SMALL_POTIONS","is_prod":false,"is_daily":false,"chose_seed":false,"campfire_upgraded":8,"win_rate":0,"timestamp":1544536829,"path_taken":["M","M","?","?","$","R","M","$","T","R","E","R","M","?","R","BOSS","M","M","$","?","$","E","R","E","T","?","?","E","R","M","R","BOSS","M","?","M","?","?","R","M","R","T","E","$","?","?","M","R","BOSS"],"build_version":"2018-12-06","purchased_purges":3,"victory":false,"max_hp_per_floor":[75,75,75,75,75,75,75,75,75,75,75,75,75,75,75,75,75,75,75,75,75,75,75,75,75,75,75,75,75,75,75,75,75,75,75,75,75,75,75,75,75,75,75,75,75,75,75,75,75,75],"card_choices":[{"not_picked":["Rebound","Beam Cell"],"picked":"Gash","floor":1},{"not_picked":["Aggregate","Steam","Coolheaded"],"picked":"SKIP","floor":2},{"not_picked":["Consume","Sunder"],"picked":"Go for the Eyes","floor":7},{"not_picked":["Skim","Compile Driver","Sweeping Beam"],"picked":"SKIP","floor":11},{"not_picked":["Compile Driver","Redo","Blizzard"],"picked":"SKIP","floor":13},{"not_picked":["Amplify","Machine Learning"],"picked":"Core Surge","floor":16},{"not_picked":["Barrage","Stack+1","Rebound+1"],"picked":"SKIP","floor":18},{"not_picked":["Streamline","Compile Driver","Rebound"],"picked":"SKIP","floor":19},{"not_picked":["Darkness+1","Sweeping Beam+1"],"picked":"Beam Cell","floor":21},{"not_picked":["Aggregate","Loop","BootSequence"],"picked":"SKIP","floor":23},{"not_picked":["Go for the Eyes+1","Conserve Battery","Compile Driver+1"],"picked":"SKIP","floor":25},{"not_picked":["Core Surge","Barrage+1"],"picked":"Scrape+1","floor":28},{"not_picked":["Blizzard","Rainbow+1","Stack+1"],"picked":"SKIP","floor":29},{"not_picked":["Turbo+1","Rebound","Steam Power+1"],"picked":"SKIP","floor":31},{"not_picked":["Streamline","Chaos+1"],"picked":"Seek+1","floor":34},{"not_picked":["Static Discharge+1","Darkness+1"],"picked":"Scrape","floor":35},{"not_picked":["Redo+1","Heatsinks","Steam+1"],"picked":"SKIP","floor":37},{"not_picked":["Reprogram+1","Compile Driver","Beam Cell"],"picked":"SKIP","floor":41},{"not_picked":["Leap+1","Static Discharge","Reprogram+1"],"picked":"SKIP","floor":44},{"not_picked":["Blizzard","Double Energy+1","Static Discharge+1"],"picked":"SKIP","floor":46},{"not_picked":["Heatsinks+1","Defragment+1","Leap+1"],"picked":"SKIP","floor":48},{"not_picked":["Steam+1","Barrage+1"],"picked":"All For One","floor":49}],"player_experience":408853,"relics_obtained":[{"floor":9,"key":"Mummified Hand"},{"floor":11,"key":"Dream Catcher"},{"floor":23,"key":"DataDisk"},{"floor":25,"key":"Art of War"},{"floor":26,"key":"Cables"},{"floor":28,"key":"Ginger"},{"floor":28,"key":"Toxic Egg 2"},{"floor":29,"key":"Unceasing Top"},{"floor":43,"key":"Mercury Hourglass"},{"floor":44,"key":"Boot"},{"floor":47,"key":"StoneCalendar"}],"event_choices":[{"cards_removed":["Dualcast"],"damage_healed":0,"gold_gain":0,"player_choice":"Forget","damage_taken":0,"max_hp_gain":0,"max_hp_loss":0,"event_name":"Living Wall","floor":3,"gold_loss":0},{"cards_removed":["Zap"],"damage_healed":0,"gold_gain":0,"player_choice":"Card Removal","damage_taken":7,"max_hp_gain":0,"max_hp_loss":0,"event_name":"Golden Wing","floor":4,"gold_loss":0},{"damage_healed":0,"gold_gain":99,"player_choice":"Stole From Cult","damage_taken":0,"max_hp_gain":0,"max_hp_loss":0,"event_name":"Nest","floor":27,"gold_loss":0},{"damage_healed":0,"gold_gain":0,"player_choice":"Fight","damage_taken":0,"max_hp_gain":0,"max_hp_loss":0,"event_name":"Colosseum","floor":28,"gold_loss":0},{"damage_healed":0,"gold_gain":0,"player_choice":"Fought Nobs","damage_taken":0,"max_hp_gain":0,"max_hp_loss":0,"event_name":"Colosseum","floor":28,"gold_loss":0},{"damage_healed":0,"gold_gain":0,"player_choice":"Upgraded","damage_taken":0,"max_hp_gain":0,"max_hp_loss":0,"event_name":"Upgrade Shrine","floor":36,"gold_loss":0,"cards_upgraded":["Scrape"]},{"damage_healed":0,"gold_gain":0,"player_choice":"Gave Potion","damage_taken":0,"relics_obtained":["Pantograph"],"max_hp_gain":0,"max_hp_loss":0,"event_name":"WeMeetAgain","floor":39,"gold_loss":0},{"damage_healed":0,"gold_gain":0,"player_choice":"Fight","damage_taken":0,"max_hp_gain":0,"max_hp_loss":0,"event_name":"MindBloom","floor":47,"gold_loss":0}],"is_beta":false,"boss_relics":[{"not_picked":["Ectoplasm","Philosopher\u0027s Stone"],"picked":"White Beast Statue"},{"not_picked":["Runic Dome","Busted Crown"],"picked":"Orrery"}],"items_purged_floors":[5,38,45],"is_endless":false,"potions_floor_spawned":[7,11,13,18,19,21,23,25,28,28,29,31,33,35,37,41,44,46,47,48],"killed_by":"Time Eater","ascension_level":9}