{"gold_per_floor":[118,293,293,304,304,304,35,110,133,33,44,44,62,75,75,179,179,192,192,152,164,178,213,213,213,238,238,254,270,270,320,320,420,420,434,447,447,322,336,336,371,321,369,172,122,154,154,170,170,170],"floor_reached":50,"playtime":1958,"items_purged":["Strike_R","Strike_R","Strike_R","Strike_R","Iron Wave","Strike_R+1"],"score":633,"play_id":"7a861842-d7a0-4329-9535-63991a867436","local_time":"20181017111708","is_ascension_mode":false,"campfire_choices":[{"data":"Metallicize","floor":6,"key":"SMITH"},{"data":"Body Slam","floor":12,"key":"SMITH"},{"data":"Flame Barrier","floor":15,"key":"SMITH"},{"data":"Entrench","floor":25,"key":"SMITH"},{"data":"Flame Barrier","floor":27,"key":"SMITH"},{"data":"Shrug It Off","floor":30,"key":"SMITH"},{"data":"Shockwave","floor":32,"key":"SMITH"},{"data":"Discovery","floor":40,"key":"SMITH"},{"data":"Juggernaut","floor":47,"key":"SMITH"},{"data":"Discovery","floor":49,"key":"SMITH"}],"neow_cost":"NONE","seed_source_timestamp":162599614428901,"circlet_count":0,"master_deck":["Defend_R","Defend_R","Defend_R","Defend_R+1","Bash","Metallicize+1","Shrug It Off+1","Body Slam+1","Flame Barrier+1","Shockwave+1","Entrench+1","Headbutt","Headbutt+1","Flame Barrier+1","Body Slam+1","Juggernaut+1","Iron Wave+1","Discovery+1","Discovery+1"],"relics":["Burning Blood","Bronze Scales","PreservedInsect","Anchor","Orrery","MutagenicStrength","Calipers","Bag of Marbles","Busted Crown","Smiling Mask","Bag of Preparation","Art of War","Bottled Tornado"],"potions_floor_usage":[4,16,16,16,23,33,33,41,50],"damage_taken":[{"damage":6,"enemies":"2 Louse","floor":1,"turns":2},{"damage":7,"enemies":"Small Slimes","floor":4,"turns":5},{"damage":0,"enemies":"Jaw Worm","floor":11,"turns":4},{"damage":0,"enemies":"Lots of Slimes","floor":13,"turns":4},{"damage":0,"enemies":"Blue Slaver","floor":14,"turns":3},{"damage":0,"enemies":"Hexaghost","floor":16,"turns":9},{"damage":0,"enemies":"3 Byrds","floor":18,"turns":3},{"damage":4,"enemies":"Spheric Guardian","floor":21,"turns":4},{"damage":3,"enemies":"3 Cultists","floor":22,"turns":5},{"damage":21,"enemies":"Gremlin Leader","floor":23,"turns":4},{"damage":0,"enemies":"Centurion and Healer","floor":28,"turns":9},{"damage":0,"enemies":"Chosen and Byrds","floor":29,"turns":3},{"damage":21,"enemies":"Automaton","floor":33,"turns":12},{"damage":0,"enemies":"Orb Walker","floor":35,"turns":2},{"damage":0,"enemies":"3 Shapes","floor":36,"turns":5},{"damage":0,"enemies":"Transient","floor":39,"turns":5},{"damage":18,"enemies":"2 Orb Walkers","floor":41,"turns":4},{"damage":0,"enemies":"Nemesis","floor":46,"turns":7},{"damage":0,"enemies":"Reptomancer","floor":48,"turns":5},{"damage":97,"enemies":"Donu and Deca","floor":50,"turns":11}],"seed_played":"2371784587923094301","potions_obtained":[{"floor":3,"key":"Fruit Juice"},{"floor":3,"key":"EssenceOfSteel"},{"floor":3,"key":"EssenceOfSteel"},{"floor":4,"key":"FairyPotion"},{"floor":11,"key":"Strength Potion"},{"floor":21,"key":"FearPotion"},{"floor":22,"key":"Strength Potion"},{"floor":28,"key":"SkillPotion"},{"floor":35,"key":"BloodPotion"},{"floor":39,"key":"Fire Potion"}],"is_trial":false,"path_per_floor":["M","?","?","M","?","R","$","?","T","$","M","R","M","M","R","B",null,"M","?","?","M","M","E","?","R","T","R","M","M","R","?","R","B",null,"M","M","?","$","M","R","E","$","T","$","$","E","R","M","R"],"character_chosen":"IRONCLAD","items_purchased":["PreservedInsect","Body Slam","Art of War"],"campfire_rested":0,"item_purchase_floors":[7,7,44],"current_hp_per_floor":[80,80,80,84,84,84,84,73,73,73,79,79,85,85,85,85,85,85,85,85,85,85,70,70,70,70,70,76,82,82,82,82,67,85,85,85,75,75,81,81,69,69,69,69,69,75,75,81,81,0],"gold":170,"neow_bonus":"RANDOM_COMMON_RELIC","is_prod":false,"is_daily":false,"chose_seed":false,"campfire_upgraded":10,"win_rate":0,"timestamp":1539800228,"path_taken":["M","?","?","?","?","R","?","?","T","?","M","R","M","M","R","BOSS","M","?","?","M","?","E","?","R","T","R","?","M","R","?","R","BOSS","M","?","?","$","M","R","E","$","T","?","$","E","R","M","R","BOSS"],"build_version":"2018-10-11","purchased_purges":6,"victory":false,"max_hp_per_floor":[80,80,80,85,85,85,85,85,85,85,85,85,85,85,85,85,85,85,85,85,85,85,85,85,85,85,85,85,85,85,85,85,85,85,85,85,85,85,85,85,85,85,85,85,85,85,85,85,85,85],"card_choices":[{"not_picked":["Twin Strike","Rampage"],"picked":"Metallicize","floor":1},{"not_picked":["Cleave","Rampage"],"picked":"Shrug It Off","floor":4},{"not_picked":["Power Through","Bloodletting"],"picked":"Flame Barrier","floor":11},{"not_picked":["Fire Breathing","Wild Strike","Second Wind"],"picked":"SKIP","floor":13},{"not_picked":["Carnage","Twin Strike"],"picked":"Shockwave","floor":14},{"not_picked":["Rampage","Twin Strike"],"picked":"Entrench","floor":17},{"not_picked":["Burning Pact","Battle Trance"],"picked":"Iron Wave","floor":17},{"not_picked":["Cleave","Searing Blow"],"picked":"Headbutt","floor":17},{"not_picked":["Dark Embrace","Feel No Pain","Flex"],"picked":"SKIP","floor":18},{"not_picked":["Cleave","Fire Breathing"],"picked":"Headbutt+1","floor":21},{"not_picked":["Inflame","Thunderclap","Sentinel"],"picked":"SKIP","floor":22},{"not_picked":["Havoc","Power Through","Corruption"],"picked":"SKIP","floor":23},{"not_picked":["Exhume","Intimidate"],"picked":"Body Slam+1","floor":28},{"not_picked":["Flex","Burning Pact","Warcry+1"],"picked":"SKIP","floor":29},{"not_picked":["Impervious","Dark Embrace"],"picked":"Juggernaut","floor":33},{"not_picked":[],"picked":"Iron Wave+1","floor":35},{"not_picked":["Anger"],"picked":"SKIP","floor":36},{"not_picked":[],"picked":"Discovery","floor":37},{"not_picked":[],"picked":"Discovery","floor":37},{"not_picked":["Sword Boomerang"],"picked":"SKIP","floor":39},{"not_picked":["Dual Wield"],"picked":"SKIP","floor":41},{"not_picked":["Perfected Strike"],"picked":"SKIP","floor":46},{"not_picked":["Sever Soul"],"picked":"SKIP","floor":48}],"player_experience":294948,"relics_obtained":[{"floor":9,"key":"Anchor"},{"floor":23,"key":"Calipers"},{"floor":26,"key":"Bag of Marbles"},{"floor":41,"key":"Smiling Mask"},{"floor":43,"key":"Bag of Preparation"},{"floor":46,"key":"Bottled Tornado"}],"event_choices":[{"event_name":"Liars Game","player_choice":"agreed","floor":2,"damage_taken":0},{"event_name":"The Lab","player_choice":"Got Potions","floor":3,"damage_taken":0},{"event_name":"Living Wall","player_choice":"Forget","floor":5,"damage_taken":0},{"event_name":"World of Goop","player_choice":"Gather Gold","floor":8,"damage_taken":0},{"event_name":"Drug Dealer","player_choice":"Inject Mutagens","floor":19,"damage_taken":0},{"event_name":"Designer","player_choice":"Upgrade 2 Random Cards","floor":20,"damage_taken":0},{"event_name":"The Library","player_choice":"Read","floor":24,"damage_taken":0},{"event_name":"The Joust","player_choice":"Bet on Murderer","floor":31,"damage_taken":0},{"event_name":"SensoryStone","player_choice":"Memory 3","floor":37,"damage_taken":0}],"is_beta":false,"boss_relics":[{"not_picked":["Lizard Tail","Eternal Feather"],"picked":"Orrery"},{"not_picked":["Runic Cube","Calling Bell"],"picked":"Busted Crown"}],"items_purged_floors":[7,10,38,42,44,45],"is_endless":false,"potions_floor_spawned":[4,11,13,21,22,28,35,39],"killed_by":"Donu and Deca","ascension_level":0}