{"gold_per_floor":[113,126,143,143,155,185,81,91,91,103,103,129,142,155,155,256,256,269,281,301,321,338,369,388,90,115,148,165,183,212,177,177,281,281,299,317,329,345,400,426,442,442,442,475,475,500,520,9,9,9,9,9,9,38,38],"floor_reached":55,"playtime":3336,"items_purged":[],"score":997,"play_id":"e7b03648-862c-4f7b-ba20-5f8938ef221a","local_time":"20190325134339","is_ascension_mode":true,"campfire_choices":[{"data":"Disarm","floor":15,"key":"SMITH"},{"floor":32,"key":"REST"},{"floor":42,"key":"RECALL"},{"floor":49,"key":"REST"},{"floor":52,"key":"REST"}],"neow_cost":"PERCENT_DAMAGE","seed_source_timestamp":387897871212145,"circlet_count":0,"master_deck":["Strike_R","Strike_R","Strike_R","Strike_R","Defend_R","Defend_R","Defend_R","Defend_R","Bash+1","Armaments","Battle Trance","Spot Weakness","Clothesline","Inflame","Disarm+1","Reaper","Armaments","Perfected Strike+1","Pummel","Dual Wield+1","Cleave","Demon Form","Corruption","Bludgeon+1","Rage+1","Reaper+1","Fire Breathing","Reaper+1","Whirlwind+1","Shockwave+1","True Grit+1","Barricade","Thunderclap+1","Perfected Strike+1","Body Slam+1","Barricade+1","Rage+1"],"relics":["Burning Blood","Gambling Chip","Mango","Incense Burner","Du-Vu Doll","Fusion Hammer","Magic Flower","Molten Egg 2","Art of War","Calipers","Meat on the Bone","Busted Crown","Torii","Dodecahedron","Pear","Frozen Egg 2","Kunai","Unceasing Top"],"potions_floor_usage":[8,10,10,16,22,39,47,50,55,55],"damage_taken":[{"damage":1,"enemies":"Cultist","floor":1,"turns":3},{"damage":7,"enemies":"Jaw Worm","floor":2,"turns":3},{"damage":0,"enemies":"2 Louse","floor":3,"turns":3},{"damage":7,"enemies":"2 Fungi Beasts","floor":5,"turns":6},{"damage":30,"enemies":"3 Sentries","floor":6,"turns":7},{"damage":24,"enemies":"Gremlin Gang","floor":8,"turns":8},{"damage":9,"enemies":"Lots of Slimes","floor":10,"turns":2},{"damage":11,"enemies":"Lagavulin","floor":12,"turns":5},{"damage":4,"enemies":"Looter","floor":13,"turns":3},{"damage":1,"enemies":"2 Fungi Beasts","floor":14,"turns":4},{"damage":3,"enemies":"The Guardian","floor":16,"turns":11},{"damage":9,"enemies":"Shell Parasite","floor":18,"turns":5},{"damage":3,"enemies":"Chosen","floor":19,"turns":7},{"damage":8,"enemies":"Snecko","floor":20,"turns":6},{"damage":8,"enemies":"Centurion and Healer","floor":21,"turns":5},{"damage":31,"enemies":"3 Cultists","floor":22,"turns":5},{"damage":40,"enemies":"Book of Stabbing","floor":23,"turns":7},{"damage":23,"enemies":"Cultist and Chosen","floor":24,"turns":6},{"damage":19,"enemies":"Gremlin Leader","floor":27,"turns":7},{"damage":13,"enemies":"Chosen and Byrds","floor":28,"turns":5},{"damage":24,"enemies":"Snake Plant","floor":29,"turns":5},{"damage":64,"enemies":"Book of Stabbing","floor":30,"turns":8},{"damage":78,"enemies":"Automaton","floor":33,"turns":8},{"damage":12,"enemies":"Orb Walker","floor":35,"turns":4},{"damage":0,"enemies":"3 Shapes","floor":36,"turns":1},{"damage":44,"enemies":"Sphere and 2 Shapes","floor":37,"turns":5},{"damage":54,"enemies":"Maw","floor":38,"turns":7},{"damage":54,"enemies":"2 Orb Walkers","floor":39,"turns":5},{"damage":69,"enemies":"Reptomancer","floor":40,"turns":6},{"damage":80,"enemies":"Jaw Worm Horde","floor":41,"turns":5},{"damage":33,"enemies":"Nemesis","floor":44,"turns":7},{"damage":14,"enemies":"Giant Head","floor":46,"turns":8},{"damage":23,"enemies":"3 Darklings","floor":47,"turns":4},{"damage":151,"enemies":"Awakened One","floor":50,"turns":12},{"damage":85,"enemies":"Shield and Spear","floor":54,"turns":9},{"damage":78,"enemies":"The Heart","floor":55,"turns":3}],"seed_played":"-7348812166310120511","potions_obtained":[{"floor":3,"key":"PowerPotion"},{"floor":10,"key":"Fire Potion"},{"floor":16,"key":"SkillPotion"},{"floor":20,"key":"Strength Potion"},{"floor":27,"key":"Fire Potion"},{"floor":39,"key":"Regen Potion"},{"floor":40,"key":"Fire Potion"},{"floor":46,"key":"Strength Potion"},{"floor":47,"key":"Poison Potion"}],"is_trial":false,"path_per_floor":["M","M","M","?","M","E","$","M","T","M","?","E","M","M","R","B",null,"M","M","M","M","M","E","M","$","T","E","M","M","E","$","R","B",null,"M","M","M","M","?","E","M","R","T","E","?","E","M","$","R","B",null,"R","$","E","B"],"character_chosen":"IRONCLAD","items_purchased":["EntropicBrew","Molten Egg 2","Corruption","Fire Breathing","Kunai","Perfected Strike+1","Body Slam+1","Barricade+1"],"campfire_rested":3,"item_purchase_floors":[7,25,25,31,48,48,48,48],"current_hp_per_floor":[61,60,66,66,65,55,55,37,37,34,34,29,31,36,36,39,94,91,94,92,94,85,51,66,66,66,94,90,90,56,56,84,71,94,91,94,94,94,74,94,77,77,77,101,104,104,104,104,104,68,104,104,104,46,0],"gold":38,"neow_bonus":"ONE_RARE_RELIC","is_prod":false,"is_daily":false,"chose_seed":false,"campfire_upgraded":1,"win_rate":0,"timestamp":1553546619,"path_taken":["M","M","M","?","M","E","$","M","T","M","?","E","M","M","R","BOSS","M","M","?","M","M","E","M","$","T","E","M","?","E","?","R","BOSS","M","M","M","M","?","E","M","R","T","E","?","E","?","$","R","BOSS","R","$","E","BOSS"],"build_version":"2019-01-23","purchased_purges":0,"victory":false,"max_hp_per_floor":[80,80,80,80,80,94,94,94,94,94,94,94,94,94,94,94,94,94,94,94,94,94,94,94,94,94,94,94,94,94,94,94,94,94,94,94,94,94,94,94,94,94,94,104,104,104,104,104,104,104,104,104,104,104,104],"card_choices":[{"not_picked":["Wild Strike","Thunderclap"],"picked":"Armaments","floor":1},{"not_picked":["Thunderclap","Sword Boomerang","Heavy Blade"],"picked":"SKIP","floor":2},{"not_picked":["Intimidate","Clothesline"],"picked":"Battle Trance","floor":3},{"not_picked":["Heavy Blade","Dark Embrace"],"picked":"Spot Weakness","floor":5},{"not_picked":["True Grit","Shrug It Off"],"picked":"Clothesline","floor":6},{"not_picked":["Bloodletting","Hemokinesis"],"picked":"Inflame","floor":8},{"not_picked":["Flex","Seeing Red"],"picked":"Anger","floor":10},{"not_picked":["Berserk","Flex","Heavy Blade"],"picked":"SKIP","floor":12},{"not_picked":["Wild Strike","Sword Boomerang","Warcry"],"picked":"SKIP","floor":13},{"not_picked":["Seeing Red","Anger"],"picked":"Disarm","floor":14},{"not_picked":["Bludgeon","Exhume"],"picked":"Reaper","floor":16},{"not_picked":["True Grit","Clash"],"picked":"Armaments","floor":18},{"not_picked":["Iron Wave","Twin Strike"],"picked":"Perfected Strike+1","floor":19},{"not_picked":["Cleave","Body Slam"],"picked":"Pummel","floor":20},{"not_picked":["Evolve+1","Clothesline"],"picked":"Dual Wield+1","floor":21},{"not_picked":["Flex","Clash"],"picked":"Cleave","floor":22},{"not_picked":["Havoc","Warcry"],"picked":"Demon Form","floor":23},{"not_picked":["Iron Wave+1","Clash","Intimidate"],"picked":"SKIP","floor":24},{"not_picked":["Sentinel","Searing Blow+1"],"picked":"Bludgeon+1","floor":27},{"not_picked":["Iron Wave+1","Havoc","Dual Wield"],"picked":"SKIP","floor":28},{"not_picked":["Pommel Strike+1","Flex"],"picked":"Rage+1","floor":29},{"not_picked":["Body Slam+1","Headbutt+1"],"picked":"Reaper+1","floor":30},{"not_picked":["Berserk","Dark Embrace"],"picked":"Reaper+1","floor":33},{"not_picked":[],"picked":"Whirlwind+1","floor":35},{"not_picked":[],"picked":"Shockwave+1","floor":36},{"not_picked":["Rupture+1"],"picked":"SKIP","floor":37},{"not_picked":["Sword Boomerang+1"],"picked":"SKIP","floor":38},{"not_picked":[],"picked":"True Grit+1","floor":39},{"not_picked":[],"picked":"Barricade","floor":40},{"not_picked":[],"picked":"Thunderclap+1","floor":41},{"not_picked":["Dropkick+1"],"picked":"SKIP","floor":44},{"not_picked":["Barricade"],"picked":"SKIP","floor":46},{"not_picked":["Iron Wave+1"],"picked":"SKIP","floor":47},{"not_picked":[],"picked":"Rage+1","floor":54}],"player_experience":59911,"relics_obtained":[{"floor":6,"key":"Mango"},{"floor":9,"key":"Incense Burner"},{"floor":12,"key":"Du-Vu Doll"},{"floor":23,"key":"Magic Flower"},{"floor":26,"key":"Art of War"},{"floor":27,"key":"Calipers"},{"floor":30,"key":"Meat on the Bone"},{"floor":39,"key":"Torii"},{"floor":40,"key":"Dodecahedron"},{"floor":44,"key":"Pear"},{"floor":46,"key":"Frozen Egg 2"},{"floor":54,"key":"Unceasing Top"}],"event_choices":[{"damage_healed":0,"gold_gain":0,"player_choice":"Grow","damage_taken":0,"max_hp_gain":0,"max_hp_loss":0,"event_name":"Living Wall","floor":4,"gold_loss":0,"cards_upgraded":["Bash"]},{"cards_removed":["Strike_R"],"damage_healed":0,"gold_gain":0,"player_choice":"Card Removal","damage_taken":0,"max_hp_gain":0,"max_hp_loss":0,"event_name":"Wheel of Change","floor":11,"gold_loss":0},{"damage_healed":0,"gold_gain":0,"player_choice":"Fight","damage_taken":0,"max_hp_gain":0,"max_hp_loss":0,"event_name":"Mysterious Sphere","floor":39,"gold_loss":0},{"cards_removed":["Anger"],"damage_healed":5,"gold_gain":0,"player_choice":"Offered Common","damage_taken":0,"max_hp_gain":0,"max_hp_loss":0,"event_name":"Bonfire Elementals","floor":45,"gold_loss":0},{"cards_removed":["Anger"],"damage_healed":5,"gold_gain":0,"player_choice":"Offered Special","damage_taken":0,"max_hp_gain":0,"max_hp_loss":0,"event_name":"Bonfire Elementals","floor":45,"gold_loss":0}],"is_beta":false,"boss_relics":[{"not_picked":["Eternal Feather","Runic Pyramid"],"picked":"Fusion Hammer"},{"not_picked":["Lizard Tail","Black Blood"],"picked":"Busted Crown"}],"items_purged_floors":[],"is_endless":false,"potions_floor_spawned":[3,10,12,13,16,20,21,27,28,29,30,33,37,39,40,41,44,46,47],"killed_by":"The Heart","ascension_level":4}