{"gold_per_floor":[111,111,121,135,68,103,103,128,154,165,165,178,178,204,204,307,307,321,321,57,57,74,102,201,232,287,287,212,227,258,258,258,354,354,367,384,19,31,43,75,75,105,105,124,143,172,47,57,57,57],"floor_reached":51,"playtime":3792,"items_purged":["Strike_B"],"score":828,"play_id":"33739537-5382-423a-84b0-445b4ab47346","local_time":"20190319221321","is_ascension_mode":true,"campfire_choices":[{"data":"Defragment","floor":7,"key":"SMITH"},{"data":"Zap","floor":11,"key":"SMITH"},{"data":"Darkness","floor":15,"key":"SMITH"},{"floor":27,"key":"REST"},{"floor":32,"key":"REST"},{"floor":41,"key":"REST"},{"floor":49,"key":"REST"}],"neow_cost":"NONE","seed_source_timestamp":435692149314690,"circlet_count":0,"master_deck":["Strike_B","Defend_B","Defend_B","Zap+1","Dualcast","Cold Snap","Ball Lightning","Hologram","Defragment+1","Defragment+1","Self Repair","Ball Lightning","Rebound","Darkness+1","Core Surge","Cold Snap","Bandage Up","Double Energy","Go for the Eyes","FTL","Redo+1","Sunder","Turbo+1","Recycle","FTL+1","Coolheaded","Amplify","Undo+1","Glacier+1","BootSequence","Coolheaded+1","Parasite","Redo+1","Capacitor","Blizzard","Reprogram+1","Tempest+1","Stack","Coolheaded+1","Steam+1"],"relics":["Cracked Core","DataDisk","Bronze Scales","Juzu Bracelet","Bag of Preparation","Eternal Feather","Bag of Marbles","Sundial","Dream Catcher","Vajra","Regal Pillow","Fusion Hammer","Torii","Singing Bowl","Pear","Kunai","Blood Vial"],"potions_floor_usage":[6,10,14,14,16,23,25,25,33,42,48],"damage_taken":[{"damage":0,"enemies":"Small Slimes","floor":1,"turns":3},{"damage":0,"enemies":"Cultist","floor":3,"turns":3},{"damage":2,"enemies":"2 Louse","floor":4,"turns":2},{"damage":23,"enemies":"3 Sentries","floor":6,"turns":7},{"damage":21,"enemies":"Gremlin Nob","floor":8,"turns":4},{"damage":0,"enemies":"Gremlin Gang","floor":10,"turns":3},{"damage":9,"enemies":"3 Louse","floor":12,"turns":3},{"damage":6,"enemies":"Lagavulin","floor":14,"turns":3},{"damage":6,"enemies":"Slime Boss","floor":16,"turns":6},{"damage":15,"enemies":"3 Byrds","floor":18,"turns":3},{"damage":24,"enemies":"2 Thieves","floor":22,"turns":3},{"damage":20,"enemies":"Slavers","floor":23,"turns":4},{"damage":15,"enemies":"Book of Stabbing","floor":25,"turns":3},{"damage":11,"enemies":"Centurion and Healer","floor":29,"turns":6},{"damage":53,"enemies":"Slavers","floor":30,"turns":4},{"damage":46,"enemies":"Collector","floor":33,"turns":7},{"damage":3,"enemies":"Orb Walker","floor":35,"turns":4},{"damage":7,"enemies":"3 Darklings","floor":36,"turns":4},{"damage":6,"enemies":"Spire Growth","floor":38,"turns":4},{"damage":17,"enemies":"Writhing Mass","floor":39,"turns":6},{"damage":48,"enemies":"Giant Head","floor":40,"turns":10},{"damage":8,"enemies":"Nemesis","floor":42,"turns":7},{"damage":0,"enemies":"Sphere and 2 Shapes","floor":44,"turns":5},{"damage":8,"enemies":"Transient","floor":45,"turns":5},{"damage":54,"enemies":"Reptomancer","floor":46,"turns":9},{"damage":30,"enemies":"Writhing Mass","floor":48,"turns":5},{"damage":57,"enemies":"Awakened One","floor":50,"turns":17}],"seed_played":"7214344909065478764","potions_obtained":[{"floor":0,"key":"AttackPotion"},{"floor":0,"key":"Ancient Potion"},{"floor":0,"key":"Regen Potion"},{"floor":3,"key":"SpeedPotion"},{"floor":12,"key":"EntropicBrew"},{"floor":14,"key":"Poison Potion"},{"floor":22,"key":"Explosive Potion"},{"floor":23,"key":"SteroidPotion"},{"floor":30,"key":"FocusPotion"},{"floor":39,"key":"Dexterity Potion"},{"floor":40,"key":"PowerPotion"},{"floor":42,"key":"GamblersBrew"},{"floor":46,"key":"EssenceOfSteel"}],"is_trial":false,"path_per_floor":["M","?","M","M","$","E","R","E","T","M","R","M","?","E","R","B",null,"M","?","$","?","M","E","?","E","T","R","?","M","E","?","R","B",null,"M","M","$","M","M","E","R","E","T","M","M","E","$","M","R","B",null],"character_chosen":"DEFECT","items_purchased":["Defragment","Bandage Up","Double Energy","Go for the Eyes","FTL","Torii","BootSequence","Stack"],"campfire_rested":4,"item_purchase_floors":[5,20,20,20,20,37,37,47],"current_hp_per_floor":[75,68,68,66,66,58,58,37,37,44,44,42,42,36,36,30,75,60,60,60,60,43,30,30,19,19,56,56,56,14,14,66,31,75,72,75,75,75,69,34,77,87,87,87,87,35,35,11,73,29],"gold":57,"neow_bonus":"THREE_SMALL_POTIONS","is_prod":false,"is_daily":false,"chose_seed":false,"campfire_upgraded":3,"win_rate":0,"timestamp":1553001201,"path_taken":["M","?","M","M","$","E","R","E","T","M","R","M","?","E","R","BOSS","M","?","$","?","M","E","?","E","T","R","?","M","E","?","R","BOSS","M","M","$","M","M","E","R","E","T","M","M","E","$","M","R","BOSS"],"build_version":"2019-01-23","purchased_purges":1,"victory":true,"max_hp_per_floor":[75,75,75,75,75,75,75,75,75,75,75,75,75,75,75,75,75,75,75,75,75,75,75,75,75,75,75,75,75,75,75,75,75,75,75,75,75,75,75,77,77,87,87,87,87,89,89,89,89,89],"card_choices":[{"not_picked":["Streamline","Recycle"],"picked":"Cold Snap","floor":1},{"not_picked":["Go for the Eyes","Cold Snap"],"picked":"Ball Lightning","floor":3},{"not_picked":["Reinforced Body","Beam Cell"],"picked":"Hologram","floor":4},{"not_picked":["Leap","Conserve Battery"],"picked":"Defragment","floor":6},{"not_picked":["Compile Driver","Coolheaded"],"picked":"Self Repair","floor":8},{"not_picked":["Steam","Rebound"],"picked":"Ball Lightning","floor":10},{"not_picked":["Gash","Meteor Strike"],"picked":"Rebound","floor":12},{"not_picked":["Defragment","Reboot"],"picked":"Darkness","floor":14},{"not_picked":["Rainbow","Biased Cognition"],"picked":"Core Surge","floor":16},{"not_picked":["Gash","Turbo"],"picked":"Cold Snap","floor":18},{"not_picked":["Rip and Tear+1","All For One"],"picked":"Redo+1","floor":22},{"not_picked":["Ball Lightning","Recycle"],"picked":"Sunder","floor":23},{"not_picked":["FTL","Ball Lightning"],"picked":"Turbo+1","floor":25},{"not_picked":["Gash+1","Rebound"],"picked":"Recycle","floor":27},{"not_picked":["Blizzard","Self Repair"],"picked":"FTL+1","floor":29},{"not_picked":["Cold Snap","Sweeping Beam","Doom and Gloom"],"picked":"SKIP","floor":30},{"not_picked":["Loop","Rebound"],"picked":"Coolheaded","floor":32},{"not_picked":["Fission","Thunder Strike"],"picked":"Amplify","floor":33},{"not_picked":["Leap+1","Coolheaded"],"picked":"Undo+1","floor":35},{"not_picked":["Conserve Battery+1","Compile Driver"],"picked":"Glacier+1","floor":36},{"not_picked":["Steam","Buffer"],"picked":"Coolheaded+1","floor":38},{"not_picked":["Compile Driver+1","Beam Cell"],"picked":"Redo+1","floor":39},{"not_picked":["Reinforced Body+1","Ball Lightning","Hello World"],"picked":"Singing Bowl","floor":40},{"not_picked":["Steam+1","Scrape+1"],"picked":"Capacitor","floor":41},{"not_picked":["Conserve Battery","Streamline"],"picked":"Blizzard","floor":42},{"not_picked":["Sweeping Beam","Go for the Eyes"],"picked":"Reprogram+1","floor":44},{"not_picked":["Glacier+1","Thunder Strike"],"picked":"Tempest+1","floor":45},{"not_picked":["Rip and Tear","Darkness","Coolheaded"],"picked":"Singing Bowl","floor":46},{"not_picked":["Chaos","Redo+1"],"picked":"Coolheaded+1","floor":48},{"not_picked":["Gash","Consume"],"picked":"Steam+1","floor":49}],"player_experience":120295,"relics_obtained":[{"floor":6,"key":"DataDisk"},{"floor":8,"key":"Bronze Scales"},{"floor":9,"key":"Juzu Bracelet"},{"floor":14,"key":"Bag of Preparation"},{"floor":23,"key":"Sundial"},{"floor":25,"key":"Dream Catcher"},{"floor":26,"key":"Vajra"},{"floor":30,"key":"Regal Pillow"},{"floor":40,"key":"Singing Bowl"},{"floor":42,"key":"Pear"},{"floor":43,"key":"Kunai"},{"floor":46,"key":"Blood Vial"}],"event_choices":[{"cards_removed":["Strike_B"],"damage_healed":0,"gold_gain":0,"player_choice":"Card Removal","damage_taken":7,"max_hp_gain":0,"max_hp_loss":0,"event_name":"Golden Wing","floor":2,"gold_loss":0},{"damage_healed":0,"gold_gain":0,"player_choice":"Forge","damage_taken":0,"max_hp_gain":0,"max_hp_loss":0,"event_name":"Accursed Blacksmith","floor":13,"gold_loss":0,"cards_upgraded":["Defragment"]},{"damage_healed":0,"gold_gain":0,"player_choice":"Opened","damage_taken":0,"relics_obtained":["Bag of Marbles"],"max_hp_gain":0,"max_hp_loss":0,"event_name":"The Mausoleum","floor":19,"gold_loss":0},{"cards_removed":["Defend_B"],"damage_healed":0,"gold_gain":0,"player_choice":"Card Removal","damage_taken":0,"max_hp_gain":0,"max_hp_loss":0,"event_name":"Wheel of Change","floor":21,"gold_loss":0},{"damage_healed":0,"gold_gain":99,"player_choice":"Stole From Cult","damage_taken":0,"max_hp_gain":0,"max_hp_loss":0,"event_name":"Nest","floor":24,"gold_loss":0},{"cards_removed":["Strike_B"],"damage_healed":0,"gold_gain":0,"player_choice":"Gave Gold","damage_taken":0,"max_hp_gain":0,"max_hp_loss":0,"event_name":"Beggar","floor":28,"gold_loss":75},{"cards_removed":["Defend_B"],"damage_healed":0,"gold_gain":0,"player_choice":"Elegance","damage_taken":0,"max_hp_gain":0,"max_hp_loss":0,"event_name":"Back to Basics","floor":31,"gold_loss":0}],"is_beta":false,"boss_relics":[{"not_picked":["Coffee Dripper","Tiny House"],"picked":"Eternal Feather"},{"not_picked":["Snecko Eye","Cursed Key"],"picked":"Fusion Hammer"}],"items_purged_floors":[47],"is_endless":false,"potions_floor_spawned":[1,3,12,14,22,23,30,39,40,42,44,46],"ascension_level":1}