{"gold_per_floor":[110,123,123,134,150,150,180,180,180,180,213,225,246,20,20,20],"floor_reached":16,"playtime":1310,"items_purged":[],"score":140,"play_id":"b4712869-35fe-42b5-a529-7c162968907e","local_time":"20190429194133","is_ascension_mode":true,"campfire_choices":[{"data":"Metallicize","floor":6,"key":"SMITH"},{"data":"Bash","floor":8,"key":"SMITH"},{"data":"Wild Strike","floor":10,"key":"SMITH"},{"data":"Apotheosis","floor":15,"key":"SMITH"}],"neow_cost":"NONE","seed_source_timestamp":960354443443000,"circlet_count":0,"master_deck":["Strike_R","Strike_R","Strike_R","Strike_R","Strike_R","Defend_R","Defend_R","Defend_R","Defend_R","Bash+1","Ghostly Armor","Wild Strike+1","Metallicize+1","Shrug It Off","Warcry","Armaments","Intimidate","Apotheosis+1","Pommel Strike"],"relics":["Burning Blood","Peace Pipe","Odd Mushroom"],"potions_floor_usage":[16,16],"damage_taken":[{"damage":12,"enemies":"2 Louse","floor":1,"turns":4},{"damage":0,"enemies":"Small Slimes","floor":2,"turns":3},{"damage":2,"enemies":"Jaw Worm","floor":4,"turns":3},{"damage":23,"enemies":"Gremlin Gang","floor":5,"turns":9},{"damage":37,"enemies":"Lagavulin","floor":11,"turns":7},{"damage":1,"enemies":"Exordium Thugs","floor":12,"turns":5},{"damage":16,"enemies":"The Mushroom Lair","floor":13,"turns":6},{"damage":37,"enemies":"Hexaghost","floor":16,"turns":12}],"seed_played":"-6946603711008507987","potions_obtained":[{"floor":1,"key":"SkillPotion"},{"floor":11,"key":"Ancient Potion"},{"floor":12,"key":"Dexterity Potion"},{"floor":13,"key":"Dexterity Potion"}],"is_trial":false,"path_per_floor":["?","?","?"],"character_chosen":"IRONCLAD","items_purchased":["Apotheosis","Pommel Strike"],"campfire_rested":0,"item_purchase_floors":[14,14],"current_hp_per_floor":[74,80,85,89,72,72,72,72,72,72,41,46,36,36,36,0],"gold":20,"neow_bonus":"TEN_PERCENT_HP_BONUS","is_prod":false,"is_daily":false,"chose_seed":false,"campfire_upgraded":4,"win_rate":0,"timestamp":1556588493,"path_taken":["M","M","?","M","M","R","?","R","T","R","E","M","?","$","R","BOSS"],"build_version":"2019-01-23","purchased_purges":0,"victory":false,"max_hp_per_floor":[88,88,93,93,93,93,93,93,93,93,93,93,93,93,93,93],"card_choices":[{"not_picked":["Combust","Twin Strike"],"picked":"Ghostly Armor","floor":1},{"not_picked":["Flex","Havoc"],"picked":"Wild Strike","floor":2},{"not_picked":["Iron Wave","Seeing Red"],"picked":"Metallicize","floor":4},{"not_picked":["Second Wind","Clash"],"picked":"Shrug It Off","floor":5},{"not_picked":["Sever Soul","Dropkick"],"picked":"Warcry","floor":11},{"not_picked":["Heavy Blade","Iron Wave"],"picked":"Armaments","floor":12},{"not_picked":["Thunderclap","Heavy Blade"],"picked":"Intimidate","floor":13}],"player_experience":596860,"relics_obtained":[{"floor":11,"key":"Peace Pipe"},{"floor":13,"key":"Odd Mushroom"}],"event_choices":[{"damage_healed":0,"gold_gain":0,"player_choice":"Donut","damage_taken":0,"max_hp_gain":5,"max_hp_loss":0,"event_name":"Big Fish","floor":3,"gold_loss":0},{"damage_healed":0,"gold_gain":30,"player_choice":"Searched \u00271\u0027 times","damage_taken":0,"max_hp_gain":0,"max_hp_loss":0,"event_name":"Dead Adventurer","floor":7,"gold_loss":0},{"damage_healed":0,"gold_gain":0,"player_choice":"Fought Mushrooms","damage_taken":0,"max_hp_gain":0,"max_hp_loss":0,"event_name":"Mushrooms","floor":13,"gold_loss":0}],"is_beta":false,"boss_relics":[],"items_purged_floors":[],"is_endless":false,"potions_floor_spawned":[1,11,12,13],"killed_by":"Hexaghost","ascension_level":8}