{"gold_per_floor":[112,132,150,150,150,170,170,203,241,286,298,329,341,367,379,391],"floor_reached":16,"playtime":794,"items_purged":[],"score":146,"play_id":"6943ee5d-4ea7-4f6b-8072-5898d15fc929","local_time":"20181128200756","is_ascension_mode":true,"campfire_choices":[{"floor":7,"key":"REST"},{"floor":13,"key":"REST"},{"floor":15,"key":"REST"}],"neow_cost":"NONE","seed_source_timestamp":765874355669961,"circlet_count":0,"master_deck":["Strike_B","Strike_B","Strike_B","Strike_B","Defend_B","Defend_B","Defend_B","Defend_B","Zap","Dualcast","Gash","BootSequence","Beam Cell","Conserve Battery","Cold Snap"],"relics":["Lizard Tail","MawBank","Omamori","PreservedInsect"],"potions_floor_usage":[8,10,16],"damage_taken":[{"damage":0,"enemies":"Small Slimes","floor":1,"turns":3},{"damage":9,"enemies":"Jaw Worm","floor":2,"turns":4},{"damage":0,"enemies":"2 Louse","floor":3,"turns":4},{"damage":17,"enemies":"Large Slime","floor":6,"turns":9},{"damage":40,"enemies":"3 Sentries","floor":8,"turns":9},{"damage":31,"enemies":"Gremlin Nob","floor":10,"turns":5},{"damage":0,"enemies":"2 Fungi Beasts","floor":12,"turns":3},{"damage":4,"enemies":"3 Louse","floor":14,"turns":4},{"damage":80,"enemies":"Slime Boss","floor":16,"turns":11}],"seed_played":"8353245312797287898","potions_obtained":[{"floor":6,"key":"SteroidPotion"},{"floor":8,"key":"Fire Potion"},{"floor":14,"key":"SkillPotion"}],"is_trial":false,"path_per_floor":["M","M","M","?","?","M","R","E","T","E","$","M","R","M","R","B"],"character_chosen":"DEFECT","items_purchased":[],"campfire_rested":3,"item_purchase_floors":[],"current_hp_per_floor":[68,59,59,59,59,42,64,24,24,31,31,31,53,49,71,0],"gold":391,"neow_bonus":"BOSS_RELIC","is_prod":false,"is_daily":false,"chose_seed":false,"campfire_upgraded":0,"win_rate":0,"timestamp":1543432076,"path_taken":["M","M","M","?","?","M","R","E","T","E","$","M","R","M","R","BOSS"],"build_version":"2018-11-15","purchased_purges":0,"victory":false,"max_hp_per_floor":[75,75,75,75,75,75,75,75,75,75,75,75,75,75,75,75],"card_choices":[{"not_picked":["Sweeping Beam","Steam"],"picked":"Gash","floor":1},{"not_picked":["Compile Driver","Stack"],"picked":"BootSequence","floor":2},{"not_picked":["Turbo","Genetic Algorithm","Sunder"],"picked":"SKIP","floor":3},{"not_picked":["Rebound","Stack"],"picked":"Beam Cell","floor":6},{"not_picked":["Ball Lightning","BootSequence","Leap"],"picked":"SKIP","floor":8},{"not_picked":["Coolheaded","White Noise"],"picked":"Conserve Battery","floor":10},{"not_picked":["BootSequence","Meteor Strike","Capacitor"],"picked":"SKIP","floor":12},{"not_picked":["Stack","Lockon"],"picked":"Cold Snap","floor":14}],"player_experience":265241,"relics_obtained":[{"floor":8,"key":"MawBank"},{"floor":9,"key":"Omamori"},{"floor":10,"key":"PreservedInsect"}],"event_choices":[{"damage_healed":0,"gold_gain":0,"player_choice":"Ignored","damage_taken":0,"max_hp_gain":0,"max_hp_loss":0,"event_name":"Shining Light","floor":4,"gold_loss":0},{"damage_healed":0,"gold_gain":0,"player_choice":"Ignored","damage_taken":0,"max_hp_gain":0,"max_hp_loss":0,"event_name":"Liars Game","floor":5,"gold_loss":0}],"is_beta":false,"boss_relics":[],"items_purged_floors":[],"is_endless":false,"potions_floor_spawned":[6,8,14],"killed_by":"Slime Boss","ascension_level":6}