{"gold_per_floor":[99,99,99,99,99,99,24,24,24,24,24,24,24,24,24,24,24,24,24,24,24,24,24,24,24,24,24,24,24,24,24,24,24,24,24,24,24,24,24,24,24,1,1,1,1,1,1,1,1,1],"floor_reached":51,"playtime":6162,"items_purged":["Strike_G"],"score":734,"play_id":"ae89860b-5f7d-4e3e-887e-e911e24c4bf4","local_time":"20190225195147","is_ascension_mode":false,"campfire_choices":[{"data":"Leg Sweep","floor":6.0,"key":"SMITH"},{"data":"Skewer","floor":11,"key":"SMITH"},{"data":"Corpse Explosion","floor":15,"key":"SMITH"},{"data":"Adrenaline","floor":24,"key":"SMITH"},{"data":"Catalyst","floor":27,"key":"SMITH"},{"floor":32,"key":"REST"},{"floor":41,"key":"REST"},{"floor":44,"key":"REST"},{"floor":49,"key":"REST"}],"neow_cost":"NONE","seed_source_timestamp":0,"circlet_count":0,"master_deck":["Defend_G","Defend_G+1","Defend_G","Defend_G","Defend_G","Strike_G","Strike_G+1","Survivor","Neutralize","Crippling Poison+1","Leg Sweep+1","Skewer+1","Corpse Explosion+1","Adrenaline+1","Prepared","Backstab","Blur","Catalyst+1","Flying Knee+1","Venomology","Backflip","Noxious Fumes+1","Parasite","Backflip+1","Dash+1","Dodge and Roll"],"special_seed":0,"relics":["Ectoplasm"],"potions_floor_usage":[16,18,23,33,33,33,36,38,50,50,50,50],"damage_taken":[{"damage":0.0,"enemies":"2 Louse","floor":1.0,"turns":3.0},{"damage":0.0,"enemies":"Jaw Worm","floor":5.0,"turns":3.0},{"damage":11.0,"enemies":"3 Sentries","floor":8.0,"turns":12.0},{"damage":18,"enemies":"Lagavulin","floor":10,"turns":7},{"damage":0,"enemies":"Cultist","floor":13,"turns":3},{"damage":4,"enemies":"Blue Slaver","floor":14,"turns":5},{"damage":0,"enemies":"The Guardian","floor":16,"turns":8},{"damage":8,"enemies":"Spheric Guardian","floor":18,"turns":4},{"damage":0,"enemies":"Chosen","floor":20,"turns":5},{"damage":7,"enemies":"Shelled Parasite and Fungi","floor":21,"turns":8},{"damage":4,"enemies":"Gremlin Leader","floor":23,"turns":6},{"damage":1,"enemies":"Snecko","floor":25,"turns":6},{"damage":0,"enemies":"Centurion and Healer","floor":28,"turns":4},{"damage":15,"enemies":"Sentry and Sphere","floor":30,"turns":6},{"damage":0,"enemies":"3 Cultists","floor":31,"turns":2},{"damage":57,"enemies":"Automaton","floor":33,"turns":12},{"damage":7,"enemies":"Orb Walker","floor":35,"turns":4},{"damage":7,"enemies":"3 Darklings","floor":36,"turns":4},{"damage":12,"enemies":"Jaw Worm Horde","floor":37,"turns":3},{"damage":11,"enemies":"Writhing Mass","floor":38,"turns":7},{"damage":25,"enemies":"Giant Head","floor":40,"turns":9},{"damage":9,"enemies":"Maw","floor":45,"turns":7},{"damage":0,"enemies":"Jaw Worm Horde","floor":48,"turns":2},{"damage":48,"enemies":"Time Eater","floor":50,"turns":18}],"seed_played":"-6776061162758387992","potions_obtained":[{"floor":5.0,"key":"Energy Potion"},{"floor":10,"key":"PowerPotion"},{"floor":13,"key":"Strength Potion"},{"floor":16,"key":"Swift Potion"},{"floor":21,"key":"FearPotion"},{"floor":23,"key":"LiquidBronze"},{"floor":28,"key":"Explosive Potion"},{"floor":31,"key":"Block Potion"},{"floor":36,"key":"GhostInAJar"},{"floor":45,"key":"Dexterity Potion"}],"is_trial":false,"path_per_floor":["M","?","?","?","M","R","$","E","T","E","R","$","M","M","R","B",null,"M","?","M","M","?","E","R","M","T","R","M","$","M","M","R","B",null,"M","M","M","M","$","E","R","$","T","R","M","?","?","M","R","B",null],"character_chosen":"THE_SILENT","items_purchased":["Dodge and Roll"],"campfire_rested":4,"item_purchase_floors":[42],"current_hp_per_floor":[70,75,75,60,60,60,60,49,49,31,31,31,31,27,27,27,75,67,67,67,60,60,56,56,55,55,55,55,55,40,40,62,5,75,68,61,49,38,38,13,35,35,35,57,48,48,48,48,70,22],"gold":1,"neow_bonus":"BOSS_RELIC","is_prod":false,"is_daily":false,"chose_seed":false,"campfire_upgraded":5,"win_rate":0,"timestamp":1551153107,"path_taken":["M","?","?","?","?","R","$","E","T","E","R","?","?","M","R","BOSS","M","?","M","M","?","E","R","M","T","R","M","?","M","?","R","BOSS","M","M","?","?","$","E","R","$","T","R","M","?","?","M","R","BOSS"],"build_version":"2019-01-23","purchased_purges":1,"victory":true,"max_hp_per_floor":[70,75,75,75,75,75,75,75,75,75,75,75,75,75,75,75,75,75,75,75,75,75,75,75,75,75,75,75,75,75,75,75,75,75,75,75,75,75,75,75,75,75,75,75,75,75,75,75,75,75],"card_choices":[{"not_picked":["Bane","Deadly Poison"],"picked":"Crippling Poison","floor":1.0},{"not_picked":["Underhanded Strike","Sucker Punch"],"picked":"Leg Sweep","floor":5.0},{"not_picked":["Dodge and Roll","Leg Sweep"],"picked":"Skewer","floor":8},{"not_picked":["Heel Hook","Quick Slash","Outmaneuver"],"picked":"SKIP","floor":10},{"not_picked":["Bane","Prepared","All Out Attack"],"picked":"SKIP","floor":13},{"not_picked":["Flechettes","Underhanded Strike"],"picked":"Corpse Explosion","floor":14},{"not_picked":["Wraith Form v2","Storm of Steel"],"picked":"Adrenaline","floor":16},{"not_picked":["PiercingWail","Tactician","Blade Dance"],"picked":"SKIP","floor":18},{"not_picked":["Reflex","Slice+1"],"picked":"Blur","floor":20},{"not_picked":["Outmaneuver","Dagger Spray","Skewer"],"picked":"SKIP","floor":21},{"not_picked":["Quick Slash","Grand Finale","Deflect+1"],"picked":"SKIP","floor":23},{"not_picked":["Sucker Punch+1","Predator"],"picked":"Catalyst","floor":25},{"not_picked":["Eviscerate","Slice+1","Dodge and Roll"],"picked":"SKIP","floor":28},{"not_picked":["Underhanded Strike","Dagger Spray","Prepared"],"picked":"SKIP","floor":30},{"not_picked":["Distraction","Slice"],"picked":"Flying Knee+1","floor":31},{"not_picked":["Glass Knife","Die Die Die"],"picked":"Venomology","floor":33},{"not_picked":["Underhanded Strike+1","Quick Slash+1"],"picked":"Backflip","floor":35},{"not_picked":["Dagger Throw","Distraction","Blade Dance+1"],"picked":"SKIP","floor":36},{"not_picked":["Eviscerate+1","Cloak And Dagger+1"],"picked":"Noxious Fumes+1","floor":37},{"not_picked":["Caltrops+1","Concentrate"],"picked":"Backflip+1","floor":38},{"not_picked":["Acrobatics+1","Wraith Form v2"],"picked":"Dash+1","floor":40},{"not_picked":["Acrobatics","Flying Knee","PiercingWail+1"],"picked":"SKIP","floor":45},{"not_picked":["Blade Dance+1","Accuracy+1","Sucker Punch+1"],"picked":"SKIP","floor":48}],"player_experience":455902,"relics_obtained":[],"event_choices":[{"damage_healed":0.0,"max_hp_gain":5.0,"max_hp_loss":0.0,"gold_gain":0.0,"event_name":"Big Fish","player_choice":"Donut","floor":2.0,"gold_loss":0.0,"damage_taken":0.0},{"damage_healed":0.0,"max_hp_gain":0.0,"max_hp_loss":0.0,"gold_gain":0.0,"event_name":"Living Wall","player_choice":"Grow","floor":3.0,"gold_loss":0.0,"damage_taken":0.0,"cards_upgraded":["Crippling Poison"]},{"damage_healed":0.0,"max_hp_gain":0.0,"max_hp_loss":0.0,"gold_gain":0.0,"event_name":"Shining Light","player_choice":"Entered Light","floor":4.0,"gold_loss":0.0,"damage_taken":15.0,"cards_upgraded":["Strike_G","Defend_G"]},{"damage_healed":0,"gold_gain":0,"cards_transformed":["Strike_G","Strike_G"],"player_choice":"Became Test Subject","damage_taken":0,"max_hp_gain":0,"max_hp_loss":0,"event_name":"Drug Dealer","floor":19,"gold_loss":0,"cards_obtained":["Prepared","Backstab"]},{"damage_healed":0,"gold_gain":0,"player_choice":"Memory 1","damage_taken":0,"max_hp_gain":0,"max_hp_loss":0,"event_name":"SensoryStone","floor":46,"gold_loss":0},{"damage_healed":0,"gold_gain":0,"player_choice":"Ignored","damage_taken":0,"max_hp_gain":0,"max_hp_loss":0,"event_name":"Mysterious Sphere","floor":47,"gold_loss":0}],"is_beta":false,"boss_relics":[{"not_picked":["Coffee Dripper","Busted Crown","Fusion Hammer"]},{"not_picked":["Velvet Choker","Pandora\u0027s Box","Cursed Key"]}],"items_purged_floors":[7],"is_endless":false,"potions_floor_spawned":[5,10,13,14,16,21,23,28,31,36,40,45],"ascension_level":0}