{"gold_per_floor":[16,16,34,54,54,54,74,74,74,93,93,105,123,157,157,157],"floor_reached":16,"playtime":544,"items_purged":[],"score":161,"play_id":"e88fc106-6b90-48d7-a46e-b349429d2d95","local_time":"20190503214839","is_ascension_mode":true,"campfire_choices":[{"data":"True Grit","floor":6.0,"key":"SMITH"},{"data":"Flex","floor":8.0,"key":"SMITH"},{"data":"Flex","floor":11.0,"key":"SMITH"},{"data":"Limit Break","floor":15.0,"key":"SMITH"}],"neow_cost":"NO_GOLD","seed_source_timestamp":1772877417137353,"circlet_count":0,"master_deck":["AscendersBane","Strike_R","Strike_R","Strike_R","Strike_R","Strike_R","Defend_R","Defend_R","Defend_R","Defend_R","Bash","Limit Break+1","True Grit+1","Flex+1","Intimidate","Flex+1","Twin Strike"],"special_seed":0,"relics":["Burning Blood","Singing Bowl","Ornamental Fan"],"potions_floor_usage":[],"damage_taken":[{"damage":0.0,"enemies":"2 Louse","floor":1.0,"turns":4.0},{"damage":14.0,"enemies":"Jaw Worm","floor":3.0,"turns":4.0},{"damage":0.0,"enemies":"Cultist","floor":4.0,"turns":3.0},{"damage":19.0,"enemies":"Red Slaver","floor":7.0,"turns":4.0},{"damage":9.0,"enemies":"Looter","floor":10.0,"turns":3.0},{"damage":9.0,"enemies":"2 Fungi Beasts","floor":12.0,"turns":3.0},{"damage":28.0,"enemies":"Lots of Slimes","floor":13.0,"turns":6.0},{"damage":16.0,"enemies":"Gremlin Nob","floor":14.0,"turns":3.0},{"damage":34,"enemies":"Hexaghost","floor":16,"turns":7}],"seed_played":"-4040463242167025830","potions_obtained":[{"floor":4.0,"key":"Regen Potion"},{"floor":7.0,"key":"AttackPotion"},{"floor":13.0,"key":"Strength Potion"}],"is_trial":false,"path_per_floor":["M","?","M","M","$","R","M","R","T","M","R","M","M","E","R","B"],"character_chosen":"IRONCLAD","items_purchased":[],"campfire_rested":0,"item_purchase_floors":[],"current_hp_per_floor":[78,78,70,76,76,76,63,63,63,60,60,59,37,34,34,0],"gold":157,"neow_bonus":"THREE_RARE_CARDS","is_prod":false,"is_daily":false,"chose_seed":false,"campfire_upgraded":4,"win_rate":0,"timestamp":1556887719,"path_taken":["M","?","M","M","?","R","M","R","T","M","R","M","M","E","R","BOSS"],"build_version":"2019-01-23","purchased_purges":0,"victory":false,"max_hp_per_floor":[80,80,80,80,80,80,80,80,80,80,80,82,82,84,84,84],"card_choices":[{"not_picked":["Barricade","Brutality"],"picked":"Limit Break","floor":0.0},{"not_picked":["Anger","Clothesline"],"picked":"True Grit","floor":1.0},{"not_picked":["Battle Trance","Uppercut"],"picked":"Flex","floor":3.0},{"not_picked":["Entrench","Perfected Strike"],"picked":"Intimidate","floor":4.0},{"not_picked":["Intimidate","Perfected Strike","Burning Pact"],"picked":"SKIP","floor":7.0},{"not_picked":["Iron Wave","Clash"],"picked":"Flex","floor":10.0},{"not_picked":["Wild Strike","Cleave","Thunderclap"],"picked":"Singing Bowl","floor":12.0},{"not_picked":["Demon Form","Warcry"],"picked":"Twin Strike","floor":13.0},{"not_picked":["Clash","Anger","Perfected Strike"],"picked":"Singing Bowl","floor":14.0}],"player_experience":479071,"relics_obtained":[{"floor":9.0,"key":"Singing Bowl"},{"floor":14.0,"key":"Ornamental Fan"}],"event_choices":[{"damage_healed":0.0,"max_hp_gain":0.0,"max_hp_loss":0.0,"gold_gain":0.0,"event_name":"The Cleric","player_choice":"Leave","floor":2.0,"gold_loss":0.0,"damage_taken":0.0}],"is_beta":false,"boss_relics":[],"items_purged_floors":[],"is_endless":false,"potions_floor_spawned":[4,7,12,13],"killed_by":"Hexaghost","ascension_level":11}