{"gold_per_floor":[116,142,155,155,165,165,196,196,496,507,539,539,559,590,590,689,689,699,699,718,154,164,197,197,230,230,261,261,2,2,21,21,122,122,141,141,91,101,101,101,112,112,136,136],"floor_reached":44,"playtime":1731,"items_purged":["Strike_B","Writhe"],"score":610,"play_id":"c5ab4abc-2a8a-409c-bdf8-6f6fa5913413","local_time":"20190109191446","is_ascension_mode":true,"campfire_choices":[{"data":"Rip and Tear","floor":6,"key":"SMITH"},{"data":"Sweeping Beam","floor":8,"key":"SMITH"},{"data":"Beam Cell","floor":15,"key":"SMITH"},{"floor":24,"key":"REST"},{"data":"Hologram","floor":28,"key":"SMITH"},{"data":"Panache","floor":30,"key":"SMITH"},{"data":"Hologram","floor":32,"key":"SMITH"},{"data":"Zap","floor":40,"key":"SMITH"},{"data":"Beam Cell","floor":42,"key":"SMITH"}],"neow_cost":"NONE","seed_source_timestamp":342221955626267,"circlet_count":0,"master_deck":["Strike_B","Defend_B+1","Defend_B","Zap+1","Dualcast","Melter","Hologram+1","Rip and Tear+1","Sweeping Beam+1","Genetic Algorithm","Beam Cell+1","Undo","Reboot","Fusion+1","FTL","Leap+1","Glacier+1","All For One","Gash","White Noise+1","Sunder+1","Steam","Rip and Tear","Sweeping Beam+1","Panache+1","Swift Strike","Hologram+1","Beam Cell+1","All For One","Doubt","Parasite","Injury","Leap+1","Rip and Tear","Steam","Ball Lightning","Stack"],"relics":["Cracked Core","Lantern","Dream Catcher","Smiling Mask","Old Coin","Sundial","Torii","Prayer Wheel","Empty Cage","Membership Card","Letter Opener","Mercury Hourglass","Ornamental Fan","Pantograph","Pear","Pen Nib","Meat on the Bone","Calling Bell","War Paint","Frozen Egg 2","Du-Vu Doll","Potion Belt"],"potions_floor_usage":[7,11,14,25,27,31,35],"damage_taken":[{"damage":0,"enemies":"Cultist","floor":1,"turns":2},{"damage":0,"enemies":"2 Louse","floor":3,"turns":2},{"damage":0,"enemies":"Jaw Worm","floor":5,"turns":3},{"damage":12,"enemies":"3 Sentries","floor":7,"turns":4},{"damage":0,"enemies":"Large Slime","floor":10,"turns":3},{"damage":0,"enemies":"Gremlin Nob","floor":11,"turns":2},{"damage":0,"enemies":"Red Slaver","floor":13,"turns":1},{"damage":23,"enemies":"Lagavulin","floor":14,"turns":5},{"damage":18,"enemies":"Slime Boss","floor":16,"turns":9},{"damage":0,"enemies":"Spheric Guardian","floor":18,"turns":1},{"damage":7,"enemies":"Chosen","floor":20,"turns":3},{"damage":8,"enemies":"Snecko","floor":22,"turns":5},{"damage":32,"enemies":"Gremlin Leader","floor":23,"turns":6},{"damage":39,"enemies":"Book of Stabbing","floor":25,"turns":5},{"damage":9,"enemies":"Slavers","floor":27,"turns":3},{"damage":1,"enemies":"Centurion and Healer","floor":31,"turns":3},{"damage":2,"enemies":"Collector","floor":33,"turns":6},{"damage":15,"enemies":"3 Shapes","floor":35,"turns":4},{"damage":0,"enemies":"Orb Walker","floor":38,"turns":2},{"damage":18,"enemies":"3 Darklings","floor":41,"turns":5},{"damage":79,"enemies":"Nemesis","floor":44,"turns":4}],"seed_played":"-7905603057717544018","potions_obtained":[{"floor":3,"key":"Explosive Potion"},{"floor":5,"key":"FocusPotion"},{"floor":10,"key":"FearPotion"},{"floor":13,"key":"SpeedPotion"},{"floor":16,"key":"SpeedPotion"},{"floor":23,"key":"GamblersBrew"},{"floor":25,"key":"Explosive Potion"},{"floor":27,"key":"FearPotion"},{"floor":31,"key":"GamblersBrew"}],"is_trial":false,"path_per_floor":["M","T","M","?","M","R","E","R","T","M","E","?","M","E","R","B",null,"M","?","M","$","M","E","R","E","T","E","R","$","R","M","R","B",null,"M","?","$","M","?","R","M","R","T","E"],"character_chosen":"DEFECT","items_purchased":["Membership Card","All For One","Letter Opener","Mercury Hourglass","Meat on the Bone","Panache","Swift Strike"],"campfire_rested":1,"item_purchase_floors":[21,21,21,21,29,29,29],"current_hp_per_floor":[75,75,75,75,75,75,63,63,63,63,63,63,63,40,40,22,75,75,75,68,68,60,28,50,11,21,12,12,12,12,23,23,46,85,70,85,85,85,85,85,67,67,67,0],"gold":136,"neow_bonus":"RANDOM_COMMON_RELIC","is_prod":false,"is_daily":false,"chose_seed":false,"campfire_upgraded":8,"win_rate":0,"timestamp":1547061286,"path_taken":["M","?","M","?","?","R","E","R","T","M","E","?","M","E","R","BOSS","M","?","M","$","?","E","R","E","T","E","R","?","R","M","R","BOSS","M","?","$","M","?","R","?","R","T","E"],"build_version":"2019-01-03v4","purchased_purges":2,"victory":false,"max_hp_per_floor":[75,75,75,75,75,75,75,75,75,75,75,75,75,75,75,75,75,75,75,75,75,75,75,75,75,85,85,85,85,85,85,85,85,85,85,85,85,85,85,85,85,85,85,85],"card_choices":[{"not_picked":["Beam Cell","Sweeping Beam"],"picked":"Melter","floor":1},{"not_picked":["Steam Power","Barrage"],"picked":"Hologram","floor":3},{"not_picked":["White Noise","FTL"],"picked":"Rip and Tear","floor":5},{"not_picked":["Leap","Steam"],"picked":"Sweeping Beam","floor":7},{"not_picked":["Heatsinks","Beam Cell"],"picked":"Genetic Algorithm","floor":10},{"not_picked":["Defragment","Compile Driver"],"picked":"Beam Cell","floor":11},{"not_picked":["Turbo","Static Discharge","Self Repair"],"picked":"SKIP","floor":13},{"not_picked":["Force Field","Heatsinks"],"picked":"Undo","floor":14},{"not_picked":["Multi-Cast","Thunder Strike"],"picked":"Reboot","floor":16},{"not_picked":["Melter","Steam"],"picked":"Fusion+1","floor":18},{"not_picked":["Sweeping Beam+1","Redo+1"],"picked":"FTL","floor":18},{"not_picked":["Tempest","Coolheaded"],"picked":"Leap+1","floor":20},{"not_picked":["Doom and Gloom+1","Consume"],"picked":"Glacier","floor":20},{"not_picked":["Go for the Eyes","Stack"],"picked":"Gash","floor":22},{"not_picked":["Coolheaded+1","Streamline+1"],"picked":"White Noise+1","floor":22},{"not_picked":["Rebound","Stack"],"picked":"Sunder+1","floor":23},{"not_picked":["Undo+1","Multi-Cast"],"picked":"Steam","floor":24},{"not_picked":["Storm","Barrage+1"],"picked":"Rip and Tear","floor":25},{"not_picked":["Turbo","Steam+1"],"picked":"Sweeping Beam+1","floor":27},{"not_picked":["Rebound","Compile Driver"],"picked":"Hologram","floor":31},{"not_picked":["White Noise","Force Field"],"picked":"Beam Cell","floor":31},{"not_picked":["Fission","Creative AI"],"picked":"All For One","floor":33},{"not_picked":["Melter","Cold Snap+1"],"picked":"Leap+1","floor":35},{"not_picked":["Redo","Sweeping Beam"],"picked":"Rip and Tear","floor":35},{"not_picked":["Streamline","Meteor Strike"],"picked":"Steam","floor":38},{"not_picked":["Hello World+1","Rip and Tear","Turbo"],"picked":"SKIP","floor":38},{"not_picked":["Redo","Barrage"],"picked":"Ball Lightning","floor":41},{"not_picked":["Doom and Gloom+1","Go for the Eyes+1"],"picked":"Stack","floor":41}],"player_experience":30729,"relics_obtained":[{"floor":2,"key":"Dream Catcher"},{"floor":7,"key":"Smiling Mask"},{"floor":9,"key":"Old Coin"},{"floor":11,"key":"Sundial"},{"floor":14,"key":"Prayer Wheel"},{"floor":23,"key":"Ornamental Fan"},{"floor":25,"key":"Pantograph"},{"floor":26,"key":"Pear"},{"floor":27,"key":"Pen Nib"},{"floor":34,"key":"War Paint"},{"floor":34,"key":"Frozen Egg 2"},{"floor":34,"key":"Du-Vu Doll"},{"floor":43,"key":"Potion Belt"}],"event_choices":[{"cards_removed":["Strike_B"],"damage_healed":0,"gold_gain":0,"player_choice":"Card Removal","damage_taken":0,"max_hp_gain":0,"max_hp_loss":0,"event_name":"Wheel of Change","floor":4,"gold_loss":0},{"damage_healed":0,"gold_gain":0,"player_choice":"Box","damage_taken":0,"relics_obtained":["Torii"],"max_hp_gain":0,"max_hp_loss":0,"event_name":"Big Fish","floor":12,"gold_loss":0,"cards_obtained":["Regret"]},{"cards_removed":["Defend_B"],"damage_healed":0,"gold_gain":0,"player_choice":"Purged","damage_taken":0,"max_hp_gain":0,"max_hp_loss":0,"event_name":"Purifier","floor":19,"gold_loss":0},{"damage_healed":21,"gold_gain":0,"player_choice":"Writhe","damage_taken":0,"max_hp_gain":0,"max_hp_loss":0,"event_name":"Winding Halls","floor":36,"gold_loss":0,"cards_obtained":["Writhe"]},{"cards_removed":["Strike_B"],"damage_healed":0,"gold_gain":0,"player_choice":"Offered Basic","damage_taken":0,"max_hp_gain":0,"max_hp_loss":0,"event_name":"Bonfire Elementals","floor":39,"gold_loss":0}],"is_beta":false,"boss_relics":[{"not_picked":["Fusion Hammer","Eternal Feather"],"picked":"Empty Cage"},{"not_picked":["Inserter","Runic Dome"],"picked":"Calling Bell"}],"items_purged_floors":[21,37],"is_endless":false,"potions_floor_spawned":[3,5,10,13,16,23,25,27,31],"killed_by":"Nemesis","ascension_level":3}