{"gold_per_floor":[112,130,150,160,175,175,206,206,257,284,295,295,470,486,486,581,581,600,617,628,638,293,324,324,354,354,453,466,466,51,51,51,153,153,173,183,183,183,183,209,209,209,209,220,220,238,284,303,303,303],"floor_reached":51,"playtime":2924,"items_purged":["Doubt","Strike_B"],"score":892,"play_id":"b4890360-16c4-424d-9545-1548f7abc2a6","local_time":"20180814120056","is_ascension_mode":true,"campfire_choices":[{"data":"Zap","floor":6,"key":"SMITH"},{"floor":12,"key":"REST"},{"data":"Defragment","floor":15,"key":"SMITH"},{"data":"Apotheosis","floor":24,"key":"SMITH"},{"floor":29,"key":"REST"},{"floor":32,"key":"REST"},{"floor":42,"key":"DIG"},{"floor":45,"key":"DIG"},{"floor":49,"key":"REST"}],"neow_cost":"NONE","seed_source_timestamp":84943105937819,"circlet_count":0,"master_deck":["Strike_B","Strike_B","Strike_B","Defend_B+1","Defend_B","Defend_B","Defend_B+1","Zap+1","Dualcast","Amplify","Genetic Algorithm+1","Steam","Ball Lightning","Leap+1","Defragment+1","Defragment","Glacier","Seek","Loop+1","Reprogram+1","Coolheaded+1","Apotheosis+1","Loop","Undo+1","Machine Learning","Force Field+1","Secret Weapon","Chill+1","Compile Driver","Hologram","Defragment","Storm"],"relics":["Cracked Core","Bronze Scales","Art of War","Pear","Sozu","Oddly Smooth Stone","Ornamental Fan","Shovel","Turnip","Du-Vu Doll","Velvet Choker","Bottled Tornado","Gambling Chip","Shuriken","Symbiotic Virus","War Paint","Sundial"],"potions_floor_usage":[10,16,20,25],"damage_taken":[{"damage":0,"enemies":"Small Slimes","floor":1,"turns":3},{"damage":4,"enemies":"2 Louse","floor":2,"turns":3},{"damage":0,"enemies":"Cultist","floor":3,"turns":3},{"damage":9,"enemies":"2 Fungi Beasts","floor":4,"turns":3},{"damage":8,"enemies":"Blue Slaver","floor":5,"turns":3},{"damage":16,"enemies":"3 Sentries","floor":7,"turns":6},{"damage":11,"enemies":"Lagavulin","floor":10,"turns":6},{"damage":11,"enemies":"Exordium Wildlife","floor":11,"turns":5},{"damage":0,"enemies":"2 Fungi Beasts","floor":14,"turns":3},{"damage":0,"enemies":"Slime Boss","floor":16,"turns":9},{"damage":12,"enemies":"Chosen","floor":18,"turns":3},{"damage":0,"enemies":"Spheric Guardian","floor":19,"turns":3},{"damage":19,"enemies":"Centurion and Healer","floor":20,"turns":9},{"damage":10,"enemies":"Snake Plant","floor":21,"turns":3},{"damage":9,"enemies":"Book of Stabbing","floor":23,"turns":5},{"damage":30,"enemies":"Slavers","floor":25,"turns":5},{"damage":0,"enemies":"Sentry and Sphere","floor":28,"turns":4},{"damage":10,"enemies":"Champ","floor":33,"turns":9},{"damage":40,"enemies":"3 Darklings","floor":35,"turns":6},{"damage":9,"enemies":"Flame Bruiser 1 Orb","floor":36,"turns":7},{"damage":0,"enemies":"Nemesis","floor":40,"turns":10},{"damage":1,"enemies":"3 Darklings","floor":44,"turns":8},{"damage":0,"enemies":"4 Shapes","floor":46,"turns":5},{"damage":5,"floor":47,"turns":8},{"damage":0,"enemies":"Flame Bruiser 2 Orb","floor":48,"turns":7},{"damage":36,"enemies":"Donu and Deca","floor":50,"turns":8}],"seed_played":"6873410389420829634","potions_obtained":[{"floor":1,"key":"Explosive Potion"},{"floor":2,"key":"Weak Potion"},{"floor":4,"key":"FocusPotion"},{"floor":11,"key":"SpeedPotion"},{"floor":14,"key":"Fire Potion"}],"is_trial":false,"path_per_floor":["M","M","M","M","M","R","E","?","T","E","M","R","?","M","R","B",null,"M","M","M","M","$","E","R","E","T","?","M","R","$","?","R","B",null,"M","M","$","?","?","E","T","R","T","M","R","M","?","M","R","B"],"character_chosen":"DEFECT","items_purchased":["Apotheosis","Loop","Turnip"],"campfire_rested":4,"item_purchase_floors":[22,22,30],"current_hp_per_floor":[75,71,71,62,54,54,38,23,23,22,11,36,36,36,36,36,85,73,73,54,44,44,35,35,5,5,5,5,30,30,30,55,45,85,45,36,36,36,36,36,36,36,36,35,35,35,30,30,55,19],"gold":303,"neow_bonus":"ONE_RANDOM_RARE_CARD","is_prod":false,"is_daily":false,"chose_seed":false,"campfire_upgraded":3,"win_rate":0,"timestamp":1534273256,"path_taken":["M","M","M","M","M","R","E","?","T","E","?","R","?","M","R","BOSS","M","M","M","M","$","E","R","E","T","?","M","R","$","?","R","BOSS","M","M","$","?","?","E","?","R","T","M","R","?","?","?","R","BOSS"],"build_version":"2018-08-09","purchased_purges":2,"victory":true,"max_hp_per_floor":[75,75,75,75,75,75,75,75,75,85,85,85,85,85,85,85,85,85,85,85,85,85,85,85,85,85,85,85,85,85,85,85,85,85,85,85,85,85,85,85,85,85,85,85,85,85,85,85,85,85],"card_choices":[{"not_picked":["Coolheaded","Steam"],"picked":"Genetic Algorithm","floor":1},{"not_picked":["Beam Cell","Steam Power"],"picked":"Steam","floor":2},{"not_picked":["Rebound","Streamline"],"picked":"Ball Lightning","floor":3},{"not_picked":["Rebound","Scrape","Steam"],"picked":"SKIP","floor":4},{"not_picked":["Steam","Beam Cell"],"picked":"Leap","floor":5},{"not_picked":["Scrape","Rebound"],"picked":"Cold Snap","floor":7},{"not_picked":["Turbo","Barrage"],"picked":"Defragment","floor":10},{"not_picked":["Redo","Barrage"],"picked":"Defragment","floor":11},{"not_picked":["Creative AI","Genetic Algorithm"],"picked":"Glacier","floor":14},{"not_picked":["Thunder Strike","Hyperbeam"],"picked":"Seek","floor":16},{"not_picked":["Beam Cell","Rebound+1"],"picked":"Loop+1","floor":18},{"not_picked":["Beam Cell","Biased Cognition"],"picked":"Reprogram+1","floor":19},{"not_picked":["Static Discharge","Reprogram+1"],"picked":"Coolheaded+1","floor":20},{"not_picked":["Sweeping Beam+1","Barrage","Beam Cell"],"picked":"SKIP","floor":21},{"not_picked":["Aggregate+1","Go for the Eyes","Barrage"],"picked":"SKIP","floor":23},{"not_picked":["Force Field","Fission"],"picked":"Undo+1","floor":25},{"not_picked":["Turbo","Sweeping Beam+1","Steam"],"picked":"SKIP","floor":28},{"not_picked":["Reboot","Hyperbeam"],"picked":"Machine Learning","floor":33},{"not_picked":["Go for the Eyes+1","Rebound","Skim"],"picked":"SKIP","floor":35},{"not_picked":["Hologram+1","Rebound+1"],"picked":"Force Field+1","floor":36},{"not_picked":["Panache","Trip"],"picked":"Secret Weapon","floor":39},{"not_picked":["Turbo","Rebound"],"picked":"Chill+1","floor":40},{"not_picked":["Auto Shields+1","Rebound"],"picked":"Compile Driver","floor":44},{"not_picked":["Coolheaded","BootSequence"],"picked":"Hologram","floor":46},{"not_picked":["Coolheaded","Doom and Gloom"],"picked":"Defragment","floor":47},{"not_picked":["Coolheaded+1","Go for the Eyes+1"],"picked":"Storm","floor":48}],"player_experience":58473,"relics_obtained":[{"floor":7,"key":"Bronze Scales"},{"floor":9,"key":"Art of War"},{"floor":10,"key":"Pear"},{"floor":23,"key":"Oddly Smooth Stone"},{"floor":25,"key":"Ornamental Fan"},{"floor":26,"key":"Shovel"},{"floor":40,"key":"Bottled Tornado"},{"floor":41,"key":"Gambling Chip"},{"floor":42,"key":"Shuriken"},{"floor":43,"key":"Symbiotic Virus"},{"floor":45,"key":"War Paint"},{"floor":47,"key":"Sundial"}],"event_choices":[{"event_name":"Shining Light","player_choice":"Entered Light","floor":8,"damage_taken":0},{"event_name":"Liars Game","player_choice":"agreed","floor":13,"damage_taken":0},{"event_name":"Nest","player_choice":"Stole From Cult","floor":27,"damage_taken":0},{"event_name":"The Mausoleum","player_choice":"Yes","floor":31,"damage_taken":0},{"event_name":"Falling","player_choice":"Removed Attack","floor":38,"damage_taken":0},{"event_name":"SensoryStone","player_choice":"Memory 1","floor":39,"damage_taken":0},{"event_name":"Mysterious Sphere","player_choice":"Fight","floor":47,"damage_taken":0}],"is_beta":false,"boss_relics":[{"not_picked":["Ectoplasm","Busted Crown"],"picked":"Sozu"},{"not_picked":["Philosopher\u0027s Stone","FrozenCore"],"picked":"Velvet Choker"}],"items_purged_floors":[22,30],"is_endless":false,"potions_floor_spawned":[1,2,4,11,14,18,21,23,33,35,36,47],"ascension_level":3}