{"gold_per_floor":[216,216,227,26,45,79,79,95,173,173,193,36,69,69,69,174,174,185,99,99,116,215,215,215,60,60,71,71,81,81,104,104,206,206,226,236,251,351,35,60,60,87,114,131,149,149,149,161,161,161],"floor_reached":50,"playtime":3786,"items_purged":["Strike_G","Strike_G","Defend_G"],"score":612,"play_id":"c363ef6b-fc6d-4816-9cf6-cdad4c1b6d4d","local_time":"20181207120744","is_ascension_mode":true,"campfire_choices":[{"floor":7.0,"key":"REST"},{"floor":10.0,"key":"REST"},{"floor":15.0,"key":"REST"},{"data":"Burst","floor":23.0,"key":"SMITH"},{"floor":30.0,"key":"REST"},{"floor":32.0,"key":"REST"},{"floor":41,"key":"REST"},{"data":"Noxious Fumes","floor":47,"key":"SMITH"},{"data":"Backflip","floor":49,"key":"SMITH"}],"neow_cost":"NONE","seed_source_timestamp":0,"circlet_count":0,"master_deck":["Defend_G","Defend_G","Defend_G","Defend_G","Survivor","Neutralize","Noxious Fumes","Deadly Poison","Backflip+1","Corpse Explosion","Burst+1","Footwork","Noxious Fumes+1","Deadly Poison+1","Backstab+1","Bullet Time+1","Dodge and Roll+1","Bane+1","Prepared+1","Bouncing Flask+1","Backflip+1"],"special_seed":0,"relics":["Ring of the Snake","Membership Card","Thread and Needle","Molten Egg 2","Meat on the Bone","Bag of Marbles","Prayer Wheel","Dream Catcher","Nilry\u0027s Codex","Boot","Astrolabe","Calipers","TwistedFunnel","Paper Crane","Bottled Lightning","Ginger","Pen Nib"],"potions_floor_usage":[36,40,42,44,45],"damage_taken":[{"damage":8.0,"enemies":"Cultist","floor":1.0,"turns":4.0},{"damage":7.0,"enemies":"2 Louse","floor":3.0,"turns":3.0},{"damage":2.0,"enemies":"Small Slimes","floor":5.0,"turns":3.0},{"damage":44.0,"enemies":"Gremlin Nob","floor":6.0,"turns":5.0},{"damage":0.0,"enemies":"Looter","floor":8.0,"turns":4.0},{"damage":5.0,"enemies":"3 Louse","floor":11.0,"turns":4.0},{"damage":26.0,"enemies":"3 Sentries","floor":13.0,"turns":10.0},{"damage":25.0,"enemies":"The Guardian","floor":16.0,"turns":10.0},{"damage":3.0,"enemies":"3 Byrds","floor":18.0,"turns":2.0},{"damage":31.0,"enemies":"Colosseum Slavers","floor":20.0,"turns":3.0},{"damage":12.0,"enemies":"Shell Parasite","floor":21.0,"turns":6.0},{"damage":33.0,"enemies":"Centurion and Healer","floor":27.0,"turns":7.0},{"damage":2.0,"enemies":"Snecko","floor":29.0,"turns":6.0},{"damage":33.0,"enemies":"Automaton","floor":33.0,"turns":10.0},{"damage":0,"enemies":"3 Shapes","floor":35,"turns":3},{"damage":3,"enemies":"Orb Walker","floor":36,"turns":4},{"damage":26,"enemies":"Maw","floor":37,"turns":7},{"damage":19,"enemies":"Mind Bloom Boss Battle","floor":38,"turns":7},{"damage":1,"enemies":"Nemesis","floor":40,"turns":7},{"damage":47,"enemies":"Reptomancer","floor":42,"turns":6},{"damage":15,"enemies":"3 Darklings","floor":44,"turns":4},{"damage":0,"enemies":"Transient","floor":45,"turns":5},{"damage":0,"enemies":"Maw","floor":48,"turns":5},{"damage":80,"enemies":"Awakened One","floor":50,"turns":10}],"seed_played":"3273915997463864964","potions_obtained":[{"floor":3.0,"key":"AttackPotion"},{"floor":6.0,"key":"Ancient Potion"},{"floor":16.0,"key":"Regen Potion"},{"floor":29.0,"key":"Dexterity Potion"},{"floor":33.0,"key":"Block Potion"},{"floor":35,"key":"Ancient Potion"},{"floor":42,"key":"Energy Potion"},{"floor":44,"key":"Poison Potion"}],"is_trial":false,"path_per_floor":["M","$","M","$","M","E","R","M","T","R","M","$","E","?","R","B",null,"M","$","?","M","?","R","?","$","T","M","?","M","R","T","R","B",null,"M","M","M","?","$","E","R","E","T","M","M","?","R","M","R","B"],"character_chosen":"THE_SILENT","items_purchased":["Membership Card","Meat on the Bone","Noxious Fumes","Prayer Wheel","TwistedFunnel","Paper Crane","Weak Potion"],"campfire_rested":6,"item_purchase_floors":[4,12,19,25,39,39,39],"current_hp_per_floor":[62,62,55,55,53,9,30,30,30,51,46,46,32,32,53,40,70,67,67,45,45,45,45,45,45,45,24,8,18,39,39,60,39,70,70,67,41,34,34,45,66,31,31,28,40,70,70,70,70,0],"gold":161,"neow_bonus":"HUNDRED_GOLD","is_prod":false,"is_daily":false,"chose_seed":false,"campfire_upgraded":3,"win_rate":0,"timestamp":1544180864,"path_taken":["M","$","?","$","M","E","R","?","T","R","M","$","E","?","R","BOSS","M","$","?","M","?","R","?","$","T","M","?","M","R","?","R","BOSS","M","?","M","?","$","E","R","E","T","M","M","?","R","M","R","BOSS"],"build_version":"2018-12-06","purchased_purges":3,"victory":false,"max_hp_per_floor":[70,70,70,70,70,70,70,70,70,70,70,70,70,70,70,70,70,70,70,70,70,70,70,70,70,70,70,70,70,70,70,70,70,70,70,70,70,70,70,70,70,70,70,70,70,70,70,70,70,70],"card_choices":[{"not_picked":["PiercingWail","Bane"],"picked":"Noxious Fumes","floor":1.0},{"not_picked":["Poisoned Stab","Predator"],"picked":"Deadly Poison","floor":3.0},{"not_picked":["Sucker Punch","Finisher","Underhanded Strike"],"picked":"SKIP","floor":5.0},{"not_picked":["Wraith Form v2","Skewer","Choke"],"picked":"SKIP","floor":6.0},{"not_picked":["PiercingWail","Quick Slash","Riddle With Holes"],"picked":"SKIP","floor":8.0},{"not_picked":["PiercingWail","Dash+1"],"picked":"Backflip","floor":11.0},{"not_picked":["Accuracy","Dodge and Roll"],"picked":"Corpse Explosion","floor":13.0},{"not_picked":["Envenom","Storm of Steel"],"picked":"Burst","floor":16.0},{"not_picked":["Reflex","Bane+1"],"picked":"Footwork","floor":18.0},{"not_picked":["Flying Knee+1","Concentrate+1","Dagger Spray+1"],"picked":"SKIP","floor":21.0},{"not_picked":["Quick Slash+1","Blade Dance"],"picked":"Deadly Poison+1","floor":27.0},{"not_picked":["Escape Plan","Underhanded Strike+1","Tactician"],"picked":"SKIP","floor":27.0},{"not_picked":["Eviscerate+1","Accuracy+1","Reflex"],"picked":"SKIP","floor":29.0},{"not_picked":["Concentrate","Quick Slash+1","Cloak And Dagger"],"picked":"SKIP","floor":29.0},{"not_picked":["PiercingWail+1","Poisoned Stab+1"],"picked":"Bane+1","floor":35},{"not_picked":["Underhanded Strike+1","Slice+1","Tactician+1"],"picked":"SKIP","floor":35},{"not_picked":["Backstab+1","Slice+1"],"picked":"Prepared+1","floor":36},{"not_picked":["Flying Knee+1","Endless Agony+1"],"picked":"Bouncing Flask+1","floor":36},{"not_picked":["Outmaneuver+1","Flechettes+1"],"picked":"Backflip+1","floor":37},{"not_picked":["Malaise","Deadly Poison","Dash+1"],"picked":"SKIP","floor":37},{"not_picked":["Masterful Stab+1","Poisoned Stab+1"],"picked":"Leg Sweep","floor":40},{"not_picked":["Terror+1","Cloak And Dagger+1","Blade Dance+1"],"picked":"SKIP","floor":42},{"not_picked":["Sucker Punch+1","Outmaneuver","Flechettes+1"],"picked":"SKIP","floor":44},{"not_picked":["Infinite Blades","After Image","Poisoned Stab+1"],"picked":"SKIP","floor":44},{"not_picked":["Underhanded Strike+1","Dagger Spray+1","Poisoned Stab+1"],"picked":"SKIP","floor":45},{"not_picked":["Deflect","Acrobatics","Bane+1"],"picked":"SKIP","floor":45},{"not_picked":["Cloak And Dagger","Outmaneuver","Blade Dance+1"],"picked":"SKIP","floor":48},{"not_picked":["Terror","Dagger Throw+1","Underhanded Strike+1"],"picked":"SKIP","floor":48}],"player_experience":365576,"relics_obtained":[{"floor":6.0,"key":"Thread and Needle"},{"floor":9.0,"key":"Molten Egg 2"},{"floor":13.0,"key":"Bag of Marbles"},{"floor":26.0,"key":"Dream Catcher"},{"floor":28.0,"key":"Nilry\u0027s Codex"},{"floor":31.0,"key":"Boot"},{"floor":38,"key":"Calipers"},{"floor":40,"key":"Bottled Lightning"},{"floor":42,"key":"Ginger"},{"floor":43,"key":"Pen Nib"}],"event_choices":[{"damage_healed":0.0,"max_hp_gain":0.0,"max_hp_loss":0.0,"gold_gain":0.0,"event_name":"Liars Game","player_choice":"Ignored","floor":14.0,"gold_loss":0.0,"damage_taken":0.0},{"damage_healed":0.0,"max_hp_gain":0.0,"max_hp_loss":0.0,"gold_gain":0.0,"event_name":"Colosseum","player_choice":"Fight","floor":20.0,"gold_loss":0.0,"damage_taken":0.0},{"damage_healed":0.0,"max_hp_gain":0.0,"max_hp_loss":0.0,"gold_gain":0.0,"event_name":"Colosseum","player_choice":"Fled From Nobs","floor":20.0,"gold_loss":0.0,"damage_taken":0.0},{"damage_healed":0.0,"max_hp_gain":0.0,"max_hp_loss":0.0,"gold_gain":99.0,"event_name":"Nest","player_choice":"Stole From Cult","floor":22.0,"gold_loss":0.0,"damage_taken":0.0},{"damage_healed":0.0,"max_hp_gain":0.0,"max_hp_loss":0.0,"gold_gain":0.0,"event_name":"Vampires","player_choice":"Ignored","floor":24.0,"gold_loss":0.0,"damage_taken":0.0},{"damage_healed":0.0,"max_hp_gain":0.0,"max_hp_loss":0.0,"gold_gain":0.0,"event_name":"Cursed Tome","player_choice":"Obtained Book","floor":28.0,"gold_loss":0.0,"damage_taken":16.0},{"damage_healed":0,"gold_gain":0,"player_choice":"Fight","damage_taken":0,"max_hp_gain":0,"max_hp_loss":0,"event_name":"MindBloom","floor":38,"gold_loss":0},{"cards_removed":["Leg Sweep"],"damage_healed":30,"gold_gain":0,"player_choice":"Offered Uncommon","damage_taken":0,"max_hp_gain":0,"max_hp_loss":0,"event_name":"Bonfire Elementals","floor":46,"gold_loss":0}],"is_beta":false,"boss_relics":[{"not_picked":["Snecko Eye","Ectoplasm","Busted Crown"]},{"not_picked":["Calling Bell","White Beast Statue"],"picked":"Astrolabe"}],"items_purged_floors":[12,19,39],"is_endless":false,"potions_floor_spawned":[3,6,16,20,29,33,35,42,44],"killed_by":"Awakened One","ascension_level":3}