{"gold_per_floor":[113,125,125,125,300,300,325,325,349,349,359,183,214,214,214,316,316,327,427,30,30,48,48,81,100,127,127,143,163,183,183,183,283,283,297,297,312,1,0,35,35,135,188,60,77,77,27,46,46,46],"floor_reached":51,"playtime":3327,"items_purged":["Doubt","Strike_B","Beam Cell+1","Zap+1","Defend_B"],"score":1084,"play_id":"5bb4d2db-c214-4d1f-9ab0-34e79cdb72dc","local_time":"20190503135303","is_ascension_mode":true,"campfire_choices":[{"floor":6,"key":"REST"},{"floor":10,"key":"REST"},{"data":"Sunder","floor":15,"key":"SMITH"},{"data":"Conserve Battery","floor":23,"key":"SMITH"},{"data":"Electrodynamics","floor":27,"key":"SMITH"},{"data":"Leap","floor":32,"key":"SMITH"},{"data":"Reboot","floor":41,"key":"SMITH"},{"data":"Defragment","floor":46,"key":"SMITH"},{"data":"Meteor Strike","floor":49,"key":"SMITH"}],"neow_cost":"NONE","seed_source_timestamp":11855484265110,"circlet_count":0,"master_deck":["Strike_B+1","Defend_B","Dualcast","Sweeping Beam+1","Conserve Battery+1","Reboot+1","Rebound","Meteor Strike+1","Leap+1","Sunder+1","Electrodynamics+1","Undo+1","Hologram+1","Glacier+1","Meteor Strike","Core Surge+1","BootSequence+1","Ball Lightning","Defragment+1","Coolheaded+1"],"relics":["Cracked Core","Gambling Chip","Smiling Mask","Incense Burner","Toxic Egg 2","Snecko Eye","FossilizedHelix","Shuriken","Lee\u0027s Waffle","Omamori","Art of War","Vajra","Astrolabe","Singing Bowl","Red Mask","Bag of Preparation","Thread and Needle","Boot"],"potions_floor_usage":[7,13,16,33,50,50,50],"damage_taken":[{"damage":2,"enemies":"2 Louse","floor":1,"turns":2},{"damage":3,"enemies":"Jaw Worm","floor":2,"turns":4},{"damage":33,"enemies":"Gremlin Nob","floor":7,"turns":4},{"damage":0,"enemies":"Small Slimes","floor":11,"turns":2},{"damage":21,"enemies":"3 Sentries","floor":13,"turns":5},{"damage":2,"enemies":"Slime Boss","floor":16,"turns":5},{"damage":0,"enemies":"3 Byrds","floor":18,"turns":3},{"damage":17,"enemies":"Colosseum Slavers","floor":19,"turns":2},{"damage":1,"enemies":"Colosseum Nobs","floor":19,"turns":3},{"damage":0,"enemies":"Chosen","floor":22,"turns":4},{"damage":9,"enemies":"Book of Stabbing","floor":24,"turns":5},{"damage":0,"enemies":"Snecko","floor":25,"turns":2},{"damage":0,"enemies":"Centurion and Healer","floor":28,"turns":3},{"damage":0,"enemies":"Sentry and Sphere","floor":29,"turns":2},{"damage":0,"enemies":"3 Cultists","floor":30,"turns":2},{"damage":0,"enemies":"Champ","floor":33,"turns":9},{"damage":0,"enemies":"3 Darklings","floor":35,"turns":3},{"damage":0,"enemies":"3 Shapes","floor":37,"turns":2},{"damage":0,"enemies":"Reptomancer","floor":40,"turns":3},{"damage":0,"enemies":"Mind Bloom Boss Battle","floor":42,"turns":2},{"damage":0,"enemies":"3 Darklings","floor":45,"turns":1},{"damage":0,"enemies":"Spire Growth","floor":48,"turns":3},{"damage":0,"enemies":"Awakened One","floor":50,"turns":7}],"seed_played":"-2426053224309714844","potions_obtained":[{"floor":1,"key":"Regen Potion"},{"floor":2,"key":"FearPotion"},{"floor":13,"key":"FearPotion"},{"floor":16,"key":"PowerPotion"},{"floor":22,"key":"Poison Potion"},{"floor":28,"key":"SteroidPotion"},{"floor":29,"key":"Ancient Potion"},{"floor":37,"key":"FocusPotion"}],"is_trial":false,"path_per_floor":["M","M","?","?","?","R","E","?","T","R","M","$","E","T","R","B",null,"M","?","$","?","M","R","E","M","T","R","M","M","M","?","R","B",null,"M","?","M","$","?","E","R","?","T","$","M","R","$","M","R","B",null],"character_chosen":"DEFECT","items_purchased":["Meteor Strike","Leap","Lee\u0027s Waffle","Omamori","Singing Bowl","Defragment"],"campfire_rested":2,"item_purchase_floors":[12,12,20,20,38,44],"current_hp_per_floor":[66,63,63,48,48,70,37,37,37,59,59,59,52,52,52,50,69,69,51,82,82,82,82,73,73,73,73,73,73,73,73,73,73,80,80,78,78,78,78,80,80,82,82,82,84,84,84,84,84,84],"gold":46,"neow_bonus":"REMOVE_CARD","is_prod":false,"is_daily":false,"chose_seed":false,"campfire_upgraded":7,"win_rate":0,"timestamp":1556884383,"path_taken":["M","M","?","?","?","R","E","?","T","R","?","$","E","?","R","BOSS","M","?","$","?","M","R","E","?","T","R","M","M","M","?","R","BOSS","M","?","M","$","?","E","R","?","T","?","M","R","?","M","R","BOSS"],"build_version":"2019-01-23","purchased_purges":5,"victory":true,"max_hp_per_floor":[75,75,75,75,75,75,75,75,75,75,75,75,75,75,75,75,75,75,75,82,82,82,82,82,82,82,82,82,82,82,82,82,82,82,82,78,78,78,78,80,80,82,82,82,84,84,84,84,84,84],"card_choices":[{"not_picked":["Reprogram","Double Energy"],"picked":"Sweeping Beam","floor":1},{"not_picked":["Go for the Eyes","Scrape"],"picked":"Conserve Battery","floor":2},{"not_picked":["Hologram","Redo"],"picked":"Reboot","floor":7},{"not_picked":["Auto Shields","Skim"],"picked":"Rebound","floor":11},{"not_picked":["Chill","Melter"],"picked":"Sunder","floor":13},{"not_picked":["Amplify+1","All For One"],"picked":"Electrodynamics","floor":16},{"not_picked":["Streamline","Go for the Eyes+1","Barrage"],"picked":"SKIP","floor":18},{"not_picked":["Hologram+1","Leap+1"],"picked":"Undo+1","floor":19},{"not_picked":["Blizzard","Chill+1"],"picked":"Hologram+1","floor":22},{"not_picked":["Compile Driver+1","Hologram+1","Melter"],"picked":"SKIP","floor":24},{"not_picked":["Consume+1","Gash","Go for the Eyes"],"picked":"SKIP","floor":25},{"not_picked":["Beam Cell","Turbo+1","Sweeping Beam"],"picked":"SKIP","floor":28},{"not_picked":["Ball Lightning","Defragment"],"picked":"Glacier+1","floor":29},{"not_picked":["Cold Snap","Barrage","Fusion+1"],"picked":"SKIP","floor":30},{"not_picked":["Amplify+1","Buffer"],"picked":"Meteor Strike","floor":33},{"not_picked":["Cold Snap+1","Blizzard"],"picked":"Ball Lightning","floor":35},{"not_picked":["Rebound+1","Turbo+1","Cold Snap+1"],"picked":"SKIP","floor":37},{"not_picked":["Conserve Battery+1","Compile Driver+1","Genetic Algorithm+1"],"picked":"Singing Bowl","floor":40},{"not_picked":["Turbo+1","Hello World","Skim+1"],"picked":"Singing Bowl","floor":42},{"not_picked":["Leap+1","Rebound+1","Rip and Tear"],"picked":"Singing Bowl","floor":45},{"not_picked":["Creative AI","Aggregate+1"],"picked":"Coolheaded+1","floor":48}],"player_experience":382052,"relics_obtained":[{"floor":7,"key":"Gambling Chip"},{"floor":9,"key":"Smiling Mask"},{"floor":13,"key":"Incense Burner"},{"floor":14,"key":"Toxic Egg 2"},{"floor":19,"key":"FossilizedHelix"},{"floor":19,"key":"Shuriken"},{"floor":24,"key":"Art of War"},{"floor":26,"key":"Vajra"},{"floor":40,"key":"Bag of Preparation"},{"floor":42,"key":"Thread and Needle"},{"floor":43,"key":"Boot"}],"event_choices":[{"damage_healed":0,"gold_gain":0,"player_choice":"Grow","damage_taken":0,"max_hp_gain":0,"max_hp_loss":0,"event_name":"Living Wall","floor":3,"gold_loss":0,"cards_upgraded":["Zap"]},{"damage_healed":0,"gold_gain":0,"player_choice":"Entered Light","damage_taken":15,"max_hp_gain":0,"max_hp_loss":0,"event_name":"Shining Light","floor":4,"gold_loss":0,"cards_upgraded":["Strike_B","Sweeping Beam"]},{"damage_healed":0,"gold_gain":175,"player_choice":"AGREE","damage_taken":0,"max_hp_gain":0,"max_hp_loss":0,"event_name":"Liars Game","floor":5,"gold_loss":0,"cards_obtained":["Doubt"]},{"damage_healed":0,"gold_gain":0,"player_choice":"Ignored","damage_taken":0,"max_hp_gain":0,"max_hp_loss":0,"event_name":"Golden Idol","floor":8,"gold_loss":0},{"damage_healed":0,"gold_gain":0,"player_choice":"Fight","damage_taken":0,"max_hp_gain":0,"max_hp_loss":0,"event_name":"Colosseum","floor":19,"gold_loss":0},{"damage_healed":0,"gold_gain":0,"player_choice":"Fought Nobs","damage_taken":0,"max_hp_gain":0,"max_hp_loss":0,"event_name":"Colosseum","floor":19,"gold_loss":0},{"damage_healed":0,"gold_gain":0,"cards_transformed":["Defend_B"],"player_choice":"Transformed","damage_taken":0,"max_hp_gain":0,"max_hp_loss":0,"event_name":"Transmorgrifier","floor":21,"gold_loss":0,"cards_obtained":["Beam Cell"]},{"damage_healed":0,"gold_gain":0,"player_choice":"Ignored","damage_taken":0,"max_hp_gain":0,"max_hp_loss":0,"event_name":"Ghosts","floor":31,"gold_loss":0},{"damage_healed":0,"gold_gain":0,"player_choice":"Max HP","damage_taken":0,"max_hp_gain":0,"max_hp_loss":4,"event_name":"Winding Halls","floor":36,"gold_loss":0},{"damage_healed":0,"gold_gain":0,"player_choice":"Paid","damage_taken":0,"relics_obtained":["Red Mask"],"max_hp_gain":0,"max_hp_loss":0,"event_name":"Tomb of Lord Red Mask","floor":39,"gold_loss":1},{"damage_healed":0,"gold_gain":0,"player_choice":"Fight","damage_taken":0,"max_hp_gain":0,"max_hp_loss":0,"event_name":"MindBloom","floor":42,"gold_loss":0}],"is_beta":false,"boss_relics":[{"not_picked":["Coffee Dripper","Fusion Hammer"],"picked":"Snecko Eye"},{"not_picked":["Eternal Feather","Philosopher\u0027s Stone"],"picked":"Astrolabe"}],"items_purged_floors":[12,20,38,44,47],"is_endless":false,"potions_floor_spawned":[1,2,13,16,19,22,28,29,37,40],"ascension_level":6}