{"gold_per_floor":[119,139,64,64,64,91,101,101,151,166,166,179,205,261,261,357,357,328,340,340,340],"floor_reached":21,"playtime":854,"items_purged":["Strike_R"],"score":235,"play_id":"712dff84-3192-49a8-bd67-b99f26f09706","local_time":"20190408211543","is_ascension_mode":true,"campfire_choices":[{"data":"Rampage","floor":11,"key":"SMITH"},{"data":"Rampage","floor":15,"key":"SMITH"}],"neow_cost":"NONE","seed_source_timestamp":117424816266068,"circlet_count":0,"master_deck":["Strike_R","Strike_R","Strike_R+1","Defend_R+1","Defend_R","Defend_R","Defend_R","Bash","Shrug It Off","Rampage+1","Rampage+1","Demon Form","Clumsy","Normality","Parasite","Pommel Strike","Pommel Strike+1"],"relics":["Burning Blood","NeowsBlessing","Boot","Bag of Marbles","Thread and Needle","Tiny Chest","Calling Bell","Potion Belt","Ornamental Fan","Unceasing Top"],"potions_floor_usage":[12,13,16,18,19],"damage_taken":[{"damage":0,"enemies":"Cultist","floor":1,"turns":1},{"damage":0,"enemies":"Small Slimes","floor":2,"turns":1},{"damage":0,"enemies":"Gremlin Nob","floor":6,"turns":1},{"damage":0,"enemies":"2 Louse","floor":7,"turns":3},{"damage":6,"enemies":"Gremlin Gang","floor":10,"turns":7},{"damage":7,"enemies":"Exordium Wildlife","floor":12,"turns":3},{"damage":27,"enemies":"3 Sentries","floor":13,"turns":8},{"damage":62,"enemies":"Hexaghost","floor":16,"turns":8},{"damage":35,"enemies":"2 Thieves","floor":18,"turns":5},{"damage":42,"enemies":"Shell Parasite","floor":19,"turns":9},{"damage":27,"enemies":"Centurion and Healer","floor":21,"turns":4}],"seed_played":"-1303653289399750082","potions_obtained":[{"floor":1,"key":"Regen Potion"},{"floor":2,"key":"SneckoOil"},{"floor":10,"key":"Explosive Potion"},{"floor":12,"key":"Regen Potion"},{"floor":16,"key":"SkillPotion"},{"floor":19,"key":"Explosive Potion"}],"is_trial":false,"path_per_floor":["M","M","$","?","?","E","M","?","T","M","R","M","E","T","R","B",null,"M","M","?","M"],"character_chosen":"IRONCLAD","items_purchased":[],"campfire_rested":0,"item_purchase_floors":[],"current_hp_per_floor":[80,80,80,64,69,75,81,81,81,81,81,80,74,74,74,33,85,56,20,20,0],"gold":340,"neow_bonus":"THREE_ENEMY_KILL","is_prod":false,"is_daily":false,"chose_seed":false,"campfire_upgraded":2,"win_rate":0,"timestamp":1554750943,"path_taken":["M","?","$","?","?","E","M","?","T","?","R","M","E","?","R","BOSS","M","M","?","?"],"build_version":"2019-01-23","purchased_purges":1,"victory":false,"max_hp_per_floor":[80,80,80,80,85,85,85,85,85,85,85,85,85,85,85,85,85,85,85,85,85],"card_choices":[{"not_picked":["Seeing Red","Flex"],"picked":"Shrug It Off","floor":1},{"not_picked":["Combust","Cleave"],"picked":"Rampage","floor":2},{"not_picked":["Armaments","Burning Pact","Clash"],"picked":"SKIP","floor":6},{"not_picked":["Twin Strike","Pummel","Sever Soul"],"picked":"SKIP","floor":7},{"not_picked":["Combust","Blood for Blood","True Grit"],"picked":"SKIP","floor":10},{"not_picked":["Clothesline","Wild Strike"],"picked":"Rampage","floor":12},{"not_picked":["Combust","Carnage","Feel No Pain"],"picked":"SKIP","floor":13},{"not_picked":["Limit Break","Reaper"],"picked":"Demon Form","floor":16},{"not_picked":["Rupture","Pummel"],"picked":"Pommel Strike","floor":18},{"not_picked":["Headbutt","Rupture+1"],"picked":"Pommel Strike+1","floor":19}],"player_experience":329670,"relics_obtained":[{"floor":6,"key":"Boot"},{"floor":9,"key":"Bag of Marbles"},{"floor":13,"key":"Thread and Needle"},{"floor":14,"key":"Tiny Chest"},{"floor":17,"key":"Potion Belt"},{"floor":17,"key":"Ornamental Fan"},{"floor":17,"key":"Unceasing Top"}],"event_choices":[{"damage_healed":0,"gold_gain":0,"player_choice":"Entered Light","damage_taken":16,"max_hp_gain":0,"max_hp_loss":0,"event_name":"Shining Light","floor":4,"gold_loss":0,"cards_upgraded":["Strike_R","Defend_R"]},{"damage_healed":0,"gold_gain":0,"player_choice":"Donut","damage_taken":0,"max_hp_gain":5,"max_hp_loss":0,"event_name":"Big Fish","floor":5,"gold_loss":0},{"cards_removed":["Strike_R"],"damage_healed":0,"gold_gain":0,"player_choice":"Offered Basic","damage_taken":0,"max_hp_gain":0,"max_hp_loss":0,"event_name":"Bonfire Elementals","floor":8,"gold_loss":0},{"damage_healed":0,"gold_gain":0,"player_choice":"Bought 0 Potions","damage_taken":0,"max_hp_gain":0,"max_hp_loss":0,"event_name":"The Woman in Blue","floor":20,"gold_loss":0}],"is_beta":false,"boss_relics":[{"not_picked":["Ectoplasm","Fusion Hammer"],"picked":"Calling Bell"}],"items_purged_floors":[3],"is_endless":false,"potions_floor_spawned":[1,2,10,12,16,19],"killed_by":"Centurion and Healer","ascension_level":2}