{"gold_per_floor":[117,128,27,41,216,216,226,244,244,244,277,177,127,127,127,232,232,250,250,250,125,125,125,137,137,163,13,32,32,32,47,47,143,143,162,182,182,182,182],"floor_reached":39,"playtime":1722,"items_purged":["Strike_R","Doubt","Defend_R","Strike_R"],"score":379,"play_id":"95c72f47-92ab-4f71-b36e-349c72a31833","local_time":"20181205203159","is_ascension_mode":false,"campfire_choices":[{"data":"Flex","floor":6,"key":"SMITH"},{"floor":10,"key":"REST"},{"data":"Heavy Blade","floor":15,"key":"SMITH"},{"data":"Limit Break","floor":23,"key":"SMITH"},{"data":"Flame Barrier","floor":25,"key":"SMITH"},{"data":"Shrug It Off","floor":29,"key":"SMITH"},{"data":"Berserk","floor":32,"key":"SMITH"}],"neow_cost":"NONE","seed_source_timestamp":250686598757182,"circlet_count":0,"master_deck":["Strike_R","Strike_R","Defend_R","Defend_R","Defend_R","Bash","Berserk+1","Heavy Blade+1","Uppercut","Flex+1","Twin Strike","Offering","Flame Barrier+1","Battle Trance","Limit Break+1","Shrug It Off+1","Demon Form"],"relics":["Burning Blood"],"potions_floor_usage":[11,11,16,18,30,30,31,31,33,35],"damage_taken":[{"damage":5,"enemies":"Small Slimes","floor":1,"turns":3},{"damage":6,"enemies":"2 Louse","floor":2,"turns":3},{"damage":5,"enemies":"Jaw Worm","floor":4,"turns":5},{"damage":42,"enemies":"Exordium Thugs","floor":7,"turns":7},{"damage":6,"enemies":"2 Fungi Beasts","floor":8,"turns":2},{"damage":20,"enemies":"Lagavulin","floor":11,"turns":8},{"damage":27,"enemies":"Slime Boss","floor":16,"turns":9},{"damage":6,"enemies":"Shell Parasite","floor":18,"turns":2},{"damage":6,"enemies":"3 Byrds","floor":24,"turns":5},{"damage":16,"enemies":"3 Cultists","floor":28,"turns":4},{"damage":0,"enemies":"Snecko","floor":30,"turns":1},{"damage":21,"enemies":"Chosen and Byrds","floor":31,"turns":5},{"damage":55,"enemies":"Automaton","floor":33,"turns":8},{"damage":21,"enemies":"Orb Walker","floor":35,"turns":5},{"damage":26,"enemies":"3 Shapes","floor":36,"turns":7},{"damage":49,"enemies":"Spire Growth","floor":39,"turns":4}],"seed_played":"4062217477089941285","potions_obtained":[{"floor":7,"key":"Dexterity Potion"},{"floor":8,"key":"SteroidPotion"},{"floor":11,"key":"SpeedPotion"},{"floor":16,"key":"LiquidBronze"},{"floor":28,"key":"EntropicBrew"},{"floor":31,"key":"Dexterity Potion"},{"floor":33,"key":"Dexterity Potion"}],"is_trial":false,"path_per_floor":["M","M","$","M","?","R","M","M","T","R","E","$","?","?","R","B",null,"M","?","T","$","?","R","M","R","T","$","M","R","M","M","R","B",null,"M","M","?","T","M"],"character_chosen":"IRONCLAD","items_purchased":["Flex"],"campfire_rested":1,"item_purchase_floors":[3],"current_hp_per_floor":[80,80,80,80,80,80,44,44,44,68,54,54,54,54,54,33,80,80,80,80,80,80,80,80,80,80,80,70,70,76,61,61,12,80,65,45,45,45,0],"gold":182,"neow_bonus":"ONE_RANDOM_RARE_CARD","is_prod":false,"is_daily":false,"chose_seed":false,"campfire_upgraded":6,"win_rate":0,"timestamp":1544038319,"path_taken":["M","M","$","M","?","R","M","M","T","R","E","$","?","?","R","BOSS","M","?","?","$","?","R","M","R","T","$","?","R","M","M","R","BOSS","M","?","?","?","?"],"build_version":"2018-11-15","purchased_purges":4,"victory":false,"max_hp_per_floor":[80,80,80,80,80,80,80,80,80,80,80,80,80,80,80,80,80,80,80,80,80,80,80,80,80,80,80,80,80,80,80,80,80,80,80,80,80,80,80],"card_choices":[{"not_picked":["Cleave","Twin Strike"],"picked":"Heavy Blade","floor":1},{"not_picked":["Headbutt","Entrench"],"picked":"Uppercut","floor":2},{"not_picked":["Thunderclap","Combust"],"picked":"Twin Strike","floor":4},{"not_picked":["Warcry","Flex"],"picked":"Offering","floor":7},{"not_picked":["Shockwave","Fire Breathing"],"picked":"Flame Barrier","floor":8},{"not_picked":["Perfected Strike","Reaper"],"picked":"Battle Trance","floor":11},{"not_picked":["Barricade","Offering"],"picked":"Limit Break","floor":16},{"not_picked":["Iron Wave","Clothesline","Searing Blow"],"picked":"SKIP","floor":18},{"not_picked":["Sword Boomerang","Iron Wave","Wild Strike"],"picked":"SKIP","floor":24},{"not_picked":["Blood for Blood","Shockwave","Dual Wield"],"picked":"SKIP","floor":28},{"not_picked":["Rampage","Headbutt+1","Twin Strike"],"picked":"SKIP","floor":31},{"not_picked":["Barricade","Impervious"],"picked":"Demon Form","floor":33},{"not_picked":["Combust+1","Intimidate","Wild Strike+1"],"picked":"SKIP","floor":35},{"not_picked":["Armaments+1","Headbutt+1","Entrench"],"picked":"SKIP","floor":36}],"player_experience":352329,"relics_obtained":[],"event_choices":[{"damage_healed":0,"gold_gain":175,"player_choice":"AGREE","damage_taken":0,"max_hp_gain":0,"max_hp_loss":0,"event_name":"Liars Game","floor":5,"gold_loss":0,"cards_obtained":["Doubt"]},{"cards_removed":["Strike_R"],"damage_healed":0,"gold_gain":0,"player_choice":"Card Removal","damage_taken":0,"max_hp_gain":0,"max_hp_loss":0,"event_name":"The Cleric","floor":13,"gold_loss":50},{"damage_healed":0,"gold_gain":0,"player_choice":"Ignored","damage_taken":0,"max_hp_gain":0,"max_hp_loss":0,"event_name":"Golden Idol","floor":14,"gold_loss":0},{"damage_healed":0,"gold_gain":0,"player_choice":"Read","damage_taken":0,"max_hp_gain":0,"max_hp_loss":0,"event_name":"The Library","floor":19,"gold_loss":0,"cards_obtained":["Shrug It Off"]},{"damage_healed":0,"gold_gain":0,"player_choice":"Ignored","damage_taken":0,"max_hp_gain":0,"max_hp_loss":0,"event_name":"Tomb of Lord Red Mask","floor":37,"gold_loss":0}],"is_beta":false,"boss_relics":[{"not_picked":[]},{"not_picked":[]}],"items_purged_floors":[3,12,21,27],"is_endless":false,"potions_floor_spawned":[7,8,11,16,28,31,33],"killed_by":"Spire Growth","ascension_level":0}