{"gold_per_floor":[117,130,140,152,152,152,187,187,187,187,205,205,237,37,37,136,136,156,166,13,32,32,59,71,71,71,71,103,121,141,168,168,273,273,286,286,306,216,235,270,284,319,319,352,185,216,216,216,216,216,216,216,147,180,180],"floor_reached":56,"playtime":5496,"items_purged":["Blizzard+1","Defend_B"],"score":1790,"play_id":"ef54d993-b58b-4cd7-baeb-5f83bba4b9b4","local_time":"20190413174326","is_ascension_mode":true,"campfire_choices":[{"data":"Reboot","floor":6,"key":"SMITH"},{"data":"Gash","floor":8,"key":"SMITH"},{"data":"Gash","floor":12,"key":"SMITH"},{"floor":15,"key":"REST"},{"data":"Buffer","floor":25,"key":"SMITH"},{"data":"Gash","floor":27,"key":"SMITH"},{"floor":32,"key":"REST"},{"floor":47,"key":"RECALL"},{"data":"Hello World","floor":49,"key":"SMITH"},{"data":"Conserve Battery","floor":52,"key":"SMITH"}],"neow_cost":"NONE","seed_source_timestamp":11826981704698,"circlet_count":0,"master_deck":["Defend_B","Defend_B","Defend_B+1","Zap+1","Dualcast","Gash+1","Leap","Gash+1","Reboot+1","Gash+1","Conserve Battery+1","Compile Driver","Buffer+1","Buffer+1","Scrape+1","Capacitor","Go for the Eyes","Core Surge","Hologram","Glacier","Hello World+1","Rebound+1","Capacitor+1","Heatsinks+1","Echo Form+1","Hologram","Deep Breath","Bandage Up+1","Apotheosis","Hologram+1","Echo Form+1","Reboot","Heatsinks+1","Consume+1","Defragment+1","Turbo+1"],"relics":["Cracked Core","War Paint","Bird Faced Urn","Pear","Letter Opener","FaceOfCleric","Emotion Chip","OrangePellets","Astrolabe","Orichalcum","Frozen Egg 2","Incense Burner","Omamori","Cursed Key","Ancient Tea Set","Bronze Scales","MawBank","Ornamental Fan","Boot"],"potions_floor_usage":[28,31,55,55,55],"damage_taken":[{"damage":4,"enemies":"Small Slimes","floor":1,"turns":3},{"damage":4,"enemies":"Jaw Worm","floor":2,"turns":3},{"damage":0,"enemies":"Cultist","floor":3,"turns":4},{"damage":0,"enemies":"Exordium Wildlife","floor":4,"turns":4},{"damage":24,"enemies":"3 Sentries","floor":7,"turns":8},{"damage":14,"enemies":"Red Slaver","floor":11,"turns":3},{"damage":9,"enemies":"Lagavulin","floor":13,"turns":5},{"damage":22,"enemies":"Slime Boss","floor":16,"turns":11},{"damage":10,"enemies":"2 Thieves","floor":18,"turns":3},{"damage":0,"enemies":"Shell Parasite","floor":19,"turns":4},{"damage":0,"enemies":"Snecko","floor":21,"turns":4},{"damage":12,"enemies":"Slavers","floor":23,"turns":5},{"damage":0,"enemies":"3 Cultists","floor":24,"turns":5},{"damage":43,"enemies":"Gremlin Leader","floor":28,"turns":10},{"damage":15,"enemies":"Shelled Parasite and Fungi","floor":29,"turns":5},{"damage":0,"enemies":"Cultist and Chosen","floor":30,"turns":6},{"damage":7,"enemies":"Slavers","floor":31,"turns":6},{"damage":25,"enemies":"Collector","floor":33,"turns":9},{"damage":1,"enemies":"3 Darklings","floor":35,"turns":9},{"damage":0,"enemies":"3 Shapes","floor":37,"turns":5},{"damage":12,"enemies":"Spire Growth","floor":39,"turns":5},{"damage":59,"enemies":"Reptomancer","floor":40,"turns":9},{"damage":0,"enemies":"Maw","floor":41,"turns":7},{"damage":24,"enemies":"Nemesis","floor":42,"turns":7},{"damage":16,"enemies":"Giant Head","floor":44,"turns":11},{"damage":22,"enemies":"Reptomancer","floor":46,"turns":7},{"damage":17,"enemies":"Time Eater","floor":50,"turns":12},{"damage":99,"enemies":"Shield and Spear","floor":54,"turns":12},{"damage":54,"enemies":"The Heart","floor":55,"turns":15}],"seed_played":"-785935494659421999","potions_obtained":[{"floor":1,"key":"SpeedPotion"},{"floor":3,"key":"EssenceOfSteel"},{"floor":7,"key":"GamblersBrew"},{"floor":11,"key":"FocusPotion"},{"floor":13,"key":"Ancient Potion"},{"floor":18,"key":"FocusPotion"},{"floor":31,"key":"SpeedPotion"},{"floor":35,"key":"Dexterity Potion"},{"floor":42,"key":"SteroidPotion"}],"is_trial":false,"path_per_floor":["M","M","M","M","?","R","E","R","T","?","M","R","E","$","R","B",null,"M","M","$","M","?","E","M","R","T","R","E","M","M","E","R","B",null,"M","?","M","?","M","E","M","E","T","E","$","E","R","?","R","B",null,"R","$","E","B",null],"character_chosen":"DEFECT","items_purchased":["OrangePellets","Capacitor","Heatsinks+1","Defragment+1"],"campfire_rested":2,"item_purchase_floors":[14,20,45,53],"current_hp_per_floor":[64,60,60,60,57,57,43,43,43,43,30,30,22,22,48,27,73,68,71,71,78,78,71,76,76,76,76,42,32,39,39,68,54,87,99,89,100,100,101,69,94,97,97,102,102,106,106,106,106,107,107,107,107,35,14],"gold":180,"neow_bonus":"RANDOM_COMMON_RELIC","is_prod":false,"is_daily":false,"chose_seed":false,"campfire_upgraded":7,"win_rate":0,"timestamp":1555202606,"path_taken":["M","M","M","M","?","R","E","R","T","?","?","R","E","$","R","BOSS","M","M","$","M","?","E","M","R","T","R","E","M","?","E","R","BOSS","M","?","M","?","?","E","M","E","T","E","$","E","R","?","R","BOSS","R","$","E","BOSS"],"build_version":"2019-01-23","purchased_purges":2,"victory":true,"max_hp_per_floor":[75,75,75,75,75,75,85,85,85,85,86,86,87,87,87,88,88,89,90,90,91,91,92,93,93,93,93,94,95,96,97,97,98,98,99,99,100,100,101,102,103,104,104,105,105,106,106,106,106,107,107,107,107,108,109],"card_choices":[{"not_picked":["Chill","Static Discharge"],"picked":"Gash","floor":1},{"not_picked":["Loop","Blizzard"],"picked":"Leap","floor":2},{"not_picked":["Ball Lightning","Sweeping Beam"],"picked":"Gash","floor":3},{"not_picked":["Auto Shields","Barrage"],"picked":"Reboot","floor":4},{"not_picked":["Turbo","Buffer"],"picked":"Gash","floor":7},{"not_picked":["FTL","Streamline"],"picked":"Conserve Battery","floor":11},{"not_picked":["Stack","Beam Cell"],"picked":"Compile Driver","floor":13},{"not_picked":["Rainbow","Multi-Cast"],"picked":"Buffer","floor":16},{"not_picked":["Cold Snap","Doom and Gloom","Turbo"],"picked":"SKIP","floor":18},{"not_picked":["Streamline","Cold Snap","Rebound"],"picked":"SKIP","floor":19},{"not_picked":["Turbo","Barrage"],"picked":"Go for the Eyes","floor":21},{"not_picked":["Seek","Ball Lightning"],"picked":"Glacier","floor":23},{"not_picked":["Rip and Tear","Redo"],"picked":"Hello World","floor":24},{"not_picked":["Capacitor+1","Ball Lightning"],"picked":"Rebound+1","floor":28},{"not_picked":["Steam Power","Tempest","Compile Driver"],"picked":"SKIP","floor":29},{"not_picked":["Steam","Cold Snap"],"picked":"Capacitor+1","floor":30},{"not_picked":["Scrape","Beam Cell"],"picked":"Heatsinks+1","floor":31},{"not_picked":["Core Surge","Meteor Strike"],"picked":"Echo Form+1","floor":33},{"not_picked":["Barrage+1","Capacitor+1"],"picked":"Hologram","floor":35},{"not_picked":["Enlightenment","Discovery"],"picked":"Deep Breath","floor":36},{"not_picked":["Dramatic Entrance","Mayhem+1"],"picked":"Bandage Up","floor":36},{"not_picked":["Deep Breath","Thinking Ahead"],"picked":"Apotheosis","floor":36},{"not_picked":["Stack","Rebound+1","Leap"],"picked":"SKIP","floor":37},{"not_picked":["Barrage","Beam Cell"],"picked":"Hologram+1","floor":39},{"not_picked":["Steam+1","Static Discharge+1","Blizzard"],"picked":"SKIP","floor":40},{"not_picked":["Tempest","Steam Power","Leap"],"picked":"SKIP","floor":41},{"not_picked":["Defragment+1","Biased Cognition+1"],"picked":"Echo Form+1","floor":42},{"not_picked":["Blizzard+1","Turbo"],"picked":"Reboot","floor":44},{"not_picked":["Streamline+1","Gash"],"picked":"Consume+1","floor":46},{"not_picked":["Stack","Rebound+1"],"picked":"Turbo+1","floor":54}],"player_experience":225651,"relics_obtained":[{"floor":7,"key":"Pear"},{"floor":9,"key":"Letter Opener"},{"floor":13,"key":"Emotion Chip"},{"floor":23,"key":"Orichalcum"},{"floor":26,"key":"Frozen Egg 2"},{"floor":28,"key":"Incense Burner"},{"floor":31,"key":"Omamori"},{"floor":40,"key":"Ancient Tea Set"},{"floor":42,"key":"Bronze Scales"},{"floor":44,"key":"MawBank"},{"floor":46,"key":"Ornamental Fan"},{"floor":54,"key":"Boot"}],"event_choices":[{"damage_healed":0,"gold_gain":0,"player_choice":"Success","damage_taken":3,"relics_obtained":["Bird Faced Urn"],"max_hp_gain":0,"max_hp_loss":0,"event_name":"Scrap Ooze","floor":5,"gold_loss":0},{"damage_healed":0,"gold_gain":0,"player_choice":"Trade","damage_taken":0,"relics_obtained":["FaceOfCleric"],"max_hp_gain":0,"max_hp_loss":0,"event_name":"FaceTrader","floor":10,"gold_loss":0},{"damage_healed":0,"gold_gain":0,"player_choice":"2 cards matched","damage_taken":0,"max_hp_gain":0,"max_hp_loss":0,"event_name":"Match and Keep!","floor":22,"gold_loss":0,"cards_obtained":["Core Surge","Hologram"]},{"damage_healed":0,"gold_gain":0,"player_choice":"Memory 3","damage_taken":10,"max_hp_gain":0,"max_hp_loss":0,"event_name":"SensoryStone","floor":36,"gold_loss":0},{"cards_removed":["Strike_B"],"damage_healed":0,"gold_gain":0,"player_choice":"Upgrade and Remove","damage_taken":0,"max_hp_gain":0,"max_hp_loss":0,"event_name":"Designer","floor":38,"gold_loss":90,"cards_upgraded":["Bandage Up"]},{"damage_healed":0,"gold_gain":0,"player_choice":"Got Potions","damage_taken":0,"max_hp_gain":0,"max_hp_loss":0,"event_name":"Lab","floor":48,"gold_loss":0}],"is_beta":false,"boss_relics":[{"not_picked":["Coffee Dripper","Snecko Eye"],"picked":"Astrolabe"},{"not_picked":["Tiny House","Black Star"],"picked":"Cursed Key"}],"items_purged_floors":[20,45],"is_endless":false,"potions_floor_spawned":[1,3,7,11,13,18,19,24,31,35,40,41,42,46],"ascension_level":9}