{"gold_per_floor":[109,109,125,125,125,159,159,191,242,268,288,288,308,327,327,327],"floor_reached":16,"playtime":479,"items_purged":[],"score":276,"play_id":"245ec8c2-6033-4e2a-a52c-701a42080195","local_time":"20190426165125","is_ascension_mode":true,"campfire_choices":[{"data":"Backstab","floor":7,"key":"SMITH"},{"floor":12,"key":"REST"},{"data":"Noxious Fumes","floor":15,"key":"SMITH"}],"neow_cost":"NONE","seed_source_timestamp":2919513069693441,"circlet_count":0,"master_deck":["AscendersBane","Defend_G+1","Defend_G","Defend_G+1","Defend_G","Defend_G","Strike_G","Strike_G","Strike_G","Strike_G","Strike_G","Survivor","Neutralize+1","Dagger Throw","Backstab+1","Noxious Fumes+1","Dagger Throw","Dagger Spray","Bane","Dash"],"relics":["Ring of the Snake","NeowsBlessing","Juzu Bracelet","War Paint","Ancient Tea Set","Bag of Preparation","Blue Candle"],"potions_floor_usage":[10,16,16],"damage_taken":[{"damage":0,"enemies":"Small Slimes","floor":1,"turns":1},{"damage":0,"enemies":"2 Louse","floor":3,"turns":1},{"damage":0,"enemies":"Gremlin Nob","floor":6,"turns":1},{"damage":31,"enemies":"3 Sentries","floor":8,"turns":13},{"damage":17,"enemies":"Lagavulin","floor":10,"turns":10},{"damage":1,"enemies":"Jaw Worm","floor":11,"turns":2},{"damage":0,"enemies":"Blue Slaver","floor":13,"turns":2},{"damage":4,"enemies":"Lots of Slimes","floor":14,"turns":4},{"damage":28,"enemies":"Slime Boss","floor":16,"turns":7}],"seed_played":"-1759483199963600364","potions_obtained":[{"floor":8,"key":"EssenceOfSteel"},{"floor":10,"key":"EssenceOfSteel"},{"floor":13,"key":"Fire Potion"}],"is_trial":false,"path_per_floor":["M","?","M","?","?","E","R","E","T","E","M","R","M","M","R","B"],"character_chosen":"THE_SILENT","items_purchased":[],"campfire_rested":1,"item_purchase_floors":[],"current_hp_per_floor":[59,54,54,54,54,54,54,23,23,6,5,24,24,20,20,0],"gold":327,"neow_bonus":"THREE_ENEMY_KILL","is_prod":false,"is_daily":false,"chose_seed":false,"campfire_upgraded":2,"win_rate":0,"timestamp":1556293885,"path_taken":["M","?","M","?","?","E","R","E","T","E","M","R","M","M","R","BOSS"],"build_version":"2019-01-23","purchased_purges":0,"victory":false,"max_hp_per_floor":[66,66,66,66,66,66,66,66,66,66,66,66,66,66,66,66],"card_choices":[{"not_picked":["Acrobatics","Poisoned Stab"],"picked":"Dagger Throw","floor":1},{"not_picked":["Backflip","Finisher","Deadly Poison"],"picked":"SKIP","floor":3},{"not_picked":["Predator","Cloak And Dagger"],"picked":"Backstab","floor":6},{"not_picked":["PiercingWail","Eviscerate"],"picked":"Noxious Fumes","floor":8},{"not_picked":["Sucker Punch","Accuracy"],"picked":"Dagger Throw","floor":10},{"not_picked":["Concentrate","Poisoned Stab"],"picked":"Dagger Spray","floor":11},{"not_picked":["Tactician","Flying Knee"],"picked":"Bane","floor":13},{"not_picked":["Deflect","Blade Dance"],"picked":"Dash","floor":14}],"player_experience":214935,"relics_obtained":[{"floor":6,"key":"War Paint"},{"floor":8,"key":"Ancient Tea Set"},{"floor":9,"key":"Bag of Preparation"},{"floor":10,"key":"Blue Candle"}],"event_choices":[{"damage_healed":0,"gold_gain":0,"player_choice":"Success","damage_taken":5,"relics_obtained":["Juzu Bracelet"],"max_hp_gain":0,"max_hp_loss":0,"event_name":"Scrap Ooze","floor":2,"gold_loss":0},{"damage_healed":0,"gold_gain":0,"player_choice":"Ignored","damage_taken":0,"max_hp_gain":0,"max_hp_loss":0,"event_name":"Golden Wing","floor":4,"gold_loss":0},{"damage_healed":0,"gold_gain":0,"player_choice":"Grow","damage_taken":0,"max_hp_gain":0,"max_hp_loss":0,"event_name":"Living Wall","floor":5,"gold_loss":0,"cards_upgraded":["Neutralize"]}],"is_beta":false,"boss_relics":[],"items_purged_floors":[],"is_endless":false,"potions_floor_spawned":[8,10,13],"killed_by":"Slime Boss","ascension_level":18}