{"gold_per_floor":[109,60,74,37,53,79,99,99,99,113,140,140,154,180,180,180],"floor_reached":16,"playtime":718,"items_purged":[],"score":146,"play_id":"ea901854-5813-455d-a6d6-48fce61cd369","local_time":"20181207150309","is_ascension_mode":true,"campfire_choices":[{"floor":8,"key":"REST"},{"floor":12,"key":"REST"},{"floor":15,"key":"REST"}],"neow_cost":"NONE","seed_source_timestamp":322296543651739,"circlet_count":0,"master_deck":["Defend_G","Defend_G","Defend_G","Defend_G","Defend_G","Strike_G","Strike_G","Strike_G","Strike_G","Strike_G","Survivor","Neutralize","Leg Sweep","Backflip","Flechettes","Noxious Fumes","Backflip"],"special_seed":0,"relics":["Ring of the Snake","NeowsBlessing","Centennial Puzzle","Bag of Preparation","Dodecahedron","StoneCalendar"],"potions_floor_usage":[6,7,10,13,16],"damage_taken":[{"damage":0,"enemies":"Cultist","floor":1,"turns":1},{"damage":0,"enemies":"Small Slimes","floor":3,"turns":1},{"damage":0,"enemies":"Jaw Worm","floor":5,"turns":1},{"damage":42,"enemies":"Gremlin Nob","floor":6,"turns":6},{"damage":13,"enemies":"Blue Slaver","floor":7,"turns":5},{"damage":1,"enemies":"Exordium Thugs","floor":10,"turns":2},{"damage":5,"enemies":"Lagavulin","floor":11,"turns":9},{"damage":1,"enemies":"Looter","floor":13,"turns":3},{"damage":39,"enemies":"Gremlin Nob","floor":14,"turns":5},{"damage":59,"enemies":"Slime Boss","floor":16,"turns":6}],"seed_played":"7504714497525674203","potions_obtained":[{"floor":3,"key":"Regen Potion"},{"floor":5,"key":"Explosive Potion"},{"floor":6,"key":"Poison Potion"},{"floor":11,"key":"GamblersBrew"},{"floor":14,"key":"PowerPotion"}],"is_trial":false,"path_per_floor":["M","$","M","$","M","E","M","R","T","M","E","R","M","E","R","B"],"character_chosen":"THE_SILENT","items_purchased":["Backflip","Noxious Fumes"],"campfire_rested":3,"item_purchase_floors":[2,4],"current_hp_per_floor":[70,70,70,70,70,42,29,50,50,49,44,65,64,25,46,0],"gold":180,"neow_bonus":"THREE_ENEMY_KILL","is_prod":false,"is_daily":false,"chose_seed":false,"campfire_upgraded":0,"win_rate":0,"timestamp":1544191389,"path_taken":["M","$","M","$","M","E","M","R","T","M","E","R","?","E","R","BOSS"],"build_version":"2018-12-06","purchased_purges":0,"victory":false,"max_hp_per_floor":[70,70,70,70,70,70,70,70,70,70,70,70,70,70,70,70],"card_choices":[{"not_picked":["Prepared","Tactician"],"picked":"Leg Sweep","floor":1},{"not_picked":["Dodge and Roll","Outmaneuver"],"picked":"Flechettes","floor":3},{"not_picked":["Underhanded Strike","Dagger Spray","Acrobatics"],"picked":"SKIP","floor":5},{"not_picked":["Outmaneuver","Setup","Calculated Gamble"],"picked":"SKIP","floor":6},{"not_picked":["Outmaneuver","Quick Slash","Bane"],"picked":"SKIP","floor":7},{"not_picked":["PiercingWail","Poisoned Stab"],"picked":"Backflip","floor":10},{"not_picked":["Backstab","Well Laid Plans","Deadly Poison"],"picked":"SKIP","floor":11},{"not_picked":["Backflip","Well Laid Plans","Terror"],"picked":"SKIP","floor":13},{"not_picked":["Venomology","Grand Finale","Quick Slash"],"picked":"SKIP","floor":14}],"player_experience":375001,"relics_obtained":[{"floor":6,"key":"Centennial Puzzle"},{"floor":9,"key":"Bag of Preparation"},{"floor":11,"key":"Dodecahedron"},{"floor":14,"key":"StoneCalendar"}],"event_choices":[],"is_beta":false,"boss_relics":[],"items_purged_floors":[],"is_endless":false,"potions_floor_spawned":[3,5,6,11,14],"killed_by":"Slime Boss","ascension_level":4}