{"gold_per_floor":[113,113,113,131,131,131,175,175,175,199,199,124,124,124,124,252,252,265,180,198,297,320,351,364,67,115,138,161,196,196,219,219,342,342,361,380,602,398,411,411,436,459,459,475,475,490,508,841,841,841],"floor_reached":51,"playtime":2046,"items_purged":["Strike_R","Strike_R","Doubt"],"score":871,"play_id":"66af55f4-061f-4419-b333-7a193c3e6561","local_time":"20181014114618","is_ascension_mode":false,"campfire_choices":[{"data":"True Grit","floor":6,"key":"SMITH"},{"data":"Dropkick","floor":8,"key":"SMITH"},{"data":"Iron Wave","floor":11,"key":"SMITH"},{"data":"Cleave","floor":15,"key":"SMITH"},{"data":"Defend_R","floor":30,"key":"SMITH"},{"data":"Defend_R","floor":32,"key":"SMITH"},{"data":"Fire Breathing","floor":40,"key":"SMITH"},{"floor":49,"key":"REST"}],"neow_cost":"NONE","seed_source_timestamp":232275454506666,"circlet_count":0,"master_deck":["Strike_R","Strike_R","Strike_R+1","Defend_R+1","Defend_R+1","Defend_R","Defend_R+1","Bash+1","Cleave+1","Dropkick+1","True Grit+1","Iron Wave+1","Inflame+1","Fire Breathing+1","Pommel Strike+1","Shockwave+1","Shame","Thunderclap"],"relics":["Burning Blood","Vajra","Art of War","PreservedInsect","Cursed Key","Bronze Scales","Shuriken","Medical Kit","Orichalcum","Red Mask","Mark of Pain","Self Forming Clay","Bird Faced Urn"],"potions_floor_usage":[7,29,33,33,39,42,46,50,50],"damage_taken":[{"damage":0,"enemies":"Small Slimes","floor":1,"turns":3},{"damage":2,"enemies":"2 Louse","floor":4,"turns":2},{"damage":14,"enemies":"Gremlin Nob","floor":7,"turns":3},{"damage":4,"enemies":"Jaw Worm","floor":10,"turns":3},{"damage":26,"enemies":"Slime Boss","floor":16,"turns":8},{"damage":0,"enemies":"3 Byrds","floor":18,"turns":6},{"damage":11,"enemies":"2 Thieves","floor":20,"turns":3},{"damage":0,"enemies":"Centurion and Healer","floor":22,"turns":4},{"damage":12,"enemies":"Book of Stabbing","floor":23,"turns":4},{"damage":16,"enemies":"Snake Plant","floor":24,"turns":4},{"damage":9,"enemies":"Chosen and Byrds","floor":27,"turns":5},{"damage":12,"enemies":"Shelled Parasite and Fungi","floor":28,"turns":4},{"damage":2,"enemies":"Masked Bandits","floor":29,"turns":3},{"damage":9,"enemies":"3 Cultists","floor":31,"turns":5},{"damage":16,"enemies":"Collector","floor":33,"turns":10},{"damage":18,"enemies":"3 Darklings","floor":35,"turns":7},{"damage":3,"enemies":"3 Shapes","floor":36,"turns":6},{"damage":14,"enemies":"Sphere and 2 Shapes","floor":39,"turns":5},{"damage":1,"enemies":"Reptomancer","floor":41,"turns":7},{"damage":0,"enemies":"Transient","floor":42,"turns":5},{"damage":28,"enemies":"3 Darklings","floor":44,"turns":5},{"damage":8,"enemies":"Mind Bloom Boss Battle","floor":45,"turns":7},{"damage":0,"enemies":"Maw","floor":46,"turns":6},{"damage":5,"enemies":"4 Shapes","floor":47,"turns":10},{"damage":63,"enemies":"Time Eater","floor":50,"turns":10}],"seed_played":"-2728305701979279300","potions_obtained":[{"floor":1,"key":"Dexterity Potion"},{"floor":4,"key":"FearPotion"},{"floor":10,"key":"EssenceOfSteel"},{"floor":22,"key":"Explosive Potion"},{"floor":29,"key":"EssenceOfSteel"},{"floor":33,"key":"Energy Potion"},{"floor":35,"key":"Swift Potion"},{"floor":41,"key":"AttackPotion"},{"floor":42,"key":"Ancient Potion"},{"floor":45,"key":"Block Potion"},{"floor":46,"key":"Dexterity Potion"}],"is_trial":false,"path_per_floor":["M","?","?","M","?","R","E","R","T","M","R","$","?","T","R","B",null,"M","?","M","?","M","E","M","$","T","M","M","?","R","M","R","B",null,"M","M","?","$","M","R","M","M","T","M","?","M","M","?","R","B"],"character_chosen":"IRONCLAD","items_purchased":["Medical Kit","Fire Breathing"],"campfire_rested":1,"item_purchase_floors":[25,38],"current_hp_per_floor":[80,85,85,85,64,64,56,56,56,58,58,58,41,41,41,21,85,85,85,80,80,85,79,69,69,69,66,60,64,64,61,61,51,85,73,76,76,76,68,68,73,79,79,57,55,65,70,70,85,30],"gold":841,"neow_bonus":"THREE_CARDS","is_prod":false,"is_daily":false,"chose_seed":false,"campfire_upgraded":7,"win_rate":0,"timestamp":1539542778,"path_taken":["M","?","?","M","?","R","E","R","T","?","R","$","?","?","R","BOSS","M","?","M","?","?","E","M","$","T","?","?","?","R","M","R","BOSS","M","M","?","$","?","R","M","M","T","M","?","M","M","?","R","BOSS"],"build_version":"2018-10-11","purchased_purges":3,"victory":true,"max_hp_per_floor":[80,85,85,85,85,85,85,85,85,85,85,85,85,85,85,85,85,85,85,85,85,85,85,85,85,85,85,85,85,85,85,85,85,85,85,85,85,85,85,85,85,85,85,85,85,85,85,85,85,85],"card_choices":[{"not_picked":["Wild Strike","Uppercut"],"picked":"Cleave","floor":0},{"not_picked":["Feel No Pain","Armaments"],"picked":"Dropkick","floor":1},{"not_picked":["Intimidate","Armaments"],"picked":"True Grit","floor":4},{"not_picked":["Fire Breathing","Wild Strike","Flex"],"picked":"SKIP","floor":7},{"not_picked":["Armaments","Demon Form"],"picked":"Iron Wave","floor":10},{"not_picked":["Flex","Headbutt"],"picked":"Inflame+1","floor":18},{"not_picked":["Spot Weakness","Second Wind","Sword Boomerang"],"picked":"SKIP","floor":20},{"not_picked":["Twin Strike","Second Wind","Evolve"],"picked":"SKIP","floor":22},{"not_picked":["Sentinel","Carnage+1","Feed"],"picked":"SKIP","floor":23},{"not_picked":["Warcry","Sword Boomerang","Metallicize"],"picked":"SKIP","floor":24},{"not_picked":["Twin Strike","True Grit+1","Warcry+1"],"picked":"SKIP","floor":27},{"not_picked":["Pommel Strike","Shrug It Off","Iron Wave"],"picked":"SKIP","floor":28},{"not_picked":["Clothesline+1","Whirlwind+1","Reckless Charge"],"picked":"SKIP","floor":31},{"not_picked":["Anger+1","Clash","Sword Boomerang+1"],"picked":"SKIP","floor":35},{"not_picked":["Pommel Strike","Twin Strike","Entrench+1"],"picked":"SKIP","floor":36},{"not_picked":["Armaments","Wild Strike+1","Carnage"],"picked":"SKIP","floor":39},{"not_picked":["Anger","Burning Pact+1"],"picked":"Pommel Strike+1","floor":41},{"not_picked":["Uppercut","Barricade"],"picked":"Shockwave+1","floor":42},{"not_picked":["Perfected Strike+1","Burning Pact"],"picked":"Thunderclap","floor":44},{"not_picked":["Headbutt+1","Intimidate","Warcry"],"picked":"SKIP","floor":46},{"not_picked":["Whirlwind","Reckless Charge+1","Carnage+1"],"picked":"SKIP","floor":47}],"player_experience":285428,"relics_obtained":[{"floor":7,"key":"Vajra"},{"floor":9,"key":"Art of War"},{"floor":14,"key":"PreservedInsect"},{"floor":23,"key":"Shuriken"},{"floor":26,"key":"Orichalcum"},{"floor":29,"key":"Red Mask"},{"floor":43,"key":"Self Forming Clay"},{"floor":45,"key":"Bird Faced Urn"}],"event_choices":[{"event_name":"Big Fish","player_choice":"Donut","floor":2,"damage_taken":0},{"event_name":"Living Wall","player_choice":"Grow","floor":3,"damage_taken":0},{"event_name":"Golden Idol","player_choice":"Take Damage","floor":5,"damage_taken":0},{"event_name":"Shining Light","player_choice":"Entered Light","floor":13,"damage_taken":0},{"event_name":"Addict","player_choice":"Obtained Relic","floor":19,"damage_taken":0},{"event_name":"Nest","player_choice":"Stole From Cult","floor":21,"damage_taken":0},{"event_name":"Masked Bandits","player_choice":"Fought Bandits","floor":29,"damage_taken":0},{"event_name":"Tomb of Lord Red Mask","player_choice":"Wore Mask","floor":37,"damage_taken":0},{"event_name":"MindBloom","player_choice":"Fight","floor":45,"damage_taken":0},{"event_name":"The Moai Head","player_choice":"Gave Idol","floor":48,"damage_taken":0}],"is_beta":false,"boss_relics":[{"not_picked":["Snecko Eye","Runic Dome"],"picked":"Cursed Key"},{"not_picked":["Coffee Dripper","Runic Cube"],"picked":"Mark of Pain"}],"items_purged_floors":[12,25,38],"is_endless":false,"potions_floor_spawned":[1,4,10,22,23,29,33,35,41,42,45,46,47],"ascension_level":0}