{"gold_per_floor":[117,128,128,144,45,45,71,83,83,158,158,158],"floor_reached":12,"playtime":409,"items_purged":["Strike_B"],"score":146,"play_id":"654a999f-9675-4000-835c-1e2015f8c89b","local_time":"20190502215613","is_ascension_mode":true,"campfire_choices":[{"floor":6,"key":"REST"},{"data":"Beam Cell","floor":11,"key":"SMITH"}],"neow_cost":"PERCENT_DAMAGE","seed_source_timestamp":1687168884594574,"circlet_count":0,"master_deck":["AscendersBane","Strike_B","Strike_B","Strike_B","Defend_B","Defend_B","Defend_B","Defend_B","Zap","Dualcast","Gash","White Noise+1","Gash","Beam Cell+1","Genetic Algorithm"],"relics":["Cracked Core","Shovel","Pear"],"potions_floor_usage":[7],"damage_taken":[{"damage":7,"enemies":"Small Slimes","floor":1,"turns":3},{"damage":9,"enemies":"Jaw Worm","floor":2,"turns":4},{"damage":10,"enemies":"2 Louse","floor":4,"turns":2},{"damage":30,"enemies":"3 Sentries","floor":7,"turns":8},{"damage":9,"enemies":"2 Fungi Beasts","floor":8,"turns":2},{"damage":25,"enemies":"Gremlin Gang","floor":12,"turns":4}],"seed_played":"8793420211400885877","potions_obtained":[{"floor":2,"key":"Swift Potion"}],"is_trial":false,"path_per_floor":["M","M","?","M","$","R","E","M","T","?","R","M"],"character_chosen":"DEFECT","items_purchased":["Beam Cell"],"campfire_rested":1,"item_purchase_floors":[5],"current_hp_per_floor":[57,48,48,38,38,64,34,25,35,24,24,0],"gold":158,"neow_bonus":"TWENTY_PERCENT_HP_BONUS","is_prod":false,"is_daily":false,"chose_seed":false,"campfire_upgraded":1,"win_rate":0,"timestamp":1556801773,"path_taken":["M","M","?","M","$","R","E","M","T","?","R","?"],"build_version":"2019-01-23","purchased_purges":1,"victory":false,"max_hp_per_floor":[89,89,89,89,89,89,89,89,99,99,99,99],"card_choices":[{"not_picked":["Leap","Cold Snap"],"picked":"Gash","floor":1},{"not_picked":["Auto Shields","Beam Cell"],"picked":"White Noise","floor":2},{"not_picked":["Self Repair","Go for the Eyes"],"picked":"Gash","floor":4},{"not_picked":["Steam","Chaos","Force Field"],"picked":"SKIP","floor":7},{"not_picked":["Beam Cell","Streamline"],"picked":"Genetic Algorithm","floor":8}],"player_experience":474309,"relics_obtained":[{"floor":7,"key":"Shovel"},{"floor":9,"key":"Pear"}],"event_choices":[{"damage_healed":0,"gold_gain":0,"player_choice":"Grow","damage_taken":0,"max_hp_gain":0,"max_hp_loss":0,"event_name":"Living Wall","floor":3,"gold_loss":0,"cards_upgraded":["White Noise"]},{"damage_healed":0,"gold_gain":75,"player_choice":"Gather Gold","damage_taken":11,"max_hp_gain":0,"max_hp_loss":0,"event_name":"World of Goop","floor":10,"gold_loss":0}],"is_beta":false,"boss_relics":[],"items_purged_floors":[5],"is_endless":false,"potions_floor_spawned":[2],"killed_by":"Gremlin Gang","ascension_level":11}