{"gold_per_floor":[116,131,149,162,312,312,312,327,327,252,278,289,289,316,316,316],"floor_reached":16,"playtime":605,"items_purged":["Doubt"],"score":179,"play_id":"740a9859-d007-4603-99cc-005676fe196f","local_time":"20190503213728","is_ascension_mode":true,"campfire_choices":[{"data":"Poisoned Stab","floor":6,"key":"SMITH"},{"floor":13,"key":"REST"},{"floor":15,"key":"REST"}],"neow_cost":"CURSE","seed_source_timestamp":1765289761620242,"circlet_count":0,"master_deck":["AscendersBane","Defend_G","Defend_G","Defend_G","Defend_G","Defend_G","Strike_G","Strike_G","Strike_G","Strike_G","Strike_G","Survivor","Neutralize","Injury","Terror","Poisoned Stab+1","Blur","PiercingWail","Crippling Poison","Catalyst","Catalyst"],"relics":["Ring of the Snake","Turnip","Juzu Bracelet","Odd Mushroom","Smiling Mask"],"potions_floor_usage":[],"damage_taken":[{"damage":0,"enemies":"Small Slimes","floor":1,"turns":5},{"damage":0,"enemies":"2 Louse","floor":2,"turns":5},{"damage":2,"enemies":"Jaw Worm","floor":3,"turns":4},{"damage":12,"enemies":"Exordium Wildlife","floor":4,"turns":8},{"damage":1,"enemies":"Looter","floor":8,"turns":4},{"damage":29,"enemies":"The Mushroom Lair","floor":11,"turns":5},{"damage":7,"enemies":"Blue Slaver","floor":12,"turns":4},{"damage":14,"enemies":"Gremlin Nob","floor":14,"turns":4},{"damage":45,"enemies":"Slime Boss","floor":16,"turns":12}],"seed_played":"-732169164033706520","potions_obtained":[{"floor":1,"key":"SneckoOil"},{"floor":3,"key":"SpeedPotion"},{"floor":11,"key":"Ancient Potion"}],"is_trial":false,"path_per_floor":["M","M","M","M","?","R","?","M","T","$","?","M","R","E","R","B"],"character_chosen":"THE_SILENT","items_purchased":[],"campfire_rested":2,"item_purchase_floors":[],"current_hp_per_floor":[59,59,57,45,45,45,50,49,49,49,20,13,34,20,41,0],"gold":316,"neow_bonus":"ONE_RARE_RELIC","is_prod":false,"is_daily":false,"chose_seed":false,"campfire_upgraded":1,"win_rate":0,"timestamp":1556944648,"path_taken":["M","M","M","M","?","R","?","M","T","$","?","M","R","E","R","BOSS"],"build_version":"2019-01-23","purchased_purges":1,"victory":false,"max_hp_per_floor":[66,66,66,66,66,66,71,71,71,71,71,71,71,71,71,71],"card_choices":[{"not_picked":["Blade Dance","Acrobatics"],"picked":"Terror","floor":1},{"not_picked":["Accuracy","Calculated Gamble"],"picked":"Poisoned Stab","floor":2},{"not_picked":["Skewer","Dagger Spray"],"picked":"Blur","floor":3},{"not_picked":["Bane","Dodge and Roll"],"picked":"PiercingWail","floor":4},{"not_picked":["PiercingWail","Quick Slash"],"picked":"Crippling Poison","floor":8},{"not_picked":["Tools of the Trade","Outmaneuver"],"picked":"Catalyst","floor":11},{"not_picked":["Dagger Throw","Setup","Masterful Stab"],"picked":"SKIP","floor":12},{"not_picked":["Flechettes","Bane"],"picked":"Catalyst","floor":14}],"player_experience":397093,"relics_obtained":[{"floor":9,"key":"Juzu Bracelet"},{"floor":11,"key":"Odd Mushroom"},{"floor":14,"key":"Smiling Mask"}],"event_choices":[{"damage_healed":0,"gold_gain":150,"player_choice":"AGREE","damage_taken":0,"max_hp_gain":0,"max_hp_loss":0,"event_name":"Liars Game","floor":5,"gold_loss":0,"cards_obtained":["Doubt"]},{"damage_healed":0,"gold_gain":0,"player_choice":"Donut","damage_taken":0,"max_hp_gain":5,"max_hp_loss":0,"event_name":"Big Fish","floor":7,"gold_loss":0},{"damage_healed":0,"gold_gain":0,"player_choice":"Fought Mushrooms","damage_taken":0,"max_hp_gain":0,"max_hp_loss":0,"event_name":"Mushrooms","floor":11,"gold_loss":0}],"is_beta":false,"boss_relics":[],"items_purged_floors":[10],"is_endless":false,"potions_floor_spawned":[1,3,11],"killed_by":"Slime Boss","ascension_level":15}