{"gold_per_floor":[218,233,37,55,55,55,81,0,0,16,16,39,51,81,93,201,213,243,272,302,329,341,353,394,425,463,475,497,509,555,492,504,616,628,654,275,292,302,302,302],"floor_reached":40,"playtime":2261,"items_purged":["Strike_R"],"score":430,"play_id":"d5c16523-4ecd-4282-a31e-d53e81c42dc6","local_time":"20190310135621","is_ascension_mode":false,"campfire_choices":[{"data":"True Grit","floor":6,"key":"SMITH"},{"data":"Mind Blast","floor":13,"key":"SMITH"},{"data":"Noxious Fumes","floor":15,"key":"SMITH"},{"data":"Dual Wield","floor":23,"key":"SMITH"},{"floor":29,"key":"REST"},{"floor":32,"key":"REST"}],"neow_cost":"NONE","seed_source_timestamp":739002877121580,"circlet_count":0,"master_deck":["Strike_R","Strike_R","Strike_R","Defend_R","Defend_R","Defend_R","Defend_R","Bash","Perfected Strike+1","True Grit+1","Corruption","Metallicize","Shrug It Off","Mind Blast+1","Noxious Fumes+1","Malaise","Dual Wield+1","Backflip","Backstab","Barricade","Hello World","Expertise+1","After Image","Headbutt+1","Genetic Algorithm","Conserve Battery","Apotheosis","Flame Barrier","Disarm","Reaper","Dark Shackles+1"],"relics":["Burning Blood","PrismaticShard","Meat on the Bone","Peace Pipe","MawBank","Sozu","Unceasing Top","Centennial Puzzle","Oddly Smooth Stone","Orrery"],"potions_floor_usage":[24,24,28],"damage_taken":[{"damage":8,"enemies":"Small Slimes","floor":1,"turns":3},{"damage":1,"enemies":"Cultist","floor":2,"turns":3},{"damage":6,"enemies":"Jaw Worm","floor":4,"turns":3},{"damage":29,"enemies":"3 Sentries","floor":7,"turns":12},{"damage":10,"enemies":"3 Louse","floor":10,"turns":4},{"damage":1,"enemies":"Looter","floor":12,"turns":2},{"damage":6,"enemies":"Blue Slaver","floor":14,"turns":3},{"damage":47,"enemies":"Hexaghost","floor":16,"turns":11},{"damage":24,"enemies":"Spheric Guardian","floor":18,"turns":8},{"damage":7,"enemies":"3 Byrds","floor":19,"turns":5},{"damage":9,"enemies":"Centurion and Healer","floor":20,"turns":8},{"damage":12,"enemies":"Snake Plant","floor":21,"turns":6},{"damage":56,"enemies":"Gremlin Leader","floor":24,"turns":9},{"damage":7,"enemies":"Snecko","floor":25,"turns":6},{"damage":31,"enemies":"Colosseum Slavers","floor":27,"turns":5},{"damage":7,"enemies":"3 Cultists","floor":28,"turns":5},{"damage":44,"enemies":"Slavers","floor":30,"turns":6},{"damage":7,"enemies":"Champ","floor":33,"turns":22},{"damage":25,"enemies":"3 Darklings","floor":35,"turns":10},{"damage":7,"enemies":"Orb Walker","floor":37,"turns":6},{"damage":17,"enemies":"Spire Growth","floor":38,"turns":7},{"damage":62,"enemies":"2 Orb Walkers","floor":40,"turns":4}],"seed_played":"-7583386430365599347","potions_obtained":[{"floor":1,"key":"BloodPotion"},{"floor":4,"key":"Dexterity Potion"},{"floor":7,"key":"Energy Potion"}],"is_trial":false,"path_per_floor":["M","M","$","M","?","R","E","$","T","M","T","M","R","M","R","B",null,"M","M","M","M","?","R","E","M","T","?","M","R","E","?","R","B",null,"M","$","M","M","?","?"],"character_chosen":"IRONCLAD","items_purchased":["PrismaticShard","Metallicize","Apotheosis","Flame Barrier","Disarm"],"campfire_rested":2,"item_purchase_floors":[3,8,36,36,36],"current_hp_per_floor":[78,80,80,80,80,80,57,57,57,53,53,58,58,58,58,29,80,62,61,58,52,52,52,22,33,33,20,31,55,29,29,53,52,80,61,61,60,53,53,0],"gold":302,"neow_bonus":"HUNDRED_GOLD","is_prod":false,"is_daily":false,"chose_seed":false,"campfire_upgraded":4,"win_rate":0.0,"timestamp":1552251381,"path_taken":["M","M","$","M","?","R","E","$","T","?","?","M","R","M","R","BOSS","M","M","M","M","?","R","E","M","T","?","M","R","E","?","R","BOSS","M","$","M","M","?","?"],"build_version":"2019-01-23","purchased_purges":1,"victory":false,"max_hp_per_floor":[80,80,80,80,80,80,80,80,80,80,80,80,80,80,80,80,80,80,80,80,80,80,80,80,80,80,80,80,80,80,80,80,80,80,80,80,80,80,80,80],"card_choices":[{"not_picked":["Combust","Body Slam"],"picked":"Perfected Strike","floor":1},{"not_picked":["Shrug It Off","Headbutt"],"picked":"True Grit","floor":2},{"not_picked":["Thunderclap","Combust","Slice"],"picked":"SKIP","floor":4},{"not_picked":["Double Energy","Discovery"],"picked":"Corruption","floor":7},{"not_picked":["Streamline","Flex"],"picked":"Shrug It Off","floor":10},{"not_picked":["Rupture","Force Field"],"picked":"Mind Blast","floor":12},{"not_picked":["Sucker Punch","Sweeping Beam"],"picked":"Noxious Fumes","floor":14},{"not_picked":["Rainbow","Double Tap"],"picked":"Malaise","floor":16},{"not_picked":["Armaments","Noxious Fumes"],"picked":"Dual Wield","floor":18},{"not_picked":["Twin Strike+1","True Grit"],"picked":"Backflip","floor":19},{"not_picked":["Auto Shields+1","Backflip","Sweeping Beam"],"picked":"SKIP","floor":20},{"not_picked":["Anger+1","Headbutt"],"picked":"Backstab","floor":21},{"not_picked":["Ghostly Armor","Blizzard","Loop"],"picked":"SKIP","floor":24},{"not_picked":["Seek","Good Instincts"],"picked":"Hello World","floor":25},{"not_picked":["Prepared","Bloodletting"],"picked":"Expertise+1","floor":28},{"not_picked":["Power Through","Riddle With Holes","Steam"],"picked":"SKIP","floor":30},{"not_picked":["Buffer","Fiend Fire"],"picked":"After Image","floor":33},{"not_picked":["Pummel","Hologram"],"picked":"Headbutt+1","floor":34},{"not_picked":["Go for the Eyes","Acrobatics"],"picked":"Genetic Algorithm","floor":34},{"not_picked":["Hologram","Clothesline"],"picked":"Conserve Battery","floor":34},{"not_picked":["Slice+1","Streamline+1","Power Through"],"picked":"SKIP","floor":35},{"not_picked":["Hemokinesis+1","Warcry"],"picked":"Reaper","floor":37},{"not_picked":["Prepared+1","Eviscerate+1"],"picked":"Dark Shackles+1","floor":38}],"player_experience":506,"relics_obtained":[{"floor":7,"key":"Meat on the Bone"},{"floor":9,"key":"Peace Pipe"},{"floor":11,"key":"MawBank"},{"floor":24,"key":"Unceasing Top"},{"floor":26,"key":"Centennial Puzzle"},{"floor":30,"key":"Oddly Smooth Stone"}],"event_choices":[{"damage_healed":0,"gold_gain":0,"player_choice":"Upgraded","damage_taken":0,"max_hp_gain":0,"max_hp_loss":0,"event_name":"Upgrade Shrine","floor":5,"gold_loss":0,"cards_upgraded":["Perfected Strike"]},{"damage_healed":0,"gold_gain":0,"player_choice":"Read","damage_taken":0,"max_hp_gain":0,"max_hp_loss":0,"event_name":"The Library","floor":22,"gold_loss":0,"cards_obtained":["Barricade"]},{"damage_healed":0,"gold_gain":0,"player_choice":"Fight","damage_taken":0,"max_hp_gain":0,"max_hp_loss":0,"event_name":"Colosseum","floor":27,"gold_loss":0},{"damage_healed":0,"gold_gain":0,"player_choice":"Fled From Nobs","damage_taken":0,"max_hp_gain":0,"max_hp_loss":0,"event_name":"Colosseum","floor":27,"gold_loss":0},{"cards_removed":["Strike_R"],"damage_healed":0,"gold_gain":0,"player_choice":"Gave Gold","damage_taken":0,"max_hp_gain":0,"max_hp_loss":0,"event_name":"Beggar","floor":31,"gold_loss":75},{"damage_healed":0,"gold_gain":0,"player_choice":"Ignored","damage_taken":0,"max_hp_gain":0,"max_hp_loss":0,"event_name":"Tomb of Lord Red Mask","floor":39,"gold_loss":0},{"damage_healed":0,"gold_gain":0,"player_choice":"Fight","damage_taken":0,"max_hp_gain":0,"max_hp_loss":0,"event_name":"Mysterious Sphere","floor":40,"gold_loss":0}],"is_beta":false,"boss_relics":[{"not_picked":["Ectoplasm","Black Star"],"picked":"Sozu"},{"not_picked":["Runic Cube","Calling Bell"],"picked":"Orrery"}],"items_purged_floors":[36],"is_endless":false,"potions_floor_spawned":[1,4,7,14,20,24,25,30,33,35,37,38],"killed_by":"2 Orb Walkers","ascension_level":0}