{"gold_per_floor":[361,361,374,46,59,59,59,69,94,108,108,136,136,155,155,256,256,275,257,182,193,207,207,207],"floor_reached":24,"playtime":2219,"items_purged":[],"score":260,"play_id":"30793f69-c48c-4e76-baf8-a2c330970512","local_time":"20190328213000","is_ascension_mode":true,"campfire_choices":[{"floor":6,"key":"REST"},{"data":"Neutralize","floor":11,"key":"SMITH"},{"data":"Dagger Spray","floor":13,"key":"SMITH"},{"data":"Footwork","floor":15,"key":"SMITH"},{"floor":23,"key":"REST"}],"neow_cost":"PERCENT_DAMAGE","seed_source_timestamp":149558504753903,"circlet_count":0,"master_deck":["Defend_G","Defend_G","Defend_G","Defend_G+1","Defend_G+1","Strike_G","Strike_G","Strike_G","Survivor","Neutralize+1","Deadly Poison","Deflect","Footwork+1","Dodge and Roll","Dagger Spray+1","Dagger Throw","Deadly Poison","Envenom","Backflip+1","Well Laid Plans","Footwork","Noxious Fumes"],"relics":["Ring of the Snake","Pear","Juzu Bracelet","Orichalcum","Snecko Eye"],"potions_floor_usage":[19,21,22,22],"damage_taken":[{"damage":1,"enemies":"2 Louse","floor":1,"turns":5},{"damage":2,"enemies":"Jaw Worm","floor":3,"turns":5},{"damage":0,"enemies":"Small Slimes","floor":5,"turns":3},{"damage":4,"enemies":"2 Fungi Beasts","floor":8,"turns":5},{"damage":0,"enemies":"Looter","floor":10,"turns":4},{"damage":17,"enemies":"3 Sentries","floor":12,"turns":10},{"damage":2,"enemies":"3 Louse","floor":14,"turns":2},{"damage":9,"enemies":"Hexaghost","floor":16,"turns":11},{"damage":26,"enemies":"Spheric Guardian","floor":18,"turns":9},{"damage":25,"enemies":"2 Thieves","floor":19,"turns":4},{"damage":1,"enemies":"Centurion and Healer","floor":21,"turns":6},{"damage":12,"enemies":"Snake Plant","floor":22,"turns":6},{"damage":27,"enemies":"Book of Stabbing","floor":24,"turns":4}],"seed_played":"-4385345544448596259","potions_obtained":[{"floor":8,"key":"PowerPotion"},{"floor":10,"key":"AttackPotion"},{"floor":16,"key":"LiquidBronze"},{"floor":21,"key":"Explosive Potion"}],"is_trial":false,"path_per_floor":["?","?","?"],"character_chosen":"THE_SILENT","items_purchased":["Pear","Footwork"],"campfire_rested":2,"item_purchase_floors":[4,4],"current_hp_per_floor":[44,37,35,45,45,69,53,49,49,49,49,32,32,30,30,21,65,39,14,14,13,1,25,0],"gold":207,"neow_bonus":"TWO_FIFTY_GOLD","is_prod":false,"is_daily":false,"chose_seed":false,"campfire_upgraded":3,"win_rate":0,"timestamp":1553830200,"path_taken":["M","?","M","$","M","R","?","M","T","M","R","E","R","M","R","BOSS","M","M","?","M","M","R","E"],"build_version":"2019-01-23","purchased_purges":0,"victory":false,"max_hp_per_floor":[70,70,70,80,80,80,80,80,80,80,80,80,80,80,80,80,80,80,80,80,80,80,80,80],"card_choices":[{"not_picked":["Slice","Predator"],"picked":"Deadly Poison","floor":1},{"not_picked":["Outmaneuver","Prepared"],"picked":"Deflect","floor":3},{"not_picked":["Expertise","Flying Knee"],"picked":"Dodge and Roll","floor":5},{"not_picked":["Prepared","Cloak And Dagger"],"picked":"Dagger Spray","floor":8},{"not_picked":["Slice","Flechettes"],"picked":"Dagger Throw","floor":10},{"not_picked":["Choke","Distraction","Terror"],"picked":"SKIP","floor":12},{"not_picked":["Underhanded Strike","Finisher"],"picked":"Deadly Poison","floor":14},{"not_picked":["Doppelganger","Malaise"],"picked":"Envenom","floor":16},{"not_picked":["Blade Dance+1","Eviscerate"],"picked":"Backflip+1","floor":18},{"not_picked":["Flechettes","Dagger Spray+1"],"picked":"Well Laid Plans","floor":19},{"not_picked":["Dodge and Roll","Reflex"],"picked":"Footwork","floor":21},{"not_picked":["Outmaneuver","Acrobatics"],"picked":"Noxious Fumes","floor":22}],"player_experience":406753,"relics_obtained":[{"floor":9,"key":"Juzu Bracelet"},{"floor":12,"key":"Orichalcum"}],"event_choices":[{"cards_removed":["Strike_G"],"damage_healed":0,"gold_gain":0,"player_choice":"Card Removal","damage_taken":7,"max_hp_gain":0,"max_hp_loss":0,"event_name":"Golden Wing","floor":2,"gold_loss":0},{"damage_healed":0,"gold_gain":0,"player_choice":"Entered Light","damage_taken":16,"max_hp_gain":0,"max_hp_loss":0,"event_name":"Shining Light","floor":7,"gold_loss":0,"cards_upgraded":["Defend_G","Defend_G"]},{"cards_removed":["Strike_G"],"damage_healed":0,"gold_gain":0,"player_choice":"Gave Gold","damage_taken":0,"max_hp_gain":0,"max_hp_loss":0,"event_name":"Beggar","floor":20,"gold_loss":75}],"is_beta":false,"boss_relics":[{"not_picked":["Ring of the Serpent","Runic Pyramid"],"picked":"Snecko Eye"}],"items_purged_floors":[],"is_endless":false,"potions_floor_spawned":[8,10,16,18,21],"killed_by":"Book of Stabbing","ascension_level":6}