{"gold_per_floor":[109,109,109,122,122,122,147,162,162,177,203,203,233,246,246,246],"floor_reached":16,"playtime":493,"items_purged":[],"score":270,"play_id":"f944666a-9446-4ee1-b214-2fbb069c8911","local_time":"20190430184632","is_ascension_mode":true,"campfire_choices":[{"data":"Zap","floor":6,"key":"SMITH"},{"data":"Chaos","floor":15,"key":"SMITH"}],"neow_cost":"NONE","seed_source_timestamp":3272047410014114,"circlet_count":0,"master_deck":["AscendersBane","Strike_B","Strike_B","Strike_B","Strike_B","Defend_B","Defend_B","Defend_B","Defend_B","Zap+1","Dualcast","Cold Snap","Compile Driver","Ball Lightning","Chaos+1","Melter"],"relics":["Cracked Core","NeowsBlessing","Girya","Torii","Odd Mushroom","Art of War"],"potions_floor_usage":[11,13,16],"damage_taken":[{"damage":0,"enemies":"2 Louse","floor":1,"turns":1},{"damage":0,"enemies":"Small Slimes","floor":4,"turns":1},{"damage":0,"enemies":"3 Sentries","floor":7,"turns":1},{"damage":2,"enemies":"Jaw Worm","floor":8,"turns":4},{"damage":29,"enemies":"Exordium Thugs","floor":10,"turns":4},{"damage":19,"enemies":"The Mushroom Lair","floor":11,"turns":5},{"damage":8,"enemies":"Gremlin Nob","floor":13,"turns":3},{"damage":2,"enemies":"Gremlin Gang","floor":14,"turns":3},{"damage":10,"enemies":"The Guardian","floor":16,"turns":4}],"seed_played":"4328458292892917168","potions_obtained":[{"floor":7,"key":"Dexterity Potion"},{"floor":11,"key":"Strength Potion"},{"floor":13,"key":"Ancient Potion"},{"floor":14,"key":"Poison Potion"}],"is_trial":false,"path_per_floor":["M","$","?","M","?","R","E","M","T","M","?","?","E","M","R","B"],"character_chosen":"DEFECT","items_purchased":[],"campfire_rested":0,"item_purchase_floors":[],"current_hp_per_floor":[64,64,64,64,64,64,64,62,62,33,14,14,6,4,4,0],"gold":246,"neow_bonus":"THREE_ENEMY_KILL","is_prod":false,"is_daily":false,"chose_seed":false,"campfire_upgraded":2,"win_rate":0,"timestamp":1556646392,"path_taken":["M","$","?","M","?","R","E","M","T","M","?","?","E","M","R","BOSS"],"build_version":"2019-01-23","purchased_purges":0,"victory":false,"max_hp_per_floor":[71,71,71,71,71,71,71,71,71,71,71,71,71,71,71,71],"card_choices":[{"not_picked":["Turbo","Barrage","Redo"],"picked":"SKIP","floor":1},{"not_picked":["Redo","Streamline"],"picked":"Cold Snap","floor":4},{"not_picked":["Beam Cell","Reprogram"],"picked":"Compile Driver","floor":7},{"not_picked":["Sweeping Beam","Tempest","Scrape"],"picked":"SKIP","floor":8},{"not_picked":["Leap","Amplify"],"picked":"Ball Lightning","floor":10},{"not_picked":["Compile Driver","Chill"],"picked":"Chaos","floor":11},{"not_picked":["Redo","Heatsinks","Turbo"],"picked":"SKIP","floor":13},{"not_picked":["Coolheaded","Stack"],"picked":"Melter","floor":14}],"player_experience":267413,"relics_obtained":[{"floor":7,"key":"Girya"},{"floor":9,"key":"Torii"},{"floor":11,"key":"Odd Mushroom"},{"floor":13,"key":"Art of War"}],"event_choices":[{"damage_healed":0,"gold_gain":0,"player_choice":"Ignored","damage_taken":0,"max_hp_gain":0,"max_hp_loss":0,"event_name":"Golden Wing","floor":3,"gold_loss":0},{"damage_healed":0,"gold_gain":0,"player_choice":"Leave","damage_taken":0,"max_hp_gain":0,"max_hp_loss":0,"event_name":"The Cleric","floor":5,"gold_loss":0},{"damage_healed":0,"gold_gain":0,"player_choice":"Fought Mushrooms","damage_taken":0,"max_hp_gain":0,"max_hp_loss":0,"event_name":"Mushrooms","floor":11,"gold_loss":0},{"damage_healed":0,"gold_gain":0,"player_choice":"Ignored","damage_taken":0,"max_hp_gain":0,"max_hp_loss":0,"event_name":"Shining Light","floor":12,"gold_loss":0}],"is_beta":false,"boss_relics":[],"items_purged_floors":[],"is_endless":false,"potions_floor_spawned":[7,11,13,14],"killed_by":"The Guardian","ascension_level":20}