{"gold_per_floor":[365,365,313,313,331,364,379,405,405,423,397,397],"floor_reached":12,"playtime":351,"items_purged":[],"score":119,"play_id":"69d0470b-b155-43cf-846f-32ff36189fbd","local_time":"20190428142248","is_ascension_mode":true,"campfire_choices":[],"neow_cost":"PERCENT_DAMAGE","seed_source_timestamp":1612898578048500,"circlet_count":0,"master_deck":["Strike_R","Strike_R","Strike_R","Strike_R","Strike_R","Defend_R","Defend_R","Defend_R","Defend_R","Bash","Disarm","True Grit","Cleave","Pummel","Heavy Blade","Heavy Blade"],"relics":["Burning Blood","Pantograph","Pear","Blue Candle","Regal Pillow"],"potions_floor_usage":[6,6,6,10],"damage_taken":[{"damage":14,"enemies":"Jaw Worm","floor":1,"turns":4},{"damage":3,"enemies":"Cultist","floor":5,"turns":4},{"damage":19,"enemies":"Lagavulin","floor":6,"turns":6},{"damage":8,"enemies":"Small Slimes","floor":7,"turns":4},{"damage":40,"enemies":"Gremlin Nob","floor":8,"turns":5},{"damage":4,"enemies":"Looter","floor":10,"turns":4},{"damage":13,"enemies":"Exordium Thugs","floor":12,"turns":3}],"seed_played":"5953248198719487504","potions_obtained":[{"floor":1,"key":"Energy Potion"},{"floor":5,"key":"FearPotion"},{"floor":7,"key":"Dexterity Potion"}],"is_trial":false,"path_per_floor":["M","?","$","T","M","E","M","E","T","M","?","M"],"character_chosen":"IRONCLAD","items_purchased":["PowerPotion"],"campfire_rested":0,"item_purchase_floors":[3],"current_hp_per_floor":[43,43,43,43,46,43,41,7,7,9,9,0],"gold":397,"neow_bonus":"TWO_FIFTY_GOLD","is_prod":false,"is_daily":false,"chose_seed":false,"campfire_upgraded":0,"win_rate":0,"timestamp":1556454168,"path_taken":["M","?","$","?","M","E","M","E","T","?","?","M"],"build_version":"2019-01-23","purchased_purges":0,"victory":false,"max_hp_per_floor":[80,80,80,80,80,90,90,90,90,90,90,90],"card_choices":[{"not_picked":["Sentinel","Twin Strike"],"picked":"Disarm","floor":1},{"not_picked":["Heavy Blade","Combust"],"picked":"True Grit","floor":5},{"not_picked":["Perfected Strike","Headbutt"],"picked":"Cleave","floor":6},{"not_picked":["Perfected Strike","Anger"],"picked":"Pummel","floor":7},{"not_picked":["Pommel Strike","Second Wind"],"picked":"Heavy Blade","floor":8},{"not_picked":["Carnage","Iron Wave"],"picked":"Heavy Blade","floor":10}],"player_experience":821363,"relics_obtained":[{"floor":4,"key":"Pantograph"},{"floor":6,"key":"Pear"},{"floor":8,"key":"Blue Candle"},{"floor":9,"key":"Regal Pillow"}],"event_choices":[{"damage_healed":0,"gold_gain":0,"player_choice":"Bought 0 Potions","damage_taken":0,"max_hp_gain":0,"max_hp_loss":0,"event_name":"The Woman in Blue","floor":2,"gold_loss":0},{"damage_healed":0,"gold_gain":0,"player_choice":"Left Gold","damage_taken":0,"max_hp_gain":0,"max_hp_loss":0,"event_name":"World of Goop","floor":11,"gold_loss":26}],"is_beta":false,"boss_relics":[],"items_purged_floors":[],"is_endless":false,"potions_floor_spawned":[1,5,7],"killed_by":"Exordium Thugs","ascension_level":7}