{"gold_per_floor":[114,20,35,12,12,43,43,73,73,73,91,111,111],"floor_reached":13,"playtime":339,"items_purged":[],"score":102,"play_id":"6f541edf-87c5-4953-a527-f343889cd806","local_time":"20190127105204","is_ascension_mode":true,"campfire_choices":[{"floor":7,"key":"REST"}],"neow_cost":"NONE","seed_source_timestamp":503626758496788,"circlet_count":0,"master_deck":["Strike_B","Strike_B","Strike_B","Strike_B","Defend_B","Defend_B","Defend_B","Defend_B","Zap","Dualcast","Loop","Defragment+1","Consume","Redo","Loop","Static Discharge"],"relics":["Cracked Core","Darkstone Periapt","Centennial Puzzle","Vajra","Singing Bowl"],"potions_floor_usage":[3,8],"damage_taken":[{"damage":6,"enemies":"Cultist","floor":1,"turns":3},{"damage":2,"enemies":"Jaw Worm","floor":3,"turns":3},{"damage":46,"enemies":"3 Sentries","floor":6,"turns":6},{"damage":34,"enemies":"Gremlin Nob","floor":8,"turns":4},{"damage":0,"enemies":"Small Slimes","floor":11,"turns":3},{"damage":7,"enemies":"Exordium Wildlife","floor":12,"turns":2},{"damage":18,"enemies":"3 Louse","floor":13,"turns":1}],"seed_played":"4245865757615121966","potions_obtained":[{"floor":1,"key":"Energy Potion"},{"floor":6,"key":"FearPotion"},{"floor":8,"key":"SteroidPotion"}],"is_trial":false,"path_per_floor":["M","$","M","$","?","E","R","E","T","?","M","M","M"],"character_chosen":"DEFECT","items_purchased":["Defragment","Hologram","Redo"],"campfire_rested":1,"item_purchase_floors":[2,2,4],"current_hp_per_floor":[76,76,74,74,74,28,52,18,18,18,20,15,0],"gold":111,"neow_bonus":"TEN_PERCENT_HP_BONUS","is_prod":false,"is_daily":false,"chose_seed":false,"campfire_upgraded":0,"win_rate":0,"timestamp":1548615124,"path_taken":["M","$","?","$","?","E","R","E","T","?","?","M","M"],"build_version":"2019-01-23","purchased_purges":0,"victory":false,"max_hp_per_floor":[82,82,82,82,82,82,82,82,82,82,84,86,86],"card_choices":[{"not_picked":["Doom and Gloom","Stack"],"picked":"Loop","floor":1},{"not_picked":["Rebound","Chaos"],"picked":"Consume","floor":3},{"not_picked":["Hologram","Force Field"],"picked":"Loop","floor":6},{"not_picked":["Defragment","All For One"],"picked":"Static Discharge","floor":8},{"not_picked":["Hologram","FTL","Conserve Battery"],"picked":"Singing Bowl","floor":11},{"not_picked":["Barrage","Glacier","Recycle"],"picked":"Singing Bowl","floor":12}],"player_experience":342071,"relics_obtained":[{"floor":6,"key":"Darkstone Periapt"},{"floor":8,"key":"Centennial Puzzle"},{"floor":9,"key":"Vajra"}],"event_choices":[{"damage_healed":0,"gold_gain":0,"player_choice":"Grow","damage_taken":0,"max_hp_gain":0,"max_hp_loss":0,"event_name":"Living Wall","floor":5,"gold_loss":0,"cards_upgraded":["Defragment"]},{"cards_removed":["Hologram"],"damage_healed":0,"gold_gain":0,"player_choice":"Gave Card","damage_taken":0,"relics_obtained":["Singing Bowl"],"max_hp_gain":0,"max_hp_loss":0,"event_name":"WeMeetAgain","floor":10,"gold_loss":0}],"is_beta":false,"boss_relics":[],"items_purged_floors":[],"is_endless":false,"potions_floor_spawned":[1,6,8],"killed_by":"3 Louse","ascension_level":2}