{"gold_per_floor":[117,92,92,104,104,131,131,96,169,179,194,213,68,82,82,180,180,192,192,192,202,202,202,221,247,247,247,247,266,266,284,284,379,379,397,497,96,196,206,206,218,218,218,218,218],"floor_reached":45,"playtime":3359,"items_purged":["Strike_R","Writhe"],"score":476,"play_id":"fb6f3e4d-f7a1-4376-bb68-b72d735a8319","local_time":"20190318131500","is_ascension_mode":true,"campfire_choices":[{"data":"Whirlwind","floor":7.0,"key":"SMITH"},{"data":"Rage","floor":15.0,"key":"SMITH"},{"data":"Shrug It Off","floor":23.0,"key":"SMITH"},{"data":"Juggernaut","floor":27.0,"key":"SMITH"},{"data":"Heavy Blade","floor":30.0,"key":"SMITH"},{"floor":32.0,"key":"RECALL"},{"data":"Flame Barrier","floor":40,"key":"SMITH"},{"data":"Metallicize","floor":42,"key":"SMITH"},{"data":"Feel No Pain","floor":44,"key":"SMITH"}],"neow_cost":"NONE","seed_source_timestamp":0,"circlet_count":0,"master_deck":["Strike_R","Strike_R","Defend_R","Defend_R","Bash","Whirlwind+1","Shrug It Off+1","Flex","Battle Trance","Rage+1","Juggernaut+1","Flex","Impervious+1","Reaper+1","Power Through+1","Evolve+1","Heavy Blade+1","Inflame+1","Heavy Blade+1","Armaments+1","Sword Boomerang","Juggernaut","Dual Wield+1","Flame Barrier+1","Body Slam+1","Metallicize+1","Feel No Pain+1"],"special_seed":0,"relics":["Burning Blood","Ancient Tea Set","Turnip","Meat on the Bone","Astrolabe","Letter Opener","Sundial","Prayer Wheel","Thread and Needle","Pen Nib"],"potions_floor_usage":[],"damage_taken":[{"damage":3.0,"enemies":"Jaw Worm","floor":1.0,"turns":5.0},{"damage":0.0,"enemies":"Cultist","floor":4.0,"turns":4.0},{"damage":43.0,"enemies":"Gremlin Nob","floor":6.0,"turns":5.0},{"damage":0.0,"enemies":"2 Louse","floor":10.0,"turns":2.0},{"damage":11.0,"enemies":"Blue Slaver","floor":11.0,"turns":4.0},{"damage":0.0,"enemies":"Exordium Wildlife","floor":12.0,"turns":2.0},{"damage":0.0,"enemies":"2 Fungi Beasts","floor":14.0,"turns":2.0},{"damage":32.0,"enemies":"The Guardian","floor":16.0,"turns":11.0},{"damage":7.0,"enemies":"3 Byrds","floor":18.0,"turns":7.0},{"damage":17.0,"enemies":"Spheric Guardian","floor":21.0,"turns":6.0},{"damage":4.0,"enemies":"Centurion and Healer","floor":24.0,"turns":8.0},{"damage":28.0,"enemies":"Gremlin Leader","floor":25.0,"turns":7.0},{"damage":0.0,"enemies":"Chosen and Byrds","floor":29.0,"turns":6.0},{"damage":16.0,"enemies":"Snecko","floor":31.0,"turns":6.0},{"damage":49.0,"enemies":"Automaton","floor":33.0,"turns":12.0},{"damage":35.0,"enemies":"Orb Walker","floor":35.0,"turns":5.0},{"damage":17.0,"enemies":"Mind Bloom Boss Battle","floor":36.0,"turns":8.0},{"damage":20,"enemies":"3 Darklings","floor":39,"turns":5},{"damage":22,"enemies":"Spire Growth","floor":41,"turns":6},{"damage":59,"enemies":"Reptomancer","floor":45,"turns":7}],"seed_played":"2745114743025054423","potions_obtained":[{"floor":1.0,"key":"Weak Potion"},{"floor":12.0,"key":"PowerPotion"},{"floor":14.0,"key":"SmokeBomb"},{"floor":18.0,"key":"Strength Potion"},{"floor":24.0,"key":"Fire Potion"},{"floor":31.0,"key":"GamblersBrew"},{"floor":36.0,"key":"Dexterity Potion"},{"floor":41,"key":"Strength Potion"}],"is_trial":false,"path_per_floor":["M","$","?","M","?","E","R","?","T","M","M","M","$","M","R","B",null,"M","?","?","M","?","R","M","E","T","R","?","M","R","M","R","B",null,"M","?","$","?","M","R","M","R","T","R","E"],"character_chosen":"IRONCLAD","items_purchased":["Shrug It Off","Juggernaut","Thread and Needle"],"campfire_rested":0,"item_purchase_floors":[2,13,37],"current_hp_per_floor":[80,80,80,80,73,36,36,56,56,62,57,63,63,69,69,55,80,79,64,64,53,53,53,65,58,58,58,58,72,72,62,62,36,85,56,55,55,55,53,53,59,59,59,59,0],"gold":218,"neow_bonus":"RANDOM_COMMON_RELIC","is_prod":false,"is_daily":false,"chose_seed":false,"campfire_upgraded":8,"win_rate":0,"timestamp":1552911300,"path_taken":["M","$","?","?","?","E","R","?","T","M","M","M","?","M","R","BOSS","M","?","?","M","?","R","M","E","T","R","?","?","R","M","R","BOSS","M","?","$","?","M","R","?","R","T","R","E"],"build_version":"2019-01-23","purchased_purges":2,"victory":false,"max_hp_per_floor":[80,80,80,80,80,80,80,80,80,80,80,80,80,80,80,80,80,80,85,85,85,85,85,85,85,85,85,85,85,85,85,85,85,85,85,85,85,85,85,85,85,85,85,85,85],"card_choices":[{"not_picked":["Feel No Pain","Second Wind"],"picked":"Whirlwind","floor":1.0},{"not_picked":["Cleave","Whirlwind","Sentinel"],"picked":"SKIP","floor":4.0},{"not_picked":["Warcry","Burning Pact"],"picked":"Flex","floor":6.0},{"not_picked":["Warcry","Combust"],"picked":"Battle Trance","floor":10.0},{"not_picked":["Ghostly Armor","Warcry"],"picked":"Rage","floor":11.0},{"not_picked":["Carnage","Headbutt","Wild Strike"],"picked":"SKIP","floor":12.0},{"not_picked":["Spot Weakness","Rupture"],"picked":"Flex","floor":14.0},{"not_picked":["Dark Embrace","Bludgeon"],"picked":"Impervious","floor":16.0},{"not_picked":["Wild Strike","Seeing Red"],"picked":"Heavy Blade+1","floor":18.0},{"not_picked":["Infernal Blade","Flame Barrier"],"picked":"Inflame+1","floor":21.0},{"not_picked":["Clash","Twin Strike+1"],"picked":"Heavy Blade","floor":24.0},{"not_picked":["Pommel Strike","Thunderclap+1"],"picked":"Armaments+1","floor":25.0},{"not_picked":["Thunderclap","Clash+1","Flex"],"picked":"SKIP","floor":29.0},{"not_picked":["Heavy Blade","Clothesline"],"picked":"Sword Boomerang","floor":31.0},{"not_picked":["Exhume","Feed"],"picked":"Juggernaut","floor":33.0},{"not_picked":["Spot Weakness","Perfected Strike","True Grit+1"],"picked":"SKIP","floor":35.0},{"not_picked":["Thunderclap+1","Havoc+1"],"picked":"Dual Wield+1","floor":36.0},{"not_picked":["Flex","Twin Strike"],"picked":"Flame Barrier","floor":39},{"not_picked":["Wild Strike+1","Iron Wave+1"],"picked":"Body Slam+1","floor":39},{"not_picked":["Clash+1","Seeing Red+1"],"picked":"Metallicize","floor":41},{"not_picked":["Thunderclap+1","Cleave+1"],"picked":"Feel No Pain","floor":41}],"player_experience":157466,"relics_obtained":[{"floor":6.0,"key":"Turnip"},{"floor":9.0,"key":"Meat on the Bone"},{"floor":25.0,"key":"Sundial"},{"floor":36.0,"key":"Prayer Wheel"},{"floor":43,"key":"Pen Nib"}],"event_choices":[{"damage_healed":0.0,"max_hp_gain":0.0,"max_hp_loss":0.0,"gold_gain":0.0,"event_name":"The Woman in Blue","player_choice":"Bought 0 Potions","floor":3.0,"gold_loss":0.0,"damage_taken":0.0},{"cards_removed":["Strike_R"],"damage_healed":0.0,"max_hp_gain":0.0,"max_hp_loss":0.0,"gold_gain":0.0,"event_name":"Golden Wing","player_choice":"Card Removal","floor":5.0,"gold_loss":0.0,"damage_taken":7.0},{"damage_healed":20.0,"max_hp_gain":0.0,"max_hp_loss":0.0,"gold_gain":0.0,"event_name":"The Cleric","player_choice":"Healed","floor":8.0,"gold_loss":35.0,"damage_taken":0.0},{"damage_healed":0.0,"max_hp_gain":5.0,"max_hp_loss":0.0,"gold_gain":0.0,"event_name":"Forgotten Altar","player_choice":"Shed Blood","floor":19.0,"gold_loss":0.0,"damage_taken":20.0},{"damage_healed":0.0,"max_hp_gain":0.0,"max_hp_loss":0.0,"gold_gain":0.0,"event_name":"The Mausoleum","player_choice":"Opened","floor":20.0,"gold_loss":0.0,"damage_taken":0.0,"relics_obtained":["Letter Opener"],"cards_obtained":["Writhe"]},{"damage_healed":0.0,"max_hp_gain":0.0,"max_hp_loss":0.0,"gold_gain":0.0,"event_name":"Cursed Tome","player_choice":"Ignored","floor":22.0,"gold_loss":0.0,"damage_taken":0.0},{"damage_healed":0.0,"max_hp_gain":0.0,"max_hp_loss":0.0,"gold_gain":0.0,"event_name":"Upgrade Shrine","player_choice":"Upgraded","floor":28.0,"gold_loss":0.0,"damage_taken":0.0,"cards_upgraded":["Impervious"]},{"damage_healed":0.0,"max_hp_gain":0.0,"max_hp_loss":0.0,"gold_gain":0.0,"event_name":"MindBloom","player_choice":"Fight","floor":36.0,"gold_loss":0.0,"damage_taken":0.0},{"damage_healed":0,"gold_gain":100,"player_choice":"Pray","damage_taken":0,"max_hp_gain":0,"max_hp_loss":0,"event_name":"Golden Shrine","floor":38,"gold_loss":0}],"is_beta":false,"boss_relics":[{"not_picked":["Runic Pyramid","Pandora\u0027s Box"],"picked":"Astrolabe"},{"not_picked":[]}],"items_purged_floors":[13,37],"is_endless":false,"potions_floor_spawned":[1,12,14,18,24,31,36,41],"killed_by":"Reptomancer","ascension_level":2}