{"gold_per_floor":[118,17,17,28,39,72,72,106,106,51,64,76,76,41,41,140,140,158,169,5,5,15,15,15,15,15,215,230,230,230,230,230,330,330,345,345,4,4,19,52,1,0,25,25,25,40,53,53,53,53],"floor_reached":51,"playtime":1664,"items_purged":[],"score":756,"play_id":"830bf252-76e4-42b2-bf71-6e7077ccc9ae","local_time":"20181210221913","is_ascension_mode":false,"campfire_choices":[{"floor":7,"key":"REST"},{"floor":15,"key":"REST"},{"floor":23,"key":"REST"},{"data":"Capacitor","floor":29,"key":"SMITH"},{"floor":32,"key":"REST"},{"floor":45,"key":"REST"},{"floor":49,"key":"REST"}],"neow_cost":"NONE","seed_source_timestamp":517757156702010,"circlet_count":0,"master_deck":["Strike_B+1","Strike_B+1","Strike_B+1","Defend_B+1","Defend_B+1","Defend_B+1","Zap","Dualcast","Go for the Eyes","FTL","Sweeping Beam","Melter","Capacitor+1","Ball Lightning","Doom and Gloom","FTL","Static Discharge+1","Rip and Tear","Echo Form","Tempest","Fusion","Hologram","BootSequence","Double Energy","FTL","Leap","Dramatic Entrance","Redo+1","Stack+1","Core Surge","Rebound+1","White Noise+1","Steam+1","Lockon","Ball Lightning+1","Static Discharge+1"],"relics":["Cracked Core","Pantograph","Question Card","Lantern","Dodecahedron","Letter Opener","Orrery","Symbiotic Virus","Darkstone Periapt","Astrolabe","Cables","Juzu Bracelet","Red Mask","Orichalcum"],"potions_floor_usage":[8,12,16,22,22,40,40,46,46,47,47,47],"damage_taken":[{"damage":0,"enemies":"2 Louse","floor":1,"turns":1},{"damage":8,"enemies":"Jaw Worm","floor":4,"turns":2},{"damage":0,"enemies":"Cultist","floor":5,"turns":2},{"damage":12,"enemies":"Gremlin Nob","floor":6,"turns":4},{"damage":26,"enemies":"Lagavulin","floor":8,"turns":5},{"damage":7,"enemies":"Blue Slaver","floor":11,"turns":2},{"damage":18,"enemies":"Exordium Wildlife","floor":12,"turns":3},{"damage":48,"enemies":"Hexaghost","floor":16,"turns":4},{"damage":21,"enemies":"Shell Parasite","floor":18,"turns":3},{"damage":16,"enemies":"Chosen","floor":19,"turns":5},{"damage":22,"enemies":"Centurion and Healer","floor":22,"turns":5},{"damage":0,"enemies":"Snecko","floor":28,"turns":4},{"damage":79,"enemies":"Collector","floor":33,"turns":11},{"damage":0,"enemies":"3 Shapes","floor":35,"turns":3},{"damage":0,"enemies":"Orb Walker","floor":39,"turns":2},{"damage":46,"enemies":"Reptomancer","floor":40,"turns":6},{"damage":36,"enemies":"Spire Growth","floor":46,"turns":5},{"damage":10,"enemies":"Jaw Worm Horde","floor":47,"turns":3},{"damage":94,"enemies":"Time Eater","floor":50,"turns":10}],"seed_played":"7935578403043182999","potions_obtained":[{"floor":6,"key":"Dexterity Potion"},{"floor":8,"key":"FearPotion"},{"floor":12,"key":"AttackPotion"},{"floor":19,"key":"Strength Potion"},{"floor":28,"key":"FairyPotion"},{"floor":40,"key":"PowerPotion"},{"floor":46,"key":"EntropicBrew"}],"is_trial":false,"path_per_floor":["M","$","?","M","M","E","R","E","T","?","M","M","?","$","R","B",null,"M","M","$","?","M","R","$","?","T","?","M","R","?","?","R","B",null,"M","?","$","?","M","E","$","?","T","$","R","M","M","?","R","B",null],"character_chosen":"DEFECT","items_purchased":["FTL","Sweeping Beam","Rip and Tear","Dramatic Entrance","Poison Potion","Compile Driver","Cables","Energy Potion","Block Potion","Fire Potion"],"campfire_rested":6,"item_purchase_floors":[2,2,14,20,20,20,37,37,37,41],"current_hp_per_floor":[82,82,79,71,71,59,82,56,56,56,49,31,31,31,55,32,82,61,45,45,45,23,47,47,47,47,47,47,47,47,53,79,9,94,94,94,94,94,94,48,48,48,48,48,76,40,30,30,58,9],"gold":53,"neow_bonus":"TEN_PERCENT_HP_BONUS","is_prod":false,"is_daily":false,"chose_seed":false,"campfire_upgraded":1,"win_rate":0,"timestamp":1544509153,"path_taken":["M","$","?","M","M","E","R","E","T","?","M","?","?","$","R","BOSS","M","M","$","?","M","R","$","?","T","?","?","R","?","?","R","BOSS","M","?","?","?","M","E","$","?","T","$","R","M","M","?","R","BOSS"],"build_version":"2018-12-06","purchased_purges":0,"victory":true,"max_hp_per_floor":[82,82,82,82,82,82,82,82,82,82,82,82,82,82,82,82,82,82,82,82,82,82,82,82,82,82,82,82,82,82,88,88,88,94,94,94,94,94,94,94,94,94,94,94,94,94,94,94,94,94],"card_choices":[{"not_picked":["Stack","Leap"],"picked":"Go for the Eyes","floor":1},{"not_picked":["Reboot","Chaos"],"picked":"Melter","floor":4},{"not_picked":["Leap","Glacier"],"picked":"Capacitor","floor":5},{"not_picked":["Cold Snap","Scrape"],"picked":"Ball Lightning","floor":6},{"not_picked":["White Noise","Stack","Steam"],"picked":"Doom and Gloom","floor":8},{"not_picked":["Reinforced Body","Lockon","Rebound"],"picked":"FTL","floor":11},{"not_picked":["Steam","Buffer","Genetic Algorithm"],"picked":"Static Discharge","floor":12},{"not_picked":["Core Surge","Machine Learning","Biased Cognition"],"picked":"Echo Form","floor":16},{"not_picked":["Rip and Tear","Conserve Battery","Hello World"],"picked":"Tempest","floor":17},{"not_picked":["Scrape","Stack","Ball Lightning"],"picked":"Fusion","floor":17},{"not_picked":["Heatsinks","Fusion","Scrape"],"picked":"Hologram","floor":17},{"not_picked":["Barrage","Turbo","Stack"],"picked":"BootSequence","floor":17},{"not_picked":["Skim","Stack","Redo"],"picked":"Double Energy","floor":17},{"not_picked":["Cold Snap","Recycle","Sunder"],"picked":"FTL","floor":18},{"not_picked":["Machine Learning","Genetic Algorithm+1","Compile Driver"],"picked":"Leap","floor":19},{"not_picked":["Sunder","Stack","Streamline+1"],"picked":"Redo+1","floor":22},{"not_picked":["Reinforced Body","Blizzard","Ball Lightning"],"picked":"Stack+1","floor":28},{"not_picked":["Biased Cognition","Creative AI","Machine Learning"],"picked":"Core Surge","floor":33},{"not_picked":["Conserve Battery+1","Coolheaded+1","Redo"],"picked":"Steam+1","floor":35},{"not_picked":["Stack+1","Conserve Battery+1","Rebound","Beam Cell"],"picked":"SKIP","floor":39},{"not_picked":["Reboot","Melter","Self Repair+1"],"picked":"Lockon","floor":40},{"not_picked":["Sweeping Beam","Coolheaded+1","Conserve Battery"],"picked":"Ball Lightning+1","floor":46},{"not_picked":["Beam Cell+1","Coolheaded+1","Redo"],"picked":"Static Discharge+1","floor":47}],"player_experience":219373,"relics_obtained":[{"floor":6,"key":"Question Card"},{"floor":8,"key":"Lantern"},{"floor":9,"key":"Dodecahedron"},{"floor":26,"key":"Symbiotic Virus"},{"floor":40,"key":"Juzu Bracelet"},{"floor":43,"key":"Orichalcum"}],"event_choices":[{"damage_healed":0,"gold_gain":0,"player_choice":"Success","damage_taken":3,"relics_obtained":["Pantograph"],"max_hp_gain":0,"max_hp_loss":0,"event_name":"Scrap Ooze","floor":3,"gold_loss":0},{"damage_healed":0,"gold_gain":0,"player_choice":"Paid Gold","damage_taken":0,"relics_obtained":["Letter Opener"],"max_hp_gain":0,"max_hp_loss":0,"event_name":"WeMeetAgain","floor":10,"gold_loss":55},{"damage_healed":0,"gold_gain":0,"player_choice":"Grow","damage_taken":0,"max_hp_gain":0,"max_hp_loss":0,"event_name":"Living Wall","floor":13,"gold_loss":0,"cards_upgraded":["Static Discharge"]},{"damage_healed":0,"gold_gain":0,"player_choice":"Ignored","damage_taken":0,"max_hp_gain":0,"max_hp_loss":0,"event_name":"Ghosts","floor":21,"gold_loss":0},{"damage_healed":0,"gold_gain":0,"player_choice":"Ignored","damage_taken":0,"max_hp_gain":0,"max_hp_loss":0,"event_name":"Beggar","floor":25,"gold_loss":0},{"damage_healed":0,"gold_gain":200,"player_choice":"Gold","damage_taken":0,"max_hp_gain":0,"max_hp_loss":0,"event_name":"Wheel of Change","floor":27,"gold_loss":0},{"damage_healed":0,"gold_gain":0,"player_choice":"Simplicity","damage_taken":0,"max_hp_gain":0,"max_hp_loss":0,"event_name":"Back to Basics","floor":30,"gold_loss":0,"cards_upgraded":["Strike_B","Strike_B","Strike_B","Strike_B","Defend_B","Defend_B","Defend_B","Defend_B"]},{"damage_healed":0,"gold_gain":0,"player_choice":"Opened","damage_taken":0,"relics_obtained":["Darkstone Periapt"],"max_hp_gain":0,"max_hp_loss":0,"event_name":"The Mausoleum","floor":31,"gold_loss":0,"cards_obtained":["Writhe"]},{"damage_healed":0,"gold_gain":0,"player_choice":"0 cards matched","damage_taken":0,"max_hp_gain":0,"max_hp_loss":0,"event_name":"Match and Keep!","floor":36,"gold_loss":0,"cards_obtained":[]},{"cards_removed":["Injury"],"damage_healed":0,"gold_gain":0,"player_choice":"Removed Curses","damage_taken":0,"max_hp_gain":0,"max_hp_loss":0,"event_name":"Fountain of Cleansing","floor":38,"gold_loss":0},{"damage_healed":0,"gold_gain":0,"player_choice":"Paid","damage_taken":0,"relics_obtained":["Red Mask"],"max_hp_gain":0,"max_hp_loss":0,"event_name":"Tomb of Lord Red Mask","floor":42,"gold_loss":1},{"cards_removed":["Defend_B"],"damage_healed":0,"gold_gain":0,"player_choice":"Removed Skill","damage_taken":0,"max_hp_gain":0,"max_hp_loss":0,"event_name":"Falling","floor":48,"gold_loss":0}],"is_beta":false,"boss_relics":[{"not_picked":["Runic Dome","Eternal Feather"],"picked":"Orrery"},{"not_picked":["Black Star","Snecko Eye"],"picked":"Astrolabe"}],"items_purged_floors":[],"is_endless":false,"potions_floor_spawned":[6,8,12,19,28,40,46],"ascension_level":0}