{"gold_per_floor":[209,106,124,140,160,191,202,235,262,272,272,301,200,218,218,319,319,332,343,103,28,46,71,71,102,127,145,173,173,173,191,191,291,291,301,315,215,227,247,275,292,303,303,303,303,303,303,321,321,321],"floor_reached":51,"playtime":3547,"items_purged":["Strike_G","Strike_G"],"score":966,"play_id":"3dee05d0-ea49-49ad-bebf-e7e95a4a391c","local_time":"20180815101413","is_ascension_mode":true,"campfire_choices":[{"data":"Noxious Fumes","floor":15,"key":"SMITH"},{"floor":32,"key":"REST"},{"floor":45,"key":"REST"},{"floor":49,"key":"REST"}],"neow_cost":"NONE","seed_source_timestamp":164310562472123,"circlet_count":0,"master_deck":["Defend_G+1","Defend_G","Defend_G","Defend_G","Defend_G","Strike_G+1","Survivor+1","Neutralize+1","Dash","Leg Sweep","Dagger Throw","Backflip","Backflip","Flying Knee","Die Die Die","Noxious Fumes+1","Dodge and Roll","A Thousand Cuts","Dodge and Roll+1","Flying Knee","Glass Knife","Well Laid Plans","Flying Knee","Noxious Fumes","Sucker Punch+1","PiercingWail","Footwork","Heel Hook","After Image","Deadly Poison+1","Skewer+1","Dodge and Roll+1","Leg Sweep+1","Footwork","Madness","Decay","Backflip+1"],"relics":["Ring of the Snake","Oddly Smooth Stone","Whetstone","Happy Flower","Snake Skull","GremlinMask","Bronze Scales","Fusion Hammer","War Paint","Centennial Puzzle","Omamori","Lantern","Cursed Key","Question Card","Darkstone Periapt","Toxic Egg 2"],"potions_floor_usage":[8,12,22,23,25,28,28,33,40,50,50],"damage_taken":[{"damage":0,"enemies":"2 Louse","floor":1,"turns":4},{"damage":0,"enemies":"Cultist","floor":3,"turns":5},{"damage":0,"enemies":"Small Slimes","floor":4,"turns":4},{"damage":0,"enemies":"Red Slaver","floor":5,"turns":4},{"damage":8,"enemies":"3 Sentries","floor":6,"turns":13},{"damage":8,"enemies":"Large Slime","floor":7,"turns":12},{"damage":13,"enemies":"Gremlin Nob","floor":8,"turns":4},{"damage":0,"enemies":"3 Louse","floor":10,"turns":1},{"damage":11,"enemies":"3 Sentries","floor":12,"turns":9},{"damage":0,"enemies":"2 Fungi Beasts","floor":14,"turns":3},{"damage":3,"enemies":"Hexaghost","floor":16,"turns":10},{"damage":0,"enemies":"Shell Parasite","floor":18,"turns":4},{"damage":0,"enemies":"3 Byrds","floor":19,"turns":3},{"damage":6,"enemies":"Cultist and Chosen","floor":22,"turns":7},{"damage":0,"enemies":"Book of Stabbing","floor":23,"turns":5},{"damage":28,"enemies":"Slavers","floor":25,"turns":5},{"damage":5,"enemies":"Centurion and Healer","floor":27,"turns":6},{"damage":18,"enemies":"Gremlin Leader","floor":28,"turns":6},{"damage":6,"enemies":"3 Cultists","floor":31,"turns":4},{"damage":2,"enemies":"Automaton","floor":33,"turns":11},{"damage":2,"enemies":"3 Darklings","floor":35,"turns":5},{"damage":0,"enemies":"Flame Bruiser 1 Orb","floor":36,"turns":6},{"damage":28,"enemies":"Spire Growth","floor":38,"turns":6},{"damage":1,"enemies":"4 Shapes","floor":39,"turns":5},{"damage":0,"enemies":"Giant Head","floor":40,"turns":8},{"damage":3,"enemies":"Flame Bruiser 2 Orb","floor":41,"turns":5},{"damage":9,"enemies":"Maw","floor":42,"turns":9},{"damage":0,"enemies":"Spire Growth","floor":48,"turns":7},{"damage":35,"enemies":"Donu and Deca","floor":50,"turns":10}],"seed_played":"-7463925828725929072","potions_obtained":[{"floor":6,"key":"SpeedPotion"},{"floor":7,"key":"PowerPotion"},{"floor":8,"key":"Regen Potion"},{"floor":10,"key":"Fire Potion"},{"floor":12,"key":"Weak Potion"},{"floor":16,"key":"Dexterity Potion"},{"floor":18,"key":"EssenceOfSteel"},{"floor":22,"key":"Block Potion"},{"floor":25,"key":"SkillPotion"},{"floor":27,"key":"GamblersBrew"},{"floor":38,"key":"PowerPotion"},{"floor":39,"key":"Swift Potion"},{"floor":41,"key":"Explosive Potion"}],"is_trial":false,"path_per_floor":["M","?","M","M","M","E","M","E","T","M","?","E","$","M","R","B",null,"M","M","$","?","M","E","?","E","T","M","E","?","?","M","R","B",null,"M","M","$","M","M","E","M","M","T","?","R","T","?","M","R","B"],"character_chosen":"THE_SILENT","items_purchased":["Dodge and Roll","Flying Knee","Glass Knife","Well Laid Plans"],"campfire_rested":3,"item_purchase_floors":[13,20,20,20],"current_hp_per_floor":[70,70,70,70,70,62,54,41,41,41,41,45,45,45,45,42,70,70,70,70,70,64,64,64,36,36,31,13,13,13,7,28,26,70,68,68,68,40,39,39,36,27,27,27,48,54,54,54,76,41],"gold":321,"neow_bonus":"HUNDRED_GOLD","is_prod":false,"is_daily":false,"chose_seed":false,"campfire_upgraded":1,"win_rate":0,"timestamp":1534353253,"path_taken":["M","?","M","M","M","E","M","E","T","?","?","E","$","M","R","BOSS","M","M","$","?","M","E","?","E","T","M","E","?","?","M","R","BOSS","M","M","$","M","?","E","M","M","T","?","R","?","?","M","R","BOSS"],"build_version":"2018-08-09","purchased_purges":2,"victory":true,"max_hp_per_floor":[70,70,70,70,70,70,70,70,70,70,70,70,70,70,70,70,70,70,70,70,70,70,70,70,70,70,70,70,70,70,70,70,70,70,70,70,70,70,70,70,70,70,70,70,70,76,76,76,76,76],"card_choices":[{"not_picked":["Quick Slash","Prepared"],"picked":"Dash","floor":1},{"not_picked":["Quick Slash","Outmaneuver"],"picked":"Leg Sweep","floor":3},{"not_picked":["Distraction","Envenom"],"picked":"Dagger Throw","floor":4},{"not_picked":["PiercingWail","Dagger Throw"],"picked":"Backflip","floor":5},{"not_picked":["Masterful Stab","Expertise"],"picked":"Backflip","floor":6},{"not_picked":["Dagger Throw","Heel Hook"],"picked":"Flying Knee","floor":7},{"not_picked":["Leg Sweep","Choke"],"picked":"Die Die Die","floor":8},{"not_picked":["Quick Slash","Poisoned Stab","Dagger Throw"],"picked":"SKIP","floor":10},{"not_picked":["Flying Knee","Deadly Poison"],"picked":"Noxious Fumes","floor":12},{"not_picked":["Quick Slash","Tactician","Acrobatics"],"picked":"SKIP","floor":14},{"not_picked":["Envenom","Night Terror"],"picked":"A Thousand Cuts","floor":16},{"not_picked":["Backflip","Dagger Throw+1"],"picked":"Dodge and Roll+1","floor":18},{"not_picked":["Endless Agony","Dagger Spray","Cloak And Dagger"],"picked":"SKIP","floor":19},{"not_picked":["Distraction+1","Bane"],"picked":"Flying Knee","floor":22},{"not_picked":["Deadly Poison","Cloak And Dagger","Blade Dance"],"picked":"SKIP","floor":23},{"not_picked":["Cloak And Dagger","Slice"],"picked":"Sucker Punch+1","floor":25},{"not_picked":["Predator","Acrobatics"],"picked":"PiercingWail","floor":27},{"not_picked":["Choke+1","Envenom"],"picked":"Footwork","floor":28},{"not_picked":["Accuracy","Sucker Punch","Expertise"],"picked":"SKIP","floor":31},{"not_picked":["Bullet Time","Unload"],"picked":"After Image","floor":33},{"not_picked":["Prepared","Catalyst+1"],"picked":"Deadly Poison+1","floor":35},{"not_picked":["Bane","Acrobatics+1"],"picked":"Skewer+1","floor":36},{"not_picked":["Riddle With Holes","Finisher+1","Deflect+1"],"picked":"SKIP","floor":38},{"not_picked":["Expertise","Cloak And Dagger"],"picked":"Dodge and Roll+1","floor":39},{"not_picked":["Endless Agony","Poisoned Stab","Bane"],"picked":"SKIP","floor":40},{"not_picked":["Tactician+1","Acrobatics","Sucker Punch"],"picked":"Leg Sweep+1","floor":41},{"not_picked":["Endless Agony","Sucker Punch","Poisoned Stab"],"picked":"Footwork","floor":42},{"not_picked":["Jack Of All Trades","Blind","Dramatic Entrance"],"picked":"Madness","floor":44},{"not_picked":["Well Laid Plans+1","Reflex+1","Footwork"],"picked":"Backflip+1","floor":48}],"player_experience":67557,"relics_obtained":[{"floor":6,"key":"Whetstone"},{"floor":8,"key":"Happy Flower"},{"floor":9,"key":"Snake Skull"},{"floor":12,"key":"Bronze Scales"},{"floor":23,"key":"War Paint"},{"floor":25,"key":"Centennial Puzzle"},{"floor":26,"key":"Omamori"},{"floor":28,"key":"Lantern"},{"floor":40,"key":"Question Card"},{"floor":43,"key":"Darkstone Periapt"},{"floor":46,"key":"Toxic Egg 2"}],"event_choices":[{"event_name":"WeMeetAgain","player_choice":"Gold","floor":2,"damage_taken":0},{"event_name":"FaceTrader","player_choice":"Trade","floor":11,"damage_taken":0},{"event_name":"Beggar","player_choice":"Gave Gold","floor":21,"damage_taken":0},{"event_name":"The Library","player_choice":"Read","floor":24,"damage_taken":0},{"event_name":"Forgotten Altar","player_choice":"Smashed Altar","floor":29,"damage_taken":0},{"event_name":"Transmorgrifier","player_choice":"Transform","floor":30,"damage_taken":0},{"event_name":"SensoryStone","player_choice":"Memory 1","floor":44,"damage_taken":0},{"event_name":"Match and Keep!","player_choice":"0 cards matched","floor":47,"damage_taken":0}],"is_beta":false,"boss_relics":[{"not_picked":["Velvet Choker","Empty Cage"],"picked":"Fusion Hammer"},{"not_picked":["White Beast Statue","Runic Dome"],"picked":"Cursed Key"}],"items_purged_floors":[13,37],"is_endless":false,"potions_floor_spawned":[6,7,8,10,12,16,18,22,25,27,38,39,41],"ascension_level":4}