{"gold_per_floor":[118,137,137,157,169,169,195,212,235,260,276,276,295,152,152,152],"floor_reached":16,"playtime":847,"items_purged":["Strike_G"],"score":148,"play_id":"bd01f02f-bae2-487d-bd1a-ff0db047be41","local_time":"20180820203601","is_ascension_mode":true,"campfire_choices":[{"data":"Neutralize","floor":6,"key":"SMITH"},{"floor":12,"key":"REST"},{"data":"Noxious Fumes","floor":15,"key":"SMITH"}],"neow_cost":"","seed_source_timestamp":200586946258941,"circlet_count":0,"master_deck":["Defend_G","Defend_G","Defend_G","Defend_G","Defend_G","Strike_G","Strike_G","Strike_G","Strike_G","Survivor","Neutralize+1","Sucker Punch","Backflip","Flying Knee","Terror","Backstab","Flying Knee","Flying Knee","Infinite Blades","Noxious Fumes+1"],"relics":["Ring of the Snake","Anchor","Regal Pillow","Orichalcum"],"potions_floor_usage":[5,7],"damage_taken":[{"damage":0,"enemies":"Jaw Worm","floor":1,"turns":5},{"damage":4,"enemies":"Small Slimes","floor":2,"turns":4},{"damage":0,"enemies":"Cultist","floor":4,"turns":4},{"damage":11,"enemies":"Lots of Slimes","floor":5,"turns":7},{"damage":17,"enemies":"Lagavulin","floor":7,"turns":8},{"damage":5,"enemies":"Gremlin Gang","floor":8,"turns":7},{"damage":12,"enemies":"3 Sentries","floor":10,"turns":9},{"damage":4,"enemies":"3 Louse","floor":11,"turns":3},{"damage":0,"enemies":"Blue Slaver","floor":13,"turns":2},{"damage":47,"enemies":"Slime Boss","floor":16,"turns":6}],"seed_played":"6535880054196395569","potions_obtained":[{"floor":1,"key":"Energy Potion"},{"floor":2,"key":"SkillPotion"},{"floor":7,"key":"Dexterity Potion"},{"floor":10,"key":"EssenceOfSteel"},{"floor":13,"key":"Ancient Potion"}],"is_trial":false,"path_per_floor":["M","M","?","M","M","R","E","M","T","E","M","R","M","$","R"],"character_chosen":"THE_SILENT","items_purchased":["Noxious Fumes"],"campfire_rested":1,"item_purchase_floors":[14],"current_hp_per_floor":[63,59,59,59,48,48,31,26,26,14,10,46,46,46,46,0],"gold":152,"neow_bonus":"","is_prod":false,"is_daily":false,"chose_seed":false,"campfire_upgraded":2,"win_rate":0,"timestamp":1534822561,"path_taken":["M","M","?","?","M","R","E","?","T","E","M","R","M","$","R","BOSS"],"build_version":"2018-08-16","purchased_purges":1,"victory":false,"max_hp_per_floor":[70,70,70,70,70,70,70,70,70,70,70,70,70,70,70,70],"card_choices":[{"not_picked":["Reflex","Deadly Poison"],"picked":"Sucker Punch","floor":1},{"not_picked":["Underhanded Strike","Calculated Gamble"],"picked":"Backflip","floor":2},{"not_picked":["Riddle With Holes","Acrobatics"],"picked":"Flying Knee","floor":4},{"not_picked":["Underhanded Strike","Deflect"],"picked":"Terror","floor":5},{"not_picked":["Tactician","Cloak And Dagger"],"picked":"Backstab","floor":7},{"not_picked":["Blade Dance","Finisher"],"picked":"Flying Knee","floor":8},{"not_picked":["Blade Dance","Underhanded Strike","Slice"],"picked":"SKIP","floor":10},{"not_picked":["Sucker Punch","Choke"],"picked":"Flying Knee","floor":11},{"not_picked":["Endless Agony","Escape Plan"],"picked":"Infinite Blades","floor":13}],"player_experience":116791,"relics_obtained":[{"floor":7,"key":"Anchor"},{"floor":9,"key":"Regal Pillow"},{"floor":10,"key":"Orichalcum"}],"event_choices":[{"event_name":"Liars Game","player_choice":"disagreed","floor":3,"damage_taken":0}],"is_beta":false,"boss_relics":[],"items_purged_floors":[14],"is_endless":false,"potions_floor_spawned":[1,2,7,10,13],"killed_by":"Slime Boss","ascension_level":6}