{"gold_per_floor":[111,125,144,161,261,289,239,265,265,278,293,293,293,305,305,401,401,401,356,356,356,356,356,356,356,356,50,50,50,50,50,50,50,50,50,50,50,50,50,50,50,50,50,50,50,0,0,0,0,0],"floor_reached":51,"playtime":2308,"items_purged":["Strike_R"],"score":811,"play_id":"7dc671cf-ff0e-4910-ac6a-cf6b6365f577","local_time":"20180902140019","is_ascension_mode":false,"campfire_choices":[{"floor":13,"key":"REST"},{"data":"Spot Weakness","floor":15,"key":"SMITH"},{"data":"Whirlwind","floor":28,"key":"SMITH"},{"data":"Shrug It Off","floor":32,"key":"SMITH"},{"data":"Feed","floor":40,"key":"SMITH"},{"data":"1","floor":49,"key":"LIFT"}],"neow_cost":"NONE","seed_source_timestamp":92936619393880,"circlet_count":0,"master_deck":["Strike_R","Strike_R","Strike_R","Defend_R","Defend_R","Defend_R","Defend_R","Bash+1","Anger","Whirlwind+1","Clothesline+1","Ghostly Armor","Spot Weakness+1","Clash","Feed+1","True Grit+1","Shrug It Off+1","Reaper","Pommel Strike+1","Armaments+1","Battle Trance+1","Clash+1"],"relics":["Burning Blood","Matryoshka","The Courier","Omamori","Question Card","Ectoplasm","Regal Pillow","Necronomicon","Vajra","Bird Faced Urn","Ornamental Fan","Incense Burner","Frozen Egg 2","Pen Nib","Ice Cream","Cursed Key","Charon\u0027s Ashes","Torii","Girya","Calipers","Red Mask"],"potions_floor_usage":[8,11,18,23,24,33,37,41,50],"damage_taken":[{"damage":0,"enemies":"2 Louse","floor":1,"turns":3},{"damage":4,"enemies":"Cultist","floor":2,"turns":4},{"damage":1,"enemies":"Jaw Worm","floor":3,"turns":3},{"damage":19,"enemies":"Large Slime","floor":4,"turns":7},{"damage":31,"enemies":"Lagavulin","floor":6,"turns":5},{"damage":35,"enemies":"3 Sentries","floor":8,"turns":7},{"damage":8,"enemies":"2 Fungi Beasts","floor":10,"turns":3},{"damage":16,"enemies":"Exordium Thugs","floor":11,"turns":6},{"damage":0,"enemies":"Large Slime","floor":14,"turns":3},{"damage":31,"enemies":"The Guardian","floor":16,"turns":10},{"damage":5,"enemies":"Spheric Guardian","floor":18,"turns":3},{"damage":17,"enemies":"2 Thieves","floor":19,"turns":3},{"damage":23,"enemies":"Centurion and Healer","floor":21,"turns":6},{"damage":19,"enemies":"Slavers","floor":23,"turns":5},{"damage":0,"enemies":"Colosseum Slavers","floor":24,"turns":1},{"damage":0,"enemies":"Colosseum Nobs","floor":24,"turns":2},{"damage":8,"enemies":"Book of Stabbing","floor":25,"turns":2},{"damage":12,"enemies":"Snake Plant","floor":31,"turns":2},{"damage":31,"enemies":"Automaton","floor":33,"turns":9},{"damage":0,"enemies":"Orb Walker","floor":35,"turns":2},{"damage":0,"enemies":"3 Shapes","floor":36,"turns":4},{"damage":22,"enemies":"Maw","floor":37,"turns":6},{"damage":0,"enemies":"4 Shapes","floor":38,"turns":6},{"damage":0,"enemies":"Mind Bloom Boss Battle","floor":39,"turns":5},{"damage":0,"enemies":"Giant Head","floor":41,"turns":5},{"damage":0,"enemies":"Reptomancer","floor":44,"turns":2},{"damage":14,"enemies":"2 Orb Walkers","floor":45,"turns":3},{"damage":0,"enemies":"Maw","floor":47,"turns":5},{"damage":5,"enemies":"Sphere and 2 Shapes","floor":48,"turns":1},{"damage":37,"enemies":"Donu and Deca","floor":50,"turns":7}],"seed_played":"2058432751754006864","potions_obtained":[{"floor":2,"key":"SpeedPotion"},{"floor":6,"key":"BloodPotion"},{"floor":8,"key":"Regen Potion"},{"floor":14,"key":"GamblersBrew"},{"floor":21,"key":"Regen Potion"},{"floor":23,"key":"SteroidPotion"},{"floor":31,"key":"AttackPotion"},{"floor":35,"key":"Poison Potion"},{"floor":36,"key":"Energy Potion"},{"floor":41,"key":"Explosive Potion"},{"floor":47,"key":"PowerPotion"}],"is_trial":false,"path_per_floor":["M","M","M","M","?","E","?","E","T","M","M","?","R","M","R","B",null,"M","M","?","M","?","E","?","E","T","$","R","$","?","M","R","B",null,"M","M","M","M","?","R","E","$","T","M","E","?","M","M","R","B"],"character_chosen":"IRONCLAD","items_purchased":["Ice Cream"],"campfire_rested":1,"item_purchase_floors":[27],"current_hp_per_floor":[80,80,80,67,67,42,42,21,21,19,24,24,48,54,54,29,80,83,75,75,58,42,46,58,56,56,56,56,56,56,50,50,25,89,89,92,92,92,92,92,92,92,92,92,84,84,92,92,92,77],"gold":0,"neow_bonus":"UPGRADE_CARD","is_prod":false,"is_daily":false,"chose_seed":false,"campfire_upgraded":4,"win_rate":0,"timestamp":1535922019,"path_taken":["M","M","M","M","?","E","?","E","T","M","M","?","R","?","R","BOSS","M","M","?","M","?","E","?","E","T","$","R","?","?","M","R","BOSS","M","M","M","M","?","R","E","$","T","M","E","?","M","M","R","BOSS"],"build_version":"2018-08-30","purchased_purges":1,"victory":true,"max_hp_per_floor":[80,80,80,80,80,80,80,80,80,80,80,80,80,80,80,80,80,83,86,86,86,86,89,89,89,89,89,89,89,89,89,89,89,89,89,92,92,92,92,92,92,92,92,92,92,92,92,92,92,96],"card_choices":[{"not_picked":["Evolve","Warcry"],"picked":"Anger","floor":1},{"not_picked":["Rupture","Infernal Blade","Headbutt"],"picked":"SKIP","floor":2},{"not_picked":["Bloodletting","Corruption"],"picked":"Whirlwind","floor":3},{"not_picked":["Anger","Havoc"],"picked":"Clothesline","floor":4},{"not_picked":["Havoc","Anger"],"picked":"Ghostly Armor","floor":6},{"not_picked":["Warcry","Bloodletting","Pommel Strike"],"picked":"SKIP","floor":8},{"not_picked":["Carnage","Pommel Strike","Havoc"],"picked":"Spot Weakness","floor":10},{"not_picked":["Sentinel","Wild Strike","Cleave"],"picked":"Clash","floor":11},{"not_picked":["Rupture","Warcry","Body Slam","Ghostly Armor"],"picked":"SKIP","floor":14},{"not_picked":["Juggernaut","Double Tap","Impervious"],"picked":"Feed","floor":16},{"not_picked":["Wild Strike","Reckless Charge","Warcry"],"picked":"True Grit+1","floor":18},{"not_picked":["Hemokinesis","Immolate","Anger","Infernal Blade+1"],"picked":"SKIP","floor":19},{"not_picked":["Entrench","Anger","Perfected Strike","Spot Weakness"],"picked":"SKIP","floor":21},{"not_picked":["Infernal Blade","Dual Wield","Flex","Anger"],"picked":"SKIP","floor":23},{"not_picked":["Flex","Sword Boomerang","Rampage+1","Wild Strike"],"picked":"SKIP","floor":25},{"not_picked":["Power Through+1","Heavy Blade","Clothesline"],"picked":"Shrug It Off","floor":31},{"not_picked":["Immolate","Exhume","Brutality+1"],"picked":"Reaper","floor":33},{"not_picked":["Blood for Blood+1","Rage","Clothesline+1"],"picked":"Pommel Strike+1","floor":35},{"not_picked":["Anger+1","Clothesline","Heavy Blade","Perfected Strike+1"],"picked":"SKIP","floor":36},{"not_picked":["Entrench+1","Rupture+1","Warcry+1"],"picked":"Armaments+1","floor":37},{"not_picked":["Feel No Pain+1","Rage+1","Heavy Blade+1"],"picked":"Battle Trance+1","floor":38},{"not_picked":["Cleave+1","Flex","Pommel Strike+1"],"picked":"Clash+1","floor":41},{"not_picked":["Armaments+1","Carnage+1","Sever Soul+1","Cleave"],"picked":"SKIP","floor":44},{"not_picked":["Armaments+1","Power Through+1","Thunderclap","Rage+1"],"picked":"SKIP","floor":45},{"not_picked":["Sword Boomerang+1","Cleave+1","Flex","Exhume"],"picked":"SKIP","floor":47},{"not_picked":["Whirlwind","Power Through","Thunderclap","True Grit"],"picked":"SKIP","floor":48}],"player_experience":168103,"relics_obtained":[{"floor":6,"key":"Matryoshka"},{"floor":8,"key":"The Courier"},{"floor":9,"key":"Omamori"},{"floor":9,"key":"Question Card"},{"floor":22,"key":"Necronomicon"},{"floor":23,"key":"Vajra"},{"floor":24,"key":"Bird Faced Urn"},{"floor":24,"key":"Ornamental Fan"},{"floor":25,"key":"Incense Burner"},{"floor":26,"key":"Frozen Egg 2"},{"floor":26,"key":"Pen Nib"},{"floor":39,"key":"Charon\u0027s Ashes"},{"floor":41,"key":"Torii"},{"floor":43,"key":"Girya"},{"floor":45,"key":"Calipers"}],"event_choices":[{"event_name":"Golden Shrine","player_choice":"Pray","floor":5,"damage_taken":0},{"event_name":"The Cleric","player_choice":"Card Removal","floor":7,"damage_taken":0},{"event_name":"Upgrade Shrine","player_choice":"Upgraded","floor":12,"damage_taken":0},{"event_name":"The Mausoleum","player_choice":"Yes","floor":20,"damage_taken":0},{"event_name":"Cursed Tome","player_choice":"Obtained Book","floor":22,"damage_taken":0},{"event_name":"Colosseum","player_choice":"Fight","floor":24,"damage_taken":0},{"event_name":"Colosseum","player_choice":"Fought Nobs","floor":24,"damage_taken":0},{"event_name":"Beggar","player_choice":"Ignored","floor":30,"damage_taken":0},{"event_name":"MindBloom","player_choice":"Fight","floor":39,"damage_taken":0},{"event_name":"Tomb of Lord Red Mask","player_choice":"Paid","floor":46,"damage_taken":0}],"is_beta":false,"boss_relics":[{"not_picked":["Orrery","Runic Dome"],"picked":"Ectoplasm"},{"not_picked":["Astrolabe","Philosopher\u0027s Stone"],"picked":"Cursed Key"}],"items_purged_floors":[27],"is_endless":false,"potions_floor_spawned":[2,6,8,14,21,23,31,35,36,41,47],"ascension_level":0}