{"gold_per_floor":[109,121,141,157,169,226,239,239,285,285],"floor_reached":10,"playtime":334,"items_purged":[],"score":90,"play_id":"c9e44a52-7fb2-45e3-af5f-7df40d464dc3","local_time":"20180816215239","is_ascension_mode":true,"campfire_choices":[{"floor":8,"key":"REST"}],"neow_cost":"NONE","seed_source_timestamp":127104744523070,"circlet_count":0,"master_deck":["Strike_R","Strike_R","Strike_R","Strike_R","Strike_R","Defend_R","Defend_R","Defend_R","Defend_R","Bash","Immolate","Spot Weakness","Armaments","Headbutt","Pommel Strike"],"relics":["Burning Blood","Tiny Chest","Regal Pillow"],"potions_floor_usage":[6],"damage_taken":[{"damage":0,"enemies":"Cultist","floor":1,"turns":2},{"damage":0,"enemies":"2 Louse","floor":2,"turns":2},{"damage":7,"enemies":"Jaw Worm","floor":3,"turns":2},{"damage":36,"enemies":"Exordium Thugs","floor":4,"turns":4},{"damage":25,"enemies":"Red Slaver","floor":5,"turns":5},{"damage":20,"enemies":"Gremlin Nob","floor":6,"turns":4},{"damage":15,"enemies":"Looter","floor":7,"turns":4},{"damage":32,"enemies":"Lagavulin","floor":10,"turns":7}],"seed_played":"-7847525420462430577","potions_obtained":[{"floor":1,"key":"LiquidBronze"},{"floor":4,"key":"Block Potion"},{"floor":5,"key":"Strength Potion"},{"floor":7,"key":"Strength Potion"}],"is_trial":false,"path_per_floor":["M","M","M","M","M","E","M","R","T"],"character_chosen":"IRONCLAD","items_purchased":[],"campfire_rested":1,"item_purchase_floors":[],"current_hp_per_floor":[80,80,79,49,30,16,7,31,31,0],"gold":285,"neow_bonus":"ONE_RANDOM_RARE_CARD","is_prod":false,"is_daily":false,"chose_seed":false,"campfire_upgraded":0,"win_rate":0,"timestamp":1534481559,"path_taken":["M","M","M","M","M","E","M","R","T","E"],"build_version":"2018-08-16","purchased_purges":0,"victory":false,"max_hp_per_floor":[80,80,80,80,80,80,80,80,80,80],"card_choices":[{"not_picked":["True Grit","Feel No Pain"],"picked":"Spot Weakness","floor":1},{"not_picked":["Seeing Red","Combust","Thunderclap"],"picked":"SKIP","floor":2},{"not_picked":["Thunderclap","Reckless Charge","Wild Strike"],"picked":"SKIP","floor":3},{"not_picked":["Spot Weakness","Twin Strike"],"picked":"Armaments","floor":4},{"not_picked":["Warcry","Bloodletting","Sentinel"],"picked":"SKIP","floor":5},{"not_picked":["Ghostly Armor","Immolate"],"picked":"Headbutt","floor":6},{"not_picked":["Cleave","Headbutt"],"picked":"Pommel Strike","floor":7}],"player_experience":88051,"relics_obtained":[{"floor":6,"key":"Tiny Chest"},{"floor":9,"key":"Regal Pillow"}],"event_choices":[],"is_beta":false,"boss_relics":[],"items_purged_floors":[],"is_endless":false,"potions_floor_spawned":[1,4,5,7],"killed_by":"Lagavulin","ascension_level":5}