{"gold_per_floor":[116,130,149,23,43,76,76,110,136,148,148,182,192,203,203,302,302,315,315,335,83,94,126,143,143,143,143,160,188,204,119,119,221,221,231,94,94,94,112,112,86,111,111,129,129,129],"floor_reached":47,"playtime":3178,"items_purged":["Strike_B","Strike_B"],"score":752,"play_id":"fb797cca-57dd-448c-96e1-8a5495786bec","local_time":"20190401200402","is_ascension_mode":true,"campfire_choices":[{"data":"Streamline","floor":7.0,"key":"SMITH"},{"floor":15,"key":"REST"},{"data":"Defragment","floor":27,"key":"SMITH"},{"floor":32,"key":"REST"},{"data":"Beam Cell","floor":40,"key":"SMITH"}],"neow_cost":"NONE","seed_source_timestamp":0,"circlet_count":0,"master_deck":["Strike_B","Defend_B","Defend_B","Defend_B","Zap","Dualcast","Streamline+1","Glacier","Gash","Cold Snap","Sweeping Beam","Echo Form","Coolheaded","Gash","Beam Cell+1","Seek+1","Biased Cognition","Double Energy","Go for the Eyes","Defragment+1","Amplify","Machine Learning","Doom and Gloom","Genetic Algorithm+1","All For One","FTL+1","Steam","Lockon","Beam Cell","Gash","Gash","Gash+1"],"special_seed":0,"relics":["Cracked Core","Centennial Puzzle","Strawberry","Happy Flower","CultistMask","PreservedInsect","Sozu","Anchor","Bag of Marbles","Dream Catcher","Bag of Preparation","Darkstone Periapt","Du-Vu Doll","Bird Faced Urn","Empty Cage","Lantern","Ice Cream"],"potions_floor_usage":[16,37],"damage_taken":[{"damage":0.0,"enemies":"2 Louse","floor":1.0,"turns":1.0},{"damage":0.0,"enemies":"Cultist","floor":2.0,"turns":4.0},{"damage":8.0,"enemies":"Small Slimes","floor":3.0,"turns":2.0},{"damage":2.0,"enemies":"Gremlin Gang","floor":5.0,"turns":3.0},{"damage":20.0,"enemies":"3 Sentries","floor":6.0,"turns":8.0},{"damage":7.0,"enemies":"Lagavulin","floor":8.0,"turns":8.0},{"damage":14.0,"enemies":"Blue Slaver","floor":10.0,"turns":3.0},{"damage":24,"enemies":"Gremlin Nob","floor":12,"turns":4},{"damage":0,"enemies":"2 Fungi Beasts","floor":13,"turns":2},{"damage":10,"enemies":"Looter","floor":14,"turns":2},{"damage":18,"enemies":"The Guardian","floor":16,"turns":10},{"damage":7,"enemies":"Spheric Guardian","floor":18,"turns":4},{"damage":0,"enemies":"3 Byrds","floor":20,"turns":5},{"damage":19,"enemies":"Sentry and Sphere","floor":22,"turns":4},{"damage":13,"enemies":"Slavers","floor":23,"turns":5},{"damage":0,"enemies":"Snake Plant","floor":24,"turns":5},{"damage":0,"enemies":"3 Cultists","floor":28,"turns":6},{"damage":2,"enemies":"Book of Stabbing","floor":29,"turns":5},{"damage":7,"enemies":"Shelled Parasite and Fungi","floor":30,"turns":5},{"damage":16,"enemies":"Collector","floor":33,"turns":10},{"damage":4,"enemies":"3 Shapes","floor":35,"turns":3},{"damage":0,"enemies":"3 Darklings","floor":37,"turns":2},{"damage":9,"enemies":"Maw","floor":39,"turns":7},{"damage":16,"enemies":"Nemesis","floor":42,"turns":3},{"damage":15,"enemies":"Sphere and 2 Shapes","floor":44,"turns":4},{"damage":71,"enemies":"Time Eater","floor":46,"turns":10}],"seed_played":"1136573421389942210","potions_obtained":[{"floor":5.0,"key":"Regen Potion"},{"floor":10.0,"key":"SmokeBomb"},{"floor":12,"key":"Poison Potion"},{"floor":16,"key":"Fire Potion"}],"is_trial":false,"path_per_floor":["M","M","M","$","M","E","R","E","T","M","?","E","M","M","R","B",null,"M","?","M","$","M","E","M","?","T","R","M","E","M","?","R","B",null,"M","$","M","?","M","R","$","E","T","M","?","B",null],"character_chosen":"DEFECT","items_purchased":["Cold Snap","Bag of Marbles","Steam","Lockon","Beam Cell","Gash"],"campfire_rested":2,"item_purchase_floors":[4,21,36,36,36,41],"current_hp_per_floor":[82,82,74,74,72,67,67,67,67,53,53,29,29,19,45,27,89,82,82,82,82,63,50,50,50,50,50,50,48,41,41,67,61,89,85,85,87,87,88,88,88,77,77,72,72,11],"gold":129,"neow_bonus":"TEN_PERCENT_HP_BONUS","is_prod":false,"is_daily":false,"chose_seed":false,"campfire_upgraded":3,"win_rate":0,"timestamp":1554145442,"path_taken":["M","M","M","$","M","E","R","E","T","M","?","E","?","M","R","BOSS","M","?","?","$","M","E","M","?","T","R","M","E","M","?","R","BOSS","M","$","M","?","M","R","?","E","T","M","?","BOSS"],"build_version":"2019-01-23","purchased_purges":2,"victory":true,"max_hp_per_floor":[82,82,82,82,82,82,82,89,89,89,89,89,89,89,89,89,89,89,89,89,89,89,89,89,89,89,89,89,89,89,89,89,89,89,89,89,89,89,89,89,89,89,89,89,89,89],"card_choices":[{"not_picked":["Ball Lightning","Cold Snap"],"picked":"Streamline","floor":1.0},{"not_picked":["Barrage","Leap"],"picked":"Glacier","floor":2.0},{"not_picked":["Rebound","Go for the Eyes"],"picked":"Gash","floor":3.0},{"not_picked":["Undo","Rebound","Streamline"],"picked":"SKIP","floor":5.0},{"not_picked":["Hyperbeam","Conserve Battery"],"picked":"Sweeping Beam","floor":6.0},{"not_picked":["Coolheaded","Hologram"],"picked":"Echo Form","floor":8.0},{"not_picked":["Stack","Streamline"],"picked":"Coolheaded","floor":10.0},{"not_picked":["Compile Driver","Reprogram"],"picked":"Gash","floor":12},{"not_picked":["Ball Lightning","Double Energy"],"picked":"Beam Cell","floor":13},{"not_picked":["Cold Snap","Reinforced Body"],"picked":"Seek","floor":14},{"not_picked":["Echo Form","Fission"],"picked":"Biased Cognition","floor":16},{"not_picked":["Beam Cell","Stack"],"picked":"Double Energy","floor":18},{"not_picked":["Glacier+1","Cold Snap"],"picked":"Go for the Eyes","floor":20},{"not_picked":["Force Field","Redo","Go for the Eyes"],"picked":"SKIP","floor":22},{"not_picked":["Heatsinks+1","Ball Lightning"],"picked":"Defragment","floor":23},{"not_picked":["Compile Driver","Rebound+1"],"picked":"Amplify","floor":24},{"not_picked":["Compile Driver","Glacier","Streamline"],"picked":"SKIP","floor":28},{"not_picked":["Go for the Eyes","Capacitor"],"picked":"Machine Learning","floor":29},{"not_picked":["Steam Power","Heatsinks+1"],"picked":"Doom and Gloom","floor":30},{"not_picked":["Doom and Gloom+1","Leap"],"picked":"Genetic Algorithm+1","floor":32},{"not_picked":["Fission","Machine Learning"],"picked":"All For One","floor":33},{"not_picked":["Go for the Eyes","Heatsinks"],"picked":"FTL+1","floor":35},{"not_picked":["Auto Shields","Doom and Gloom"],"picked":"Gash","floor":39},{"not_picked":["Reinforced Body","Streamline"],"picked":"Gash+1","floor":42},{"not_picked":["Reprogram+1","Cold Snap+1","Rebound"],"picked":"SKIP","floor":44}],"player_experience":1685166,"relics_obtained":[{"floor":6.0,"key":"Centennial Puzzle"},{"floor":8.0,"key":"Strawberry"},{"floor":9.0,"key":"Happy Flower"},{"floor":12,"key":"PreservedInsect"},{"floor":23,"key":"Dream Catcher"},{"floor":26,"key":"Darkstone Periapt"},{"floor":29,"key":"Du-Vu Doll"},{"floor":42,"key":"Lantern"},{"floor":43,"key":"Ice Cream"}],"event_choices":[{"damage_healed":0.0,"max_hp_gain":0.0,"max_hp_loss":0.0,"gold_gain":0.0,"event_name":"FaceTrader","player_choice":"Trade","floor":11.0,"gold_loss":0.0,"damage_taken":0.0,"relics_obtained":["CultistMask"]},{"damage_healed":0,"gold_gain":0,"player_choice":"Gave Potion","damage_taken":0,"relics_obtained":["Anchor"],"max_hp_gain":0,"max_hp_loss":0,"event_name":"WeMeetAgain","floor":19,"gold_loss":0},{"damage_healed":0,"gold_gain":0,"player_choice":"Opened","damage_taken":0,"relics_obtained":["Bag of Preparation"],"max_hp_gain":0,"max_hp_loss":0,"event_name":"The Mausoleum","floor":25,"gold_loss":0},{"damage_healed":0,"gold_gain":0,"player_choice":"Obtained Relic","damage_taken":0,"relics_obtained":["Bird Faced Urn"],"max_hp_gain":0,"max_hp_loss":0,"event_name":"Addict","floor":31,"gold_loss":85},{"damage_healed":0,"gold_gain":0,"player_choice":"Forge","damage_taken":0,"max_hp_gain":0,"max_hp_loss":0,"event_name":"Accursed Blacksmith","floor":38,"gold_loss":0,"cards_upgraded":["Seek"]},{"damage_healed":0,"gold_gain":0,"player_choice":"Took Portal","damage_taken":0,"max_hp_gain":0,"max_hp_loss":0,"event_name":"SecretPortal","floor":45,"gold_loss":0}],"is_beta":false,"boss_relics":[{"not_picked":["FrozenCore","Philosopher\u0027s Stone"],"picked":"Sozu"},{"not_picked":["Lizard Tail","Eternal Feather"],"picked":"Empty Cage"}],"items_purged_floors":[4,21],"is_endless":false,"potions_floor_spawned":[5,10,12,16,24,29,33,35,39,44],"ascension_level":1}