{"gold_per_floor":[111,10,10,10,10,10,28,28,53,53,72,86,86,101,101,232,232,252,252,351,28,28,28,47,47,47,63,13,13,27,39,39,39],"floor_reached":33,"playtime":1030,"items_purged":["Defend_B","Parasite","Strike_B+1"],"score":235,"play_id":"1398a615-1f27-4ee3-96b4-c2b44508b071","local_time":"20181114221845","is_ascension_mode":false,"campfire_choices":[{"floor":6,"key":"REST"},{"data":"Capacitor","floor":8,"key":"SMITH"},{"floor":15,"key":"REST"},{"floor":23,"key":"REST"},{"floor":25,"key":"REST"},{"data":"Rainbow","floor":29,"key":"SMITH"},{"floor":32,"key":"REST"}],"neow_cost":"NONE","seed_source_timestamp":102280517623316,"circlet_count":0,"master_deck":["Strike_B+1","Strike_B+1","Strike_B+1","Defend_B+1","Defend_B+1","Defend_B+1","Zap","Dualcast","Capacitor+1","Ball Lightning+1","Rainbow+1","Rebound","Multi-Cast","Sweeping Beam","Melter","Finesse","Thunder Strike"],"relics":["Cracked Core","Smiling Mask","Boot","Lizard Tail","Regal Pillow","Nloth\u0027s Gift","Cables"],"potions_floor_usage":[7,7,11,16,27,33],"damage_taken":[{"damage":8,"enemies":"Small Slimes","floor":1,"turns":3},{"damage":5,"enemies":"2 Louse","floor":7,"turns":2},{"damage":0,"enemies":"Cultist","floor":11,"turns":3},{"damage":18,"enemies":"Looter","floor":12,"turns":3},{"damage":15,"enemies":"3 Louse","floor":14,"turns":3},{"damage":67,"enemies":"The Guardian","floor":16,"turns":9},{"damage":42,"enemies":"Shell Parasite","floor":18,"turns":6},{"damage":31,"enemies":"3 Byrds","floor":24,"turns":4},{"damage":28,"enemies":"Snecko","floor":27,"turns":5},{"damage":8,"enemies":"Cultist and Chosen","floor":30,"turns":4},{"damage":30,"enemies":"Sentry and Sphere","floor":31,"turns":6},{"damage":107,"enemies":"Champ","floor":33,"turns":12}],"seed_played":"3801077709960370669","potions_obtained":[{"floor":1,"key":"Weak Potion"},{"floor":5,"key":"LiquidBronze"},{"floor":5,"key":"Block Potion"},{"floor":14,"key":"Ancient Potion"},{"floor":24,"key":"Swift Potion"},{"floor":31,"key":"Swift Potion"}],"is_trial":false,"path_per_floor":["M","$","?","?","?","R","M","R","T","?","M","M","?","M","R","B",null,"M","?","?","$","?","R","M","R","T","M","$","R","M","M","R","B"],"character_chosen":"DEFECT","items_purchased":["Block Potion","Regal Pillow","Melter","Finesse"],"campfire_rested":5,"item_purchase_floors":[2,21,21,21],"current_hp_per_floor":[67,67,67,49,49,71,66,66,66,66,66,48,66,51,73,6,75,33,33,33,33,33,69,38,72,72,44,44,44,36,6,42,0],"gold":39,"neow_bonus":"RANDOM_COMMON_RELIC","is_prod":false,"is_daily":false,"chose_seed":false,"campfire_upgraded":2,"win_rate":0,"timestamp":1542262725,"path_taken":["M","$","?","?","?","R","?","R","T","?","M","M","?","M","R","BOSS","M","?","?","$","?","R","M","R","T","M","$","R","?","M","R","BOSS"],"build_version":"2018-11-08","purchased_purges":3,"victory":false,"max_hp_per_floor":[75,75,75,75,75,75,75,75,75,75,75,75,75,75,75,75,75,75,75,75,72,72,72,72,72,72,72,72,72,72,72,72,72],"card_choices":[{"not_picked":["FTL","Steam"],"picked":"Capacitor","floor":1},{"not_picked":["Cold Snap","Barrage"],"picked":"Ball Lightning","floor":7},{"not_picked":["BootSequence","Leap"],"picked":"Rainbow","floor":11},{"not_picked":["Stack","Coolheaded","Undo"],"picked":"SKIP","floor":12},{"not_picked":["Ball Lightning","Steam"],"picked":"Rebound","floor":14},{"not_picked":["All For One","Creative AI"],"picked":"Multi-Cast","floor":16},{"not_picked":["Stack","Coolheaded+1"],"picked":"Sweeping Beam","floor":18},{"not_picked":["Sweeping Beam","Barrage+1","Stack"],"picked":"SKIP","floor":24},{"not_picked":["Skim+1","Leap","Streamline"],"picked":"SKIP","floor":27},{"not_picked":["Defragment","Core Surge","Cold Snap"],"picked":"SKIP","floor":30},{"not_picked":["Go for the Eyes","Coolheaded"],"picked":"Thunder Strike","floor":31}],"player_experience":93560,"relics_obtained":[{"floor":9,"key":"Boot"},{"floor":26,"key":"Cables"}],"event_choices":[{"damage_healed":0,"gold_gain":0,"player_choice":"Leave","damage_taken":0,"max_hp_gain":0,"max_hp_loss":0,"event_name":"The Cleric","floor":3,"gold_loss":0},{"damage_healed":0,"gold_gain":0,"player_choice":"Take Damage","damage_taken":18,"relics_obtained":["Golden Idol"],"max_hp_gain":0,"max_hp_loss":0,"event_name":"Golden Idol","floor":4,"gold_loss":0},{"damage_healed":0,"gold_gain":0,"player_choice":"Got Potions","damage_taken":0,"max_hp_gain":0,"max_hp_loss":0,"event_name":"Lab","floor":5,"gold_loss":0},{"damage_healed":0,"gold_gain":0,"player_choice":"Grow","damage_taken":0,"max_hp_gain":0,"max_hp_loss":0,"event_name":"Living Wall","floor":10,"gold_loss":0,"cards_upgraded":["Ball Lightning"]},{"damage_healed":18,"gold_gain":0,"player_choice":"Healed and dodged fight","damage_taken":0,"max_hp_gain":0,"max_hp_loss":0,"event_name":"Mushrooms","floor":13,"gold_loss":0,"cards_obtained":["Parasite"]},{"damage_healed":0,"gold_gain":0,"player_choice":"Simplicity","damage_taken":0,"max_hp_gain":0,"max_hp_loss":0,"event_name":"Back to Basics","floor":19,"gold_loss":0,"cards_upgraded":["Strike_B","Strike_B","Strike_B","Strike_B","Defend_B","Defend_B","Defend_B"]},{"damage_healed":0,"gold_gain":99,"player_choice":"Stole From Cult","damage_taken":0,"max_hp_gain":0,"max_hp_loss":0,"event_name":"Nest","floor":20,"gold_loss":0},{"damage_healed":0,"gold_gain":0,"player_choice":"Traded Relic","damage_taken":0,"relics_obtained":["Nloth\u0027s Gift"],"max_hp_gain":0,"max_hp_loss":0,"event_name":"N\u0027loth","floor":22,"relics_lost":["Golden Idol"],"gold_loss":0}],"is_beta":false,"boss_relics":[{"not_picked":["Cursed Key","Eternal Feather"],"picked":"Lizard Tail"}],"items_purged_floors":[2,21,28],"is_endless":false,"potions_floor_spawned":[1,14,24,31],"killed_by":"Champ","ascension_level":0}