{"gold_per_floor":[117,128,142,317,13,40,53,53,134,166,189,246,266,266,266,366,366,385,60,60,8,8],"floor_reached":22,"playtime":961,"items_purged":["Doubt"],"score":318,"play_id":"113ef100-8e49-4d34-b7c7-fb2368c921ea","local_time":"20190403122143","is_ascension_mode":true,"campfire_choices":[{"data":"Corruption","floor":8,"key":"SMITH"},{"floor":15,"key":"REST"}],"neow_cost":"NONE","seed_source_timestamp":69790679111056,"circlet_count":0,"master_deck":["Strike_R","Strike_R","Strike_R","Strike_R","Strike_R","Defend_R","Defend_R","Defend_R","Defend_R","Bash","Shrug It Off","Perfected Strike","Anger","Corruption+1","Inflame+1","True Grit","Dark Embrace","Disarm","True Grit","Reaper","Seeing Red","Metallicize","Sentinel","Armaments"],"relics":["Burning Blood","Orichalcum","Charon\u0027s Ashes","Blue Candle","Potion Belt","Strawberry","Tiny Chest","Eternal Feather","Bottled Lightning"],"potions_floor_usage":[10,16],"damage_taken":[{"damage":12,"enemies":"2 Louse","floor":1,"turns":3},{"damage":8,"enemies":"Jaw Worm","floor":2,"turns":5},{"damage":8,"enemies":"Small Slimes","floor":3,"turns":5},{"damage":21,"enemies":"Gremlin Nob","floor":6,"turns":5},{"damage":4,"enemies":"3 Louse","floor":7,"turns":4},{"damage":9,"enemies":"3 Sentries","floor":10,"turns":5},{"damage":10,"enemies":"Lagavulin","floor":12,"turns":6},{"damage":12,"enemies":"2 Fungi Beasts","floor":13,"turns":4},{"damage":55,"enemies":"The Guardian","floor":16,"turns":9},{"damage":25,"enemies":"3 Byrds","floor":18,"turns":4},{"damage":42,"enemies":"Colosseum Slavers","floor":22,"turns":6},{"damage":57,"enemies":"Colosseum Nobs","floor":22,"turns":4}],"seed_played":"9081012111465180910","potions_obtained":[{"floor":3,"key":"EssenceOfSteel"},{"floor":10,"key":"BloodPotion"}],"is_trial":false,"path_per_floor":["M","M","M","?","$","E","M","R","T","E","T","E","M","?","R","B",null,"M","$","?","$","?"],"character_chosen":"IRONCLAD","items_purchased":["Orichalcum","Corruption","Bottled Lightning","Metallicize","Armaments"],"campfire_rested":1,"item_purchase_floors":[5,5,19,19,21],"current_hp_per_floor":[74,72,70,70,70,55,57,57,57,54,61,57,51,51,79,39,81,68,68,68,68,0],"gold":8,"neow_bonus":"TEN_PERCENT_HP_BONUS","is_prod":false,"is_daily":false,"chose_seed":false,"campfire_upgraded":1,"win_rate":0,"timestamp":1554319303,"path_taken":["M","M","M","?","$","E","M","R","T","E","?","E","M","?","R","BOSS","M","$","?","$","?"],"build_version":"2019-01-23","purchased_purges":1,"victory":false,"max_hp_per_floor":[88,88,88,88,88,88,88,88,88,88,95,95,95,95,95,95,95,95,95,95,95,95],"card_choices":[{"not_picked":["Power Through","Feel No Pain"],"picked":"Shrug It Off","floor":1},{"not_picked":["True Grit","Blood for Blood"],"picked":"Perfected Strike","floor":2},{"not_picked":["Warcry","Shrug It Off"],"picked":"Anger","floor":3},{"not_picked":["Bludgeon","Dropkick"],"picked":"Inflame","floor":6},{"not_picked":["Body Slam","Combust"],"picked":"True Grit","floor":7},{"not_picked":["Pummel","Blood for Blood"],"picked":"Dark Embrace","floor":10},{"not_picked":["Clothesline","Rupture"],"picked":"Disarm","floor":12},{"not_picked":["Shrug It Off","Havoc"],"picked":"True Grit","floor":13},{"not_picked":["Exhume","Immolate"],"picked":"Reaper","floor":16},{"not_picked":["Iron Wave","Sword Boomerang"],"picked":"Seeing Red","floor":18}],"player_experience":366251,"relics_obtained":[{"floor":6,"key":"Charon\u0027s Ashes"},{"floor":9,"key":"Blue Candle"},{"floor":10,"key":"Potion Belt"},{"floor":11,"key":"Strawberry"},{"floor":12,"key":"Tiny Chest"}],"event_choices":[{"damage_healed":0,"gold_gain":175,"player_choice":"AGREE","damage_taken":0,"max_hp_gain":0,"max_hp_loss":0,"event_name":"Liars Game","floor":4,"gold_loss":0,"cards_obtained":["Doubt"]},{"damage_healed":0,"gold_gain":0,"player_choice":"Grow","damage_taken":0,"max_hp_gain":0,"max_hp_loss":0,"event_name":"Living Wall","floor":14,"gold_loss":0,"cards_upgraded":["Inflame"]},{"damage_healed":0,"gold_gain":0,"player_choice":"Read","damage_taken":0,"max_hp_gain":0,"max_hp_loss":0,"event_name":"The Library","floor":20,"gold_loss":0,"cards_obtained":["Sentinel"]},{"damage_healed":0,"gold_gain":0,"player_choice":"Fight","damage_taken":0,"max_hp_gain":0,"max_hp_loss":0,"event_name":"Colosseum","floor":22,"gold_loss":0},{"damage_healed":0,"gold_gain":0,"player_choice":"Fought Nobs","damage_taken":0,"max_hp_gain":0,"max_hp_loss":0,"event_name":"Colosseum","floor":22,"gold_loss":0}],"is_beta":false,"boss_relics":[{"not_picked":["Fusion Hammer","Astrolabe"],"picked":"Eternal Feather"}],"items_purged_floors":[5],"is_endless":false,"potions_floor_spawned":[3,10],"killed_by":"Colosseum Nobs","ascension_level":9}