{"gold_per_floor":[116,131,57,76,86,111,111,146,146,164,164,439,450,24,24,24],"floor_reached":16,"playtime":1874,"items_purged":["Regret"],"score":112,"play_id":"80fdabd8-e62e-4f3c-834e-85044b6df1cb","local_time":"20190309133514","is_ascension_mode":false,"campfire_choices":[{"data":"Zap","floor":7,"key":"SMITH"},{"floor":15,"key":"REST"}],"neow_cost":"NONE","seed_source_timestamp":445691437295422,"circlet_count":0,"master_deck":["Strike_B","Strike_B","Strike_B","Strike_B","Defend_B","Defend_B","Defend_B","Defend_B","Zap+1","Dualcast","Defragment","Hologram","Defragment","Ball Lightning","Self Repair","FTL","Amplify+1","Recycle+1","White Noise+1","Mind Blast"],"relics":["Cracked Core","Anchor","Letter Opener","Toxic Egg 2","Question Card","Dodecahedron","Bottled Tornado"],"potions_floor_usage":[6,10,13],"damage_taken":[{"damage":0,"enemies":"Small Slimes","floor":1,"turns":3},{"damage":1,"enemies":"Cultist","floor":2,"turns":3},{"damage":0,"enemies":"2 Louse","floor":4,"turns":2},{"damage":2,"enemies":"Blue Slaver","floor":5,"turns":4},{"damage":25,"enemies":"Gremlin Nob","floor":6,"turns":4},{"damage":31,"enemies":"3 Sentries","floor":8,"turns":5},{"damage":0,"enemies":"2 Fungi Beasts","floor":10,"turns":2},{"damage":8,"enemies":"Lots of Slimes","floor":13,"turns":4},{"damage":42,"enemies":"Slime Boss","floor":16,"turns":8}],"seed_played":"-7720388501087418819","potions_obtained":[{"floor":1,"key":"PowerPotion"},{"floor":8,"key":"SkillPotion"},{"floor":10,"key":"Strength Potion"}],"is_trial":false,"path_per_floor":["M","M","$","M","M","E","R","E","T","M","?","?","M","$","R","B"],"character_chosen":"DEFECT","items_purchased":["Defragment","Mind Blast","Bottled Tornado"],"campfire_rested":1,"item_purchase_floors":[3,14,14],"current_hp_per_floor":[75,74,74,74,72,54,54,30,30,30,12,12,11,11,33,0],"gold":24,"neow_bonus":"RANDOM_COMMON_RELIC","is_prod":false,"is_daily":false,"chose_seed":false,"campfire_upgraded":1,"win_rate":0.0,"timestamp":1552106114,"path_taken":["M","M","$","M","M","E","R","E","T","M","?","?","M","$","R","BOSS"],"build_version":"2019-01-23","purchased_purges":1,"victory":false,"max_hp_per_floor":[75,75,75,75,75,75,75,75,75,75,75,75,75,75,75,75],"card_choices":[{"not_picked":["Compile Driver","Redo"],"picked":"Defragment","floor":1},{"not_picked":["Rebound","Scrape"],"picked":"Hologram","floor":2},{"not_picked":["Gash","Streamline"],"picked":"Ball Lightning","floor":4},{"not_picked":["Gash","Leap"],"picked":"Self Repair","floor":5},{"not_picked":["Coolheaded","Hello World"],"picked":"FTL","floor":6},{"not_picked":["Coolheaded","Meteor Strike"],"picked":"Amplify","floor":8},{"not_picked":["Static Discharge","Storm","Stack+1"],"picked":"Recycle+1","floor":10},{"not_picked":["Gash","Doom and Gloom","Barrage"],"picked":"White Noise+1","floor":13}],"player_experience":50370,"relics_obtained":[{"floor":6,"key":"Letter Opener"},{"floor":8,"key":"Toxic Egg 2"},{"floor":9,"key":"Question Card"}],"event_choices":[{"damage_healed":0,"gold_gain":0,"player_choice":"Success","damage_taken":18,"relics_obtained":["Dodecahedron"],"max_hp_gain":0,"max_hp_loss":0,"event_name":"Scrap Ooze","floor":11,"gold_loss":0},{"damage_healed":0,"gold_gain":275,"player_choice":"Desecrate","damage_taken":0,"max_hp_gain":0,"max_hp_loss":0,"event_name":"Golden Shrine","floor":12,"gold_loss":0,"cards_obtained":["Regret"]}],"is_beta":false,"boss_relics":[],"items_purged_floors":[14],"is_endless":false,"potions_floor_spawned":[1,8,10],"killed_by":"Slime Boss","ascension_level":0}