{"gold_per_floor":[115,115,133,147,35,35,65,65,65,85,85,118,131,131,131,230,230,241,256,256,276,292,292],"floor_reached":23,"playtime":1103,"items_purged":["Strike_G"],"score":325,"play_id":"d28ac667-46ed-4365-86cc-eaf415b46c7e","local_time":"20190420194338","is_ascension_mode":true,"campfire_choices":[{"data":"Neutralize","floor":6,"key":"SMITH"},{"data":"Poisoned Stab","floor":8,"key":"SMITH"},{"floor":15,"key":"REST"}],"neow_cost":"NONE","seed_source_timestamp":634760653417618,"circlet_count":0,"master_deck":["AscendersBane","Defend_G","Defend_G","Defend_G","Defend_G","Defend_G","Strike_G","Strike_G+1","Strike_G+1","Survivor","Neutralize+1","Dagger Spray","Poisoned Stab+1","Terror","Endless Agony","Poisoned Stab","After Image","Wraith Form v2","Footwork","Noxious Fumes","RitualDagger","Well Laid Plans+1","Deadly Poison+1"],"relics":["Ring of the Snake","Turnip","Gambling Chip","Regal Pillow","Fusion Hammer"],"potions_floor_usage":[7,7,7,13,16,22],"damage_taken":[{"damage":3,"enemies":"Jaw Worm","floor":1,"turns":6},{"damage":0,"enemies":"2 Louse","floor":3,"turns":2},{"damage":1,"enemies":"Small Slimes","floor":4,"turns":3},{"damage":9,"enemies":"3 Sentries","floor":7,"turns":8},{"damage":0,"enemies":"2 Fungi Beasts","floor":10,"turns":3},{"damage":15,"enemies":"Lagavulin","floor":12,"turns":4},{"damage":0,"enemies":"Large Slime","floor":13,"turns":5},{"damage":8,"enemies":"Slime Boss","floor":16,"turns":11},{"damage":0,"enemies":"3 Byrds","floor":18,"turns":5},{"damage":0,"enemies":"Chosen","floor":19,"turns":6},{"damage":12,"enemies":"Shelled Parasite and Fungi","floor":21,"turns":7},{"damage":1,"enemies":"Sentry and Sphere","floor":22,"turns":7},{"damage":50,"enemies":"Book of Stabbing","floor":23,"turns":6}],"seed_played":"1473449902331134635","potions_obtained":[{"floor":0,"key":"EntropicBrew"},{"floor":0,"key":"EntropicBrew"},{"floor":10,"key":"Dexterity Potion"},{"floor":13,"key":"Block Potion"},{"floor":16,"key":"PowerPotion"}],"is_trial":false,"path_per_floor":["M","?","M","M","$","R","E","R","T","M","?","E","M","?","R","B",null,"M","M","?","M","M","E"],"character_chosen":"THE_SILENT","items_purchased":["Terror"],"campfire_rested":1,"item_purchase_floors":[5],"current_hp_per_floor":[60,46,46,45,45,45,36,36,36,36,29,14,14,14,50,42,63,63,63,57,45,44,0],"gold":292,"neow_bonus":"THREE_SMALL_POTIONS","is_prod":false,"is_daily":false,"chose_seed":false,"campfire_upgraded":2,"win_rate":0,"timestamp":1555814618,"path_taken":["M","?","M","M","$","R","E","R","T","M","?","E","M","?","R","BOSS","M","M","?","M","M","E"],"build_version":"2019-01-23","purchased_purges":1,"victory":false,"max_hp_per_floor":[70,70,70,70,70,70,70,70,70,70,70,70,70,70,70,70,70,70,70,70,70,70,70],"card_choices":[{"not_picked":["Cloak And Dagger","Skewer"],"picked":"Dagger Spray","floor":1},{"not_picked":["Outmaneuver","Masterful Stab"],"picked":"Poisoned Stab","floor":3},{"not_picked":["Heel Hook","Concentrate","Backflip"],"picked":"SKIP","floor":4},{"not_picked":["Escape Plan","Masterful Stab"],"picked":"Endless Agony","floor":7},{"not_picked":["Catalyst","Underhanded Strike"],"picked":"Poisoned Stab","floor":10},{"not_picked":["Underhanded Strike","Acrobatics","Flechettes"],"picked":"SKIP","floor":12},{"not_picked":["PiercingWail","Heel Hook"],"picked":"After Image","floor":13},{"not_picked":["Unload","Grand Finale"],"picked":"Wraith Form v2","floor":16},{"not_picked":["Sucker Punch","Blur"],"picked":"Footwork","floor":18},{"not_picked":["Choke","Quick Slash"],"picked":"Noxious Fumes","floor":19},{"not_picked":["Poisoned Stab","Distraction"],"picked":"Well Laid Plans+1","floor":21},{"not_picked":["Deflect","Calculated Gamble+1"],"picked":"Deadly Poison+1","floor":22}],"player_experience":285294,"relics_obtained":[{"floor":7,"key":"Turnip"},{"floor":9,"key":"Gambling Chip"},{"floor":12,"key":"Regal Pillow"}],"event_choices":[{"damage_healed":0,"gold_gain":0,"player_choice":"Entered Light","damage_taken":14,"max_hp_gain":0,"max_hp_loss":0,"event_name":"Shining Light","floor":2,"gold_loss":0,"cards_upgraded":["Strike_G","Strike_G"]},{"cards_removed":["Strike_G"],"damage_healed":0,"gold_gain":0,"player_choice":"Card Removal","damage_taken":7,"max_hp_gain":0,"max_hp_loss":0,"event_name":"Golden Wing","floor":11,"gold_loss":0},{"damage_healed":0,"gold_gain":0,"player_choice":"Ignored","damage_taken":0,"max_hp_gain":0,"max_hp_loss":0,"event_name":"Liars Game","floor":14,"gold_loss":0},{"damage_healed":0,"gold_gain":0,"player_choice":"Joined the Cult","damage_taken":6,"max_hp_gain":0,"max_hp_loss":0,"event_name":"Nest","floor":20,"gold_loss":0,"cards_obtained":["RitualDagger"]}],"is_beta":false,"boss_relics":[{"not_picked":["White Beast Statue","Black Star"],"picked":"Fusion Hammer"}],"items_purged_floors":[5],"is_endless":false,"potions_floor_spawned":[10,13,16,18,21],"killed_by":"Book of Stabbing","ascension_level":12}