{"gold_per_floor":[116,135,149,167,167,167,201,201,201,201,230,195,211,238,238,309,309,329,8,8,8,19,49,49,60,60,89,111,139,151,177,189,201],"floor_reached":33,"playtime":1584,"items_purged":[],"score":568,"play_id":"d0ba7518-8b4f-44a1-b1af-c74053988bb1","local_time":"20190425112907","is_ascension_mode":true,"campfire_choices":[{"floor":6,"key":"REST"},{"floor":8,"key":"REST"},{"data":"Shockwave","floor":10,"key":"SMITH"},{"floor":15,"key":"REST"},{"data":"Bash","floor":24,"key":"SMITH"},{"data":"Feel No Pain","floor":30,"key":"SMITH"},{"data":"Corruption","floor":32,"key":"SMITH"}],"neow_cost":"PERCENT_DAMAGE","seed_source_timestamp":16793708774165,"circlet_count":0,"master_deck":["AscendersBane","Strike_R","Strike_R","Strike_R","Strike_R","Defend_R","Defend_R","Defend_R","Defend_R","Bash+1","Cleave","Armaments","Feel No Pain+1","Shockwave+1","Second Wind","Seeing Red","Infernal Blade","Disarm","Fiend Fire+1","True Grit","Corruption+1","Shrug It Off+1","Shrug It Off","Headbutt","True Grit","Dark Embrace","Thunderclap+1"],"relics":["Burning Blood","Du-Vu Doll","Pear","Blue Candle","Ancient Tea Set","Red Skull","Runic Pyramid","Meat on the Bone","Bottled Flame","Self Forming Clay","MawBank"],"potions_floor_usage":[11,14,23,28],"damage_taken":[{"damage":7,"enemies":"2 Louse","floor":1,"turns":2},{"damage":6,"enemies":"Jaw Worm","floor":2,"turns":5},{"damage":3,"enemies":"Small Slimes","floor":3,"turns":4},{"damage":18,"enemies":"3 Louse","floor":4,"turns":4},{"damage":52,"enemies":"Gremlin Nob","floor":7,"turns":6},{"damage":31,"enemies":"Lagavulin","floor":11,"turns":8},{"damage":16,"enemies":"Exordium Thugs","floor":13,"turns":7},{"damage":13,"enemies":"3 Sentries","floor":14,"turns":8},{"damage":40,"enemies":"The Guardian","floor":16,"turns":14},{"damage":4,"enemies":"Chosen","floor":18,"turns":3},{"damage":17,"enemies":"2 Thieves","floor":22,"turns":3},{"damage":25,"enemies":"Slavers","floor":23,"turns":7},{"damage":0,"enemies":"Snecko","floor":25,"turns":4},{"damage":14,"enemies":"Book of Stabbing","floor":27,"turns":3},{"damage":8,"enemies":"3 Cultists","floor":28,"turns":6},{"damage":13,"enemies":"Cultist and Chosen","floor":29,"turns":6},{"damage":17,"enemies":"Snake Plant","floor":31,"turns":4},{"damage":59,"enemies":"Collector","floor":33,"turns":6}],"seed_played":"5223439043243480875","potions_obtained":[{"floor":4,"key":"LiquidBronze"},{"floor":7,"key":"Weak Potion"},{"floor":11,"key":"FearPotion"},{"floor":16,"key":"GamblersBrew"},{"floor":23,"key":"SpeedPotion"},{"floor":31,"key":"Block Potion"}],"is_trial":false,"path_per_floor":["M","M","M","M","?","R","E","R","T","R","E","?","M","E","R","B",null,"M","$","?","?","M","E","R","M","T","E","M","M","R","M","R","B"],"character_chosen":"IRONCLAD","items_purchased":["Meat on the Bone","Corruption"],"campfire_rested":3,"item_purchase_floors":[19,19],"current_hp_per_floor":[49,49,52,40,33,55,19,44,44,44,19,40,30,23,48,14,67,69,69,44,44,45,38,38,56,56,60,58,63,63,52,52,0],"gold":201,"neow_bonus":"ONE_RARE_RELIC","is_prod":false,"is_daily":false,"chose_seed":false,"campfire_upgraded":4,"win_rate":0,"timestamp":1556216947,"path_taken":["M","M","M","M","?","R","E","R","T","R","E","?","M","E","R","BOSS","M","$","?","?","M","E","R","M","T","E","M","?","R","M","R","BOSS"],"build_version":"2019-01-23","purchased_purges":0,"victory":false,"max_hp_per_floor":[75,75,75,75,75,75,85,85,85,85,85,85,85,85,85,85,85,85,85,90,90,90,90,90,90,90,90,90,90,90,90,90,90],"card_choices":[{"not_picked":["Body Slam","Pommel Strike"],"picked":"Cleave","floor":1},{"not_picked":["Seeing Red","Body Slam"],"picked":"Armaments","floor":2},{"not_picked":["Juggernaut","Warcry"],"picked":"Feel No Pain","floor":3},{"not_picked":["Pommel Strike","Clash"],"picked":"Shockwave","floor":4},{"not_picked":["Entrench","Dropkick"],"picked":"Second Wind","floor":7},{"not_picked":["Dropkick","Perfected Strike"],"picked":"Seeing Red","floor":11},{"not_picked":["Searing Blow","Twin Strike"],"picked":"Infernal Blade","floor":13},{"not_picked":["Corruption","Shrug It Off"],"picked":"Disarm","floor":14},{"not_picked":["Berserk","Dark Embrace"],"picked":"Fiend Fire","floor":16},{"not_picked":["Ghostly Armor","Clothesline"],"picked":"True Grit","floor":18},{"not_picked":["Burning Pact","Sentinel"],"picked":"Shrug It Off+1","floor":22},{"not_picked":["Twin Strike","Anger"],"picked":"Shrug It Off","floor":23},{"not_picked":["Heavy Blade","Hemokinesis"],"picked":"Headbutt","floor":25},{"not_picked":["Evolve","Corruption"],"picked":"True Grit","floor":27},{"not_picked":["Sever Soul","Second Wind","Headbutt"],"picked":"SKIP","floor":28},{"not_picked":["Perfected Strike","Clash+1"],"picked":"Dark Embrace","floor":29},{"not_picked":["Heavy Blade","Searing Blow"],"picked":"Thunderclap+1","floor":31}],"player_experience":478304,"relics_obtained":[{"floor":7,"key":"Pear"},{"floor":9,"key":"Blue Candle"},{"floor":11,"key":"Ancient Tea Set"},{"floor":14,"key":"Red Skull"},{"floor":23,"key":"Bottled Flame"},{"floor":26,"key":"Self Forming Clay"},{"floor":27,"key":"MawBank"}],"event_choices":[{"cards_removed":["Strike_R"],"damage_healed":0,"gold_gain":0,"player_choice":"Card Removal","damage_taken":7,"max_hp_gain":0,"max_hp_loss":0,"event_name":"Golden Wing","floor":5,"gold_loss":0},{"damage_healed":21,"gold_gain":0,"player_choice":"Healed","damage_taken":0,"max_hp_gain":0,"max_hp_loss":0,"event_name":"The Cleric","floor":12,"gold_loss":35},{"damage_healed":0,"gold_gain":0,"player_choice":"Shed Blood","damage_taken":30,"max_hp_gain":5,"max_hp_loss":0,"event_name":"Forgotten Altar","floor":20,"gold_loss":0},{"damage_healed":0,"gold_gain":0,"player_choice":"Upgraded","damage_taken":0,"max_hp_gain":0,"max_hp_loss":0,"event_name":"Upgrade Shrine","floor":21,"gold_loss":0,"cards_upgraded":["Fiend Fire"]}],"is_beta":false,"boss_relics":[{"not_picked":["Velvet Choker","Fusion Hammer"],"picked":"Runic Pyramid"}],"items_purged_floors":[],"is_endless":false,"potions_floor_spawned":[4,7,11,16,18,23,25,31],"killed_by":"Collector","ascension_level":17}