{"gold_per_floor":[115,131,131,156,172,172,48,48,48,82,103,116,150,163,163,241,241,260,294,219,237,247,281,297,297,297,23,23],"floor_reached":28,"playtime":1131,"items_purged":["Strike_R"],"score":434,"play_id":"fc4c91fd-207f-45c9-8c22-cdfd3d10d16b","local_time":"20190430200353","is_ascension_mode":true,"campfire_choices":[{"data":"Bash","floor":6,"key":"SMITH"},{"data":"Disarm","floor":8,"key":"SMITH"},{"data":"Immolate","floor":15,"key":"SMITH"},{"data":"Demon Form","floor":25,"key":"SMITH"}],"neow_cost":"NONE","seed_source_timestamp":1499946203775919,"circlet_count":0,"master_deck":["AscendersBane","Strike_R","Strike_R","Strike_R","Defend_R","Defend_R","Defend_R","Defend_R","Bash+1","Twin Strike","Anger+1","Disarm+1","Headbutt","Thunderclap","Immolate+1","Demon Form+1","Evolve","Inflame","Clothesline","Battle Trance","Decay","Shrug It Off"],"relics":["Burning Blood","Bag of Preparation","Juzu Bracelet","Turnip","Bronze Scales","Odd Mushroom","Paper Frog","Cursed Key","Red Mask","Bird Faced Urn","Bottled Tornado","Meat on the Bone"],"potions_floor_usage":[11,16,23],"damage_taken":[{"damage":5,"enemies":"Small Slimes","floor":1,"turns":4},{"damage":6,"enemies":"Jaw Worm","floor":2,"turns":4},{"damage":2,"enemies":"2 Louse","floor":5,"turns":2},{"damage":44,"enemies":"3 Sentries","floor":10,"turns":9},{"damage":9,"enemies":"The Mushroom Lair","floor":11,"turns":3},{"damage":6,"enemies":"Blue Slaver","floor":12,"turns":3},{"damage":13,"enemies":"Gremlin Nob","floor":13,"turns":3},{"damage":0,"enemies":"Gremlin Gang","floor":14,"turns":4},{"damage":10,"enemies":"Hexaghost","floor":16,"turns":10},{"damage":10,"enemies":"Shell Parasite","floor":18,"turns":3},{"damage":22,"enemies":"Masked Bandits","floor":19,"turns":3},{"damage":3,"enemies":"Chosen","floor":21,"turns":2},{"damage":1,"enemies":"3 Cultists","floor":22,"turns":3},{"damage":34,"enemies":"Gremlin Leader","floor":23,"turns":6},{"damage":17,"enemies":"Cultist and Chosen","floor":24,"turns":4},{"damage":27,"enemies":"Snecko","floor":28,"turns":3}],"seed_played":"-6355247906594161710","potions_obtained":[{"floor":5,"key":"Poison Potion"},{"floor":10,"key":"EssenceOfSteel"},{"floor":12,"key":"Swift Potion"},{"floor":13,"key":"SteroidPotion"},{"floor":19,"key":"BloodPotion"}],"is_trial":false,"path_per_floor":["M","M","?","T","M","R","$","R","T","E","?","M","E","M","R","B",null,"M","?","?","M","M","E","M","R","T","$","M"],"character_chosen":"IRONCLAD","items_purchased":["PowerPotion","Meat on the Bone","Shrug It Off"],"campfire_rested":0,"item_purchase_floors":[7,27,27],"current_hp_per_floor":[69,69,69,69,73,73,73,73,73,35,32,32,25,31,31,27,63,59,43,43,46,51,30,23,23,23,23,0],"gold":23,"neow_bonus":"RANDOM_COMMON_RELIC","is_prod":false,"is_daily":false,"chose_seed":false,"campfire_upgraded":4,"win_rate":0,"timestamp":1556679833,"path_taken":["M","M","?","?","M","R","$","R","T","E","?","M","E","M","R","BOSS","M","?","?","M","M","E","M","R","T","?","M"],"build_version":"2019-01-23","purchased_purges":1,"victory":false,"max_hp_per_floor":[75,75,75,75,75,75,75,75,75,75,75,75,75,75,75,75,75,75,75,75,75,75,75,75,75,75,75,75],"card_choices":[{"not_picked":["Sentinel","True Grit"],"picked":"Twin Strike","floor":1},{"not_picked":["Warcry","Cleave"],"picked":"Anger","floor":2},{"not_picked":["Heavy Blade","Clothesline"],"picked":"Disarm","floor":5},{"not_picked":["Anger","Twin Strike"],"picked":"Headbutt","floor":10},{"not_picked":["Clash","Headbutt"],"picked":"Thunderclap","floor":11},{"not_picked":["Metallicize","Power Through"],"picked":"Immolate","floor":12},{"not_picked":["Searing Blow","Wild Strike","Carnage"],"picked":"SKIP","floor":13},{"not_picked":["Wild Strike","Pummel","Corruption"],"picked":"SKIP","floor":14},{"not_picked":["Reaper","Limit Break"],"picked":"Demon Form","floor":16},{"not_picked":["Twin Strike","Sword Boomerang"],"picked":"Evolve","floor":18},{"not_picked":["Warcry","Shrug It Off"],"picked":"Inflame","floor":19},{"not_picked":["Ghostly Armor","Headbutt"],"picked":"Clothesline","floor":21},{"not_picked":["Fiend Fire","Cleave","Wild Strike+1"],"picked":"SKIP","floor":22},{"not_picked":["Hemokinesis","Rampage"],"picked":"Battle Trance","floor":23},{"not_picked":["Cleave","Warcry","Sever Soul"],"picked":"SKIP","floor":24}],"player_experience":365370,"relics_obtained":[{"floor":4,"key":"Juzu Bracelet"},{"floor":9,"key":"Turnip"},{"floor":10,"key":"Bronze Scales"},{"floor":11,"key":"Odd Mushroom"},{"floor":13,"key":"Paper Frog"},{"floor":19,"key":"Red Mask"},{"floor":23,"key":"Bird Faced Urn"},{"floor":26,"key":"Bottled Tornado"}],"event_choices":[{"damage_healed":0,"gold_gain":0,"player_choice":"Grow","damage_taken":0,"max_hp_gain":0,"max_hp_loss":0,"event_name":"Living Wall","floor":3,"gold_loss":0,"cards_upgraded":["Anger"]},{"damage_healed":0,"gold_gain":0,"player_choice":"Fought Mushrooms","damage_taken":0,"max_hp_gain":0,"max_hp_loss":0,"event_name":"Mushrooms","floor":11,"gold_loss":0},{"damage_healed":0,"gold_gain":0,"player_choice":"Fought Bandits","damage_taken":0,"max_hp_gain":0,"max_hp_loss":0,"event_name":"Masked Bandits","floor":19,"gold_loss":0},{"cards_removed":["Strike_R"],"damage_healed":0,"gold_gain":0,"player_choice":"Gave Gold","damage_taken":0,"max_hp_gain":0,"max_hp_loss":0,"event_name":"Beggar","floor":20,"gold_loss":75}],"is_beta":false,"boss_relics":[{"not_picked":["Empty Cage","Pandora\u0027s Box"],"picked":"Cursed Key"}],"items_purged_floors":[7],"is_endless":false,"potions_floor_spawned":[5,10,12,13,19,21],"killed_by":"Snecko","ascension_level":15}