{"gold_per_floor":[360,45,45,45,61,61,91,91,116,130,130,145,145,171,171,276,276,241,156,255,272,3,3,3,3,3,3,29,29],"floor_reached":29,"playtime":15038,"items_purged":["Strike_G","Strike_G"],"score":346,"play_id":"1e48ecec-f84f-4d1f-b235-d91285502768","local_time":"20190502214337","is_ascension_mode":true,"campfire_choices":[{"floor":6,"key":"REST"},{"floor":8,"key":"REST"},{"data":"Well Laid Plans","floor":11,"key":"SMITH"},{"floor":13,"key":"REST"},{"floor":15,"key":"REST"},{"data":"Bullet Time","floor":23,"key":"SMITH"},{"floor":25,"key":"REST"}],"neow_cost":"PERCENT_DAMAGE","seed_source_timestamp":1213108533877600,"circlet_count":0,"master_deck":["Defend_G","Defend_G","Defend_G","Defend_G","Defend_G","Strike_G","Strike_G","Strike_G","Survivor","Neutralize","Leg Sweep","Well Laid Plans+1","Neutralize","Acrobatics","Deadly Poison","Backflip","Bullet Time+1","Footwork","Tactician"],"relics":["Ring of the Snake","Orichalcum","The Courier","Meat on the Bone","Oddly Smooth Stone","Anchor","Sozu","Juzu Bracelet","PreservedInsect","Ornamental Fan","Bronze Scales"],"potions_floor_usage":[7,14,14,28],"damage_taken":[{"damage":1,"enemies":"Cultist","floor":1,"turns":5},{"damage":0,"enemies":"Small Slimes","floor":5,"turns":4},{"damage":30,"enemies":"Lagavulin","floor":7,"turns":12},{"damage":3,"enemies":"Jaw Worm","floor":10,"turns":4},{"damage":5,"enemies":"Looter","floor":12,"turns":4},{"damage":20,"enemies":"Gremlin Nob","floor":14,"turns":6},{"damage":39,"enemies":"The Guardian","floor":16,"turns":16},{"damage":13,"enemies":"2 Thieves","floor":18,"turns":5},{"damage":5,"enemies":"Chosen","floor":21,"turns":7},{"damage":15,"enemies":"Slavers","floor":28,"turns":12},{"damage":52,"enemies":"3 Cultists","floor":29,"turns":7}],"seed_played":"5419026503298181810","potions_obtained":[{"floor":1,"key":"Energy Potion"},{"floor":10,"key":"Explosive Potion"},{"floor":12,"key":"Block Potion"},{"floor":16,"key":"Energy Potion"}],"is_trial":false,"path_per_floor":["$","?","?","M","?","?","?","?"],"character_chosen":"THE_SILENT","items_purchased":["Orichalcum","Well Laid Plans","PowerPotion","PreservedInsect","Footwork"],"campfire_rested":5,"item_purchase_floors":[2,2,2,22,22],"current_hp_per_floor":[44,44,26,26,26,47,17,38,38,47,47,42,63,43,64,37,62,49,49,49,44,44,44,44,65,65,65,50,0],"gold":29,"neow_bonus":"TWO_FIFTY_GOLD","is_prod":false,"is_daily":false,"chose_seed":false,"campfire_upgraded":2,"win_rate":0,"timestamp":1556855017,"path_taken":["M","?","?","?","?","R","E","R","T","M","R","M","R","E","R","BOSS","M","?","?","M","$","R","?","R","T","?","E","M"],"build_version":"2019-01-23","purchased_purges":2,"victory":false,"max_hp_per_floor":[70,70,70,70,70,70,70,70,70,70,70,70,70,70,70,70,70,70,70,70,70,70,70,70,70,70,70,70,70],"card_choices":[{"not_picked":["Heel Hook","Choke"],"picked":"Leg Sweep","floor":1},{"not_picked":["All Out Attack","Heel Hook","Underhanded Strike"],"picked":"SKIP","floor":5},{"not_picked":["Eviscerate","Expertise"],"picked":"Acrobatics","floor":7},{"not_picked":["Quick Slash","Endless Agony"],"picked":"Deadly Poison","floor":10},{"not_picked":["Deflect","Leg Sweep"],"picked":"Backflip","floor":12},{"not_picked":["Prepared","Leg Sweep","Sucker Punch"],"picked":"SKIP","floor":14},{"not_picked":["Wraith Form v2","After Image"],"picked":"Bullet Time","floor":16},{"not_picked":["Outmaneuver","Prepared","Expertise"],"picked":"SKIP","floor":18},{"not_picked":["Underhanded Strike","Heel Hook","Reflex"],"picked":"SKIP","floor":21},{"not_picked":["Calculated Gamble","Finisher"],"picked":"Tactician","floor":28}],"player_experience":613699,"relics_obtained":[{"floor":7,"key":"Meat on the Bone"},{"floor":9,"key":"Oddly Smooth Stone"},{"floor":14,"key":"Anchor"},{"floor":26,"key":"Ornamental Fan"},{"floor":28,"key":"Bronze Scales"}],"event_choices":[{"damage_healed":0,"gold_gain":0,"player_choice":"Success","damage_taken":18,"relics_obtained":["The Courier"],"max_hp_gain":0,"max_hp_loss":0,"event_name":"Scrap Ooze","floor":3,"gold_loss":0},{"damage_healed":0,"gold_gain":0,"player_choice":"1 cards matched","damage_taken":0,"max_hp_gain":0,"max_hp_loss":0,"event_name":"Match and Keep!","floor":4,"gold_loss":0,"cards_obtained":["Neutralize"]},{"damage_healed":0,"gold_gain":0,"player_choice":"Obtained Relic","damage_taken":0,"relics_obtained":["Juzu Bracelet"],"max_hp_gain":0,"max_hp_loss":0,"event_name":"Addict","floor":19,"gold_loss":85},{"damage_healed":0,"gold_gain":99,"player_choice":"Stole From Cult","damage_taken":0,"max_hp_gain":0,"max_hp_loss":0,"event_name":"Nest","floor":20,"gold_loss":0},{"damage_healed":0,"gold_gain":0,"player_choice":"Ignored","damage_taken":0,"max_hp_gain":0,"max_hp_loss":0,"event_name":"Beggar","floor":24,"gold_loss":0},{"damage_healed":0,"gold_gain":0,"player_choice":"Ignored","damage_taken":0,"max_hp_gain":0,"max_hp_loss":0,"event_name":"N\u0027loth","floor":27,"gold_loss":0}],"is_beta":false,"boss_relics":[{"not_picked":["Ectoplasm","Calling Bell"],"picked":"Sozu"}],"items_purged_floors":[2,22],"is_endless":false,"potions_floor_spawned":[1,10,12,16,21,28],"killed_by":"3 Cultists","ascension_level":8}