{"gold_per_floor":[112,112,130,130,146,146,166,166,166,182,211,211,31,43,43,141,141,152,77,97,111,11,11,11],"floor_reached":24,"playtime":766,"items_purged":["Defend_R","Defend_R+1"],"score":198,"play_id":"c29a40ae-9a8d-4ee4-a424-aa229e5cdc28","local_time":"20180915205836","is_ascension_mode":false,"campfire_choices":[{"data":"Perfected Strike","floor":6,"key":"SMITH"},{"data":"Bash","floor":8,"key":"SMITH"},{"data":"Defend_R","floor":12,"key":"PURGE"},{"data":"Defend_R","floor":15,"key":"PURGE"},{"data":"Dual Wield","floor":23,"key":"SMITH"}],"neow_cost":"NONE","seed_source_timestamp":167449927662983,"circlet_count":0,"master_deck":["Strike_R","Strike_R+1","Strike_R","Strike_R","Bash+1","Perfected Strike+1","Shockwave","Headbutt","Flex","Rage","Dual Wield+1","Enlightenment","Shrug It Off","Burning Pact+1"],"relics":["Burning Blood","Gremlin Horn","Peace Pipe","Black Star"],"potions_floor_usage":[20,24],"damage_taken":[{"damage":13,"enemies":"Jaw Worm","floor":1,"turns":3},{"damage":4,"enemies":"Small Slimes","floor":3,"turns":4},{"damage":0,"enemies":"2 Louse","floor":5,"turns":3},{"damage":7,"enemies":"Blue Slaver","floor":7,"turns":3},{"damage":0,"enemies":"Lots of Slimes","floor":10,"turns":2},{"damage":19,"enemies":"Gremlin Nob","floor":11,"turns":4},{"damage":0,"enemies":"3 Louse","floor":14,"turns":3},{"damage":42,"enemies":"Hexaghost","floor":16,"turns":8},{"damage":30,"enemies":"Chosen","floor":18,"turns":6},{"damage":32,"enemies":"3 Byrds","floor":20,"turns":5},{"damage":20,"enemies":"Centurion and Healer","floor":21,"turns":5},{"damage":37,"enemies":"Slavers","floor":24,"turns":3}],"seed_played":"63490559769034791","potions_obtained":[{"floor":1,"key":"Dexterity Potion"},{"floor":10,"key":"SmokeBomb"},{"floor":14,"key":"Regen Potion"},{"floor":16,"key":"Fire Potion"},{"floor":21,"key":"FearPotion"}],"is_trial":false,"path_per_floor":["M","?","M","?","M","R","M","R","T","M","E","R","$","M","R","B",null,"M","$","M","M","$","R"],"character_chosen":"IRONCLAD","items_purchased":["Dual Wield","Enlightenment"],"campfire_rested":0,"item_purchase_floors":[13,13],"current_hp_per_floor":[73,78,80,63,69,69,68,68,68,74,61,61,61,67,67,31,85,61,61,49,35,35,35,0],"gold":11,"neow_bonus":"TRANSFORM_CARD","is_prod":false,"is_daily":false,"chose_seed":false,"campfire_upgraded":3,"win_rate":0,"timestamp":1537070316,"path_taken":["M","?","M","?","M","R","M","R","T","M","E","R","?","M","R","BOSS","M","?","M","M","$","R","E"],"build_version":"2018-09-06","purchased_purges":2,"victory":false,"max_hp_per_floor":[80,85,85,85,85,85,85,85,85,85,85,85,85,85,85,85,85,85,85,85,85,85,85,85],"card_choices":[{"not_picked":["Blood for Blood","Clash","Dropkick"],"picked":"SKIP","floor":1},{"not_picked":["Rupture","Havoc"],"picked":"Shockwave","floor":3},{"not_picked":["Twin Strike","Body Slam","Clothesline"],"picked":"SKIP","floor":5},{"not_picked":["Pummel","Heavy Blade"],"picked":"Headbutt","floor":7},{"not_picked":["Carnage","Iron Wave"],"picked":"Flex","floor":10},{"not_picked":["Whirlwind","Combust"],"picked":"Rage","floor":11},{"not_picked":["Reckless Charge","Barricade"],"picked":"Shrug It Off","floor":14},{"not_picked":["Headbutt","Pommel Strike"],"picked":"Burning Pact+1","floor":18},{"not_picked":["Uppercut","Clash","Havoc"],"picked":"SKIP","floor":20},{"not_picked":["Hemokinesis","Dropkick","Body Slam"],"picked":"SKIP","floor":21}],"player_experience":230306,"relics_obtained":[{"floor":9,"key":"Gremlin Horn"},{"floor":11,"key":"Peace Pipe"}],"event_choices":[{"event_name":"Big Fish","player_choice":"Donut","floor":2,"damage_taken":0},{"event_name":"Shining Light","player_choice":"Entered Light","floor":4,"damage_taken":0}],"is_beta":false,"boss_relics":[{"not_picked":["Runic Cube","Tiny House"],"picked":"Black Star"}],"items_purged_floors":[19,22],"is_endless":false,"potions_floor_spawned":[1,10,14,16,18,21],"killed_by":"Slavers","ascension_level":0}