{"gold_per_floor":[112,112,61,71,87,112,112,112,112,160,160,204,204],"floor_reached":13,"playtime":608,"items_purged":[],"score":91,"play_id":"402e0fdc-485e-4e58-8a1e-3eaf825820ef","local_time":"20190228190815","is_ascension_mode":false,"campfire_choices":[{"data":"Clothesline","floor":7,"key":"SMITH"},{"data":"Bash","floor":11,"key":"SMITH"}],"neow_cost":"NONE","seed_source_timestamp":517969272460859,"circlet_count":0,"master_deck":["Strike_R","Strike_R","Strike_R","Strike_R","Strike_R","Defend_R","Defend_R","Defend_R","Defend_R","Bash+1","Twin Strike","Clothesline+1","Injury","Perfected Strike"],"relics":["Burning Blood","NeowsBlessing","Shuriken","Golden Idol","Bronze Scales","Bag of Preparation","Meat on the Bone"],"potions_floor_usage":[6,12],"damage_taken":[{"damage":0,"enemies":"2 Louse","floor":1,"turns":1},{"damage":0,"enemies":"Cultist","floor":4,"turns":1},{"damage":0,"enemies":"Jaw Worm","floor":5,"turns":1},{"damage":57,"enemies":"Lagavulin","floor":6,"turns":8},{"damage":22,"enemies":"3 Sentries","floor":12,"turns":9},{"damage":15,"enemies":"Lots of Slimes","floor":13,"turns":1}],"seed_played":"-3593324795964676063","potions_obtained":[{"floor":5,"key":"Explosive Potion"},{"floor":6,"key":"Swift Potion"}],"is_trial":false,"path_per_floor":["M","?","$","M","M","E","R","?","T","T","R","E","M"],"character_chosen":"IRONCLAD","items_purchased":["Clothesline"],"campfire_rested":0,"item_purchase_floors":[3],"current_hp_per_floor":[80,80,80,80,80,29,29,29,29,29,29,13,0],"gold":204,"neow_bonus":"THREE_ENEMY_KILL","is_prod":false,"is_daily":false,"chose_seed":false,"campfire_upgraded":2,"win_rate":0,"timestamp":1551380895,"path_taken":["M","?","$","M","?","E","R","?","T","?","R","E","M"],"build_version":"2019-01-23","purchased_purges":0,"victory":false,"max_hp_per_floor":[80,80,80,80,80,80,80,80,80,80,80,80,80],"card_choices":[{"not_picked":["Clash","Pommel Strike"],"picked":"Twin Strike","floor":1},{"not_picked":["Sever Soul","Entrench","Headbutt"],"picked":"SKIP","floor":4},{"not_picked":["Battle Trance","Body Slam","Entrench"],"picked":"SKIP","floor":5},{"not_picked":["Flex","True Grit","Havoc"],"picked":"SKIP","floor":6},{"not_picked":["Flex","Inflame"],"picked":"Perfected Strike","floor":12}],"player_experience":1490165,"relics_obtained":[{"floor":6,"key":"Shuriken"},{"floor":9,"key":"Bronze Scales"},{"floor":10,"key":"Bag of Preparation"},{"floor":12,"key":"Meat on the Bone"}],"event_choices":[{"damage_healed":0,"gold_gain":0,"player_choice":"Ignored","damage_taken":0,"max_hp_gain":0,"max_hp_loss":0,"event_name":"NoteForYourself","floor":2,"gold_loss":0},{"damage_healed":0,"gold_gain":0,"player_choice":"Take Wound","damage_taken":0,"relics_obtained":["Golden Idol"],"max_hp_gain":0,"max_hp_loss":0,"event_name":"Golden Idol","floor":8,"gold_loss":0,"cards_obtained":["Injury"]}],"is_beta":false,"boss_relics":[],"items_purged_floors":[],"is_endless":false,"potions_floor_spawned":[5,6],"killed_by":"Lots of Slimes","ascension_level":0}