{"gold_per_floor":[112,123,123,136,149,149,174,174,174,200,215,233,233],"floor_reached":13,"playtime":876,"items_purged":[],"score":100,"play_id":"0f290c4a-44ee-471b-bd83-3e215ec8cf7e","local_time":"20190416101848","is_ascension_mode":true,"campfire_choices":[{"data":"Cloak And Dagger","floor":6,"key":"SMITH"},{"data":"Backflip","floor":8,"key":"SMITH"}],"neow_cost":"NONE","seed_source_timestamp":560929742821999,"circlet_count":0,"master_deck":["Defend_G","Defend_G","Defend_G","Defend_G","Defend_G","Strike_G","Strike_G","Survivor","Neutralize+1","Riddle With Holes+1","Quick Slash+1","Prepared+1","Dagger Throw","Backflip+1","Slice","Cloak And Dagger+1","Backflip+1","Backflip+1","Cloak And Dagger+1","Slice"],"relics":["Astrolabe","Odd Mushroom","Toxic Egg 2","Matryoshka"],"potions_floor_usage":[7,12,12,13],"damage_taken":[{"damage":7,"enemies":"Jaw Worm","floor":1,"turns":2},{"damage":7,"enemies":"2 Louse","floor":2,"turns":2},{"damage":6,"enemies":"Small Slimes","floor":4,"turns":3},{"damage":4,"enemies":"Exordium Wildlife","floor":5,"turns":3},{"damage":0,"enemies":"The Mushroom Lair","floor":7,"turns":2},{"damage":27,"enemies":"3 Sentries","floor":10,"turns":9},{"damage":0,"enemies":"2 Fungi Beasts","floor":11,"turns":3},{"damage":0,"enemies":"Blue Slaver","floor":12,"turns":2},{"damage":0,"enemies":"Gremlin Nob","floor":13,"turns":2}],"seed_played":"88769154152053913","potions_obtained":[{"floor":5,"key":"AttackPotion"},{"floor":10,"key":"Strength Potion"},{"floor":11,"key":"FearPotion"},{"floor":12,"key":"SkillPotion"}],"is_trial":false,"path_per_floor":["M","M","?","M","M","R","?","R","T","E","M","M","E"],"character_chosen":"THE_SILENT","items_purchased":[],"campfire_rested":0,"item_purchase_floors":[],"current_hp_per_floor":[63,56,42,36,32,32,32,32,32,5,5,5,5],"gold":233,"neow_bonus":"BOSS_RELIC","is_prod":false,"is_daily":false,"chose_seed":false,"campfire_upgraded":2,"win_rate":0,"timestamp":1555402728,"path_taken":["M","M","?","M","M","R","?","R","T","E","M","M","E"],"build_version":"2019-01-23","purchased_purges":0,"victory":false,"max_hp_per_floor":[70,70,70,70,70,70,70,70,70,70,70,70,70],"card_choices":[{"not_picked":["PiercingWail","Dodge and Roll"],"picked":"Dagger Throw","floor":1},{"not_picked":["Prepared","Poisoned Stab"],"picked":"Backflip","floor":2},{"not_picked":["Deflect","Prepared"],"picked":"Slice","floor":4},{"not_picked":["Finisher","Slice"],"picked":"Cloak And Dagger","floor":5},{"not_picked":["Bane","Masterful Stab"],"picked":"Backflip","floor":7},{"not_picked":["Reflex+1","Deadly Poison+1"],"picked":"Backflip+1","floor":10},{"not_picked":["Outmaneuver+1","Slice"],"picked":"Cloak And Dagger+1","floor":11},{"not_picked":["Underhanded Strike","Expertise+1"],"picked":"Slice","floor":12}],"player_experience":488867,"relics_obtained":[{"floor":7,"key":"Odd Mushroom"},{"floor":9,"key":"Toxic Egg 2"},{"floor":10,"key":"Matryoshka"}],"event_choices":[{"damage_healed":0,"gold_gain":0,"player_choice":"Entered Light","damage_taken":14,"max_hp_gain":0,"max_hp_loss":0,"event_name":"Shining Light","floor":3,"gold_loss":0,"cards_upgraded":["Neutralize","Backflip"]},{"damage_healed":0,"gold_gain":0,"player_choice":"Fought Mushrooms","damage_taken":0,"max_hp_gain":0,"max_hp_loss":0,"event_name":"Mushrooms","floor":7,"gold_loss":0}],"is_beta":false,"boss_relics":[],"items_purged_floors":[],"is_endless":false,"potions_floor_spawned":[5,10,11,12],"killed_by":"Gremlin Nob","ascension_level":3}