{"gold_per_floor":[115,115,65,78,93,119,119,44,44,62,72,97,112,127,127,231,231,251,268,193,193,210,210,55,55,55,55,75,90,105,115,115,115],"floor_reached":33,"playtime":3061,"items_purged":["Strike_R"],"score":253,"play_id":"55f3234d-bc6a-4890-ba94-770aabb9df02","local_time":"20181019153101","is_ascension_mode":false,"campfire_choices":[{"data":"Bludgeon","floor":7,"key":"SMITH"},{"data":"Whirlwind","floor":15,"key":"SMITH"},{"data":"Bash","floor":23,"key":"SMITH"},{"data":"Flex","floor":25,"key":"SMITH"},{"data":"Flex","floor":27,"key":"SMITH"},{"data":"Flex","floor":32,"key":"SMITH"}],"neow_cost":"NONE","seed_source_timestamp":98966876009086,"circlet_count":0,"master_deck":["Defend_R+1","Bash+1","Bludgeon+1","True Grit","Flex+1","Shrug It Off+1","Whirlwind+1","Flex+1","Infernal Blade+1","Disarm+1","Armaments+1","Flex+1","Bloodletting"],"relics":["Burning Blood","Omamori","Ornamental Fan","War Paint","Astrolabe","Vajra","Whetstone"],"potions_floor_usage":[16,16,31,33,33,33],"damage_taken":[{"damage":5,"enemies":"2 Louse","floor":1,"turns":4},{"damage":6,"enemies":"Small Slimes","floor":4,"turns":3},{"damage":1,"enemies":"Jaw Worm","floor":5,"turns":5},{"damage":29,"enemies":"Lagavulin","floor":6,"turns":6},{"damage":11,"enemies":"3 Louse","floor":10,"turns":4},{"damage":0,"enemies":"Large Slime","floor":11,"turns":4},{"damage":18,"enemies":"3 Sentries","floor":12,"turns":4},{"damage":6,"enemies":"2 Fungi Beasts","floor":13,"turns":2},{"damage":2,"enemies":"Looter","floor":14,"turns":2},{"damage":24,"enemies":"Hexaghost","floor":16,"turns":12},{"damage":6,"enemies":"Spheric Guardian","floor":18,"turns":4},{"damage":0,"enemies":"Chosen","floor":19,"turns":3},{"damage":17,"enemies":"Snake Plant","floor":22,"turns":4},{"damage":15,"enemies":"Snecko","floor":28,"turns":3},{"damage":22,"enemies":"Centurion and Healer","floor":29,"turns":4},{"damage":17,"enemies":"Snake Plant","floor":30,"turns":3},{"damage":20,"enemies":"Sentry and Sphere","floor":31,"turns":4},{"damage":41,"enemies":"Collector","floor":33,"turns":3}],"seed_played":"7994147797218436042","potions_obtained":[{"floor":4,"key":"LiquidBronze"},{"floor":6,"key":"EssenceOfSteel"},{"floor":11,"key":"BloodPotion"},{"floor":13,"key":"PowerPotion"},{"floor":18,"key":"GamblersBrew"},{"floor":28,"key":"Regen Potion"},{"floor":31,"key":"Block Potion"}],"is_trial":false,"path_per_floor":["M","?","?","M","M","E","R","$","T","M","M","?","M","M","R","B",null,"M","M","?","?","M","R","$","R","T","R","M","M","M","M","R"],"character_chosen":"IRONCLAD","items_purchased":["Vajra"],"campfire_rested":0,"item_purchase_floors":[24],"current_hp_per_floor":[80,73,73,73,78,55,55,55,55,50,56,44,44,48,48,30,80,80,80,80,80,69,69,69,69,69,69,60,44,33,31,31,0],"gold":115,"neow_bonus":"ONE_RANDOM_RARE_CARD","is_prod":false,"is_daily":false,"chose_seed":false,"campfire_upgraded":6,"win_rate":0,"timestamp":1539988261,"path_taken":["M","?","?","M","M","E","R","$","T","M","M","?","M","M","R","BOSS","M","M","?","?","M","R","?","R","T","R","M","M","M","M","R","BOSS"],"build_version":"2018-10-18","purchased_purges":1,"victory":false,"max_hp_per_floor":[80,80,80,80,80,80,80,80,80,80,80,80,80,80,80,80,80,80,80,80,80,80,80,80,80,80,80,80,80,80,80,80,80],"card_choices":[{"not_picked":["Anger","Warcry","Cleave"],"picked":"SKIP","floor":1},{"not_picked":["Flame Barrier","Feed"],"picked":"True Grit","floor":4},{"not_picked":["Anger","Corruption"],"picked":"Flex","floor":5},{"not_picked":["True Grit","Entrench","Burning Pact"],"picked":"SKIP","floor":6},{"not_picked":["Perfected Strike","Flex"],"picked":"Shrug It Off","floor":10},{"not_picked":["Second Wind","Heavy Blade"],"picked":"Whirlwind","floor":11},{"not_picked":["Body Slam","Impervious"],"picked":"Flex","floor":13},{"not_picked":["Warcry","Hemokinesis","True Grit"],"picked":"SKIP","floor":14},{"not_picked":["Clash","Metallicize"],"picked":"Armaments+1","floor":18},{"not_picked":["Hemokinesis","Second Wind","Thunderclap"],"picked":"SKIP","floor":19},{"not_picked":["Second Wind","Thunderclap","Twin Strike"],"picked":"SKIP","floor":22},{"not_picked":["Wild Strike","Iron Wave","Pommel Strike"],"picked":"SKIP","floor":28},{"not_picked":["Bludgeon","Spot Weakness","Heavy Blade"],"picked":"SKIP","floor":29},{"not_picked":["Perfected Strike","Warcry","Twin Strike"],"picked":"SKIP","floor":30},{"not_picked":["True Grit","Shrug It Off","Metallicize"],"picked":"SKIP","floor":31}],"player_experience":297644,"relics_obtained":[{"floor":6,"key":"Omamori"},{"floor":9,"key":"Ornamental Fan"},{"floor":12,"key":"War Paint"},{"floor":26,"key":"Whetstone"}],"event_choices":[{"cards_removed":["Strike_R"],"damage_healed":0,"gold_gain":0,"player_choice":"Card Removal","damage_taken":7,"max_hp_gain":0,"max_hp_loss":0,"event_name":"Golden Wing","floor":2,"gold_loss":0},{"cards_removed":["Defend_R"],"damage_healed":0,"gold_gain":0,"player_choice":"Card Removal","damage_taken":0,"max_hp_gain":0,"max_hp_loss":0,"event_name":"The Cleric","floor":3,"gold_loss":50},{"damage_healed":0,"gold_gain":30,"player_choice":"Searched \u00272\u0027 times","damage_taken":0,"max_hp_gain":0,"max_hp_loss":0,"event_name":"Dead Adventurer","floor":12,"gold_loss":0},{"cards_removed":["Wild Strike"],"damage_healed":0,"gold_gain":0,"player_choice":"Gave Gold","damage_taken":0,"max_hp_gain":0,"max_hp_loss":0,"event_name":"Beggar","floor":20,"gold_loss":75},{"damage_healed":0,"gold_gain":0,"cards_transformed":["Strike_R","Defend_R"],"player_choice":"Became Test Subject","damage_taken":0,"max_hp_gain":0,"max_hp_loss":0,"event_name":"Drug Dealer","floor":21,"gold_loss":0,"cards_obtained":["Flex","Bloodletting"]}],"is_beta":false,"boss_relics":[{"not_picked":["Cursed Key","Snecko Eye"],"picked":"Astrolabe"}],"items_purged_floors":[8],"is_endless":false,"potions_floor_spawned":[4,6,11,13,18,28,30,31],"killed_by":"Collector","ascension_level":0}