{"gold_per_floor":[112,127,16,30,46,46,46,46,46,74,85,118,118,143,143,143],"floor_reached":16,"playtime":1043,"items_purged":["Strike_B"],"score":174,"play_id":"4d3c1b73-df4c-4d67-9f50-5ee463998d99","local_time":"20190409164518","is_ascension_mode":true,"campfire_choices":[{"floor":6,"key":"REST"},{"floor":8,"key":"REST"},{"floor":13,"key":"REST"},{"floor":15,"key":"REST"}],"neow_cost":"NONE","seed_source_timestamp":400917934446525,"circlet_count":0,"master_deck":["Strike_B","Strike_B","Defend_B","Defend_B","Defend_B","Defend_B","Zap","Dualcast","Defragment","Melter","Capacitor","FTL","Ball Lightning","Pain","Doom and Gloom","Conserve Battery","Redo","Ball Lightning"],"relics":["Cracked Core","WarpedTongs","Letter Opener","Ornamental Fan","Pen Nib","Happy Flower"],"potions_floor_usage":[10,10,12,16],"damage_taken":[{"damage":1,"enemies":"Cultist","floor":1,"turns":3},{"damage":2,"enemies":"2 Louse","floor":2,"turns":3},{"damage":6,"enemies":"Jaw Worm","floor":4,"turns":4},{"damage":34,"enemies":"Exordium Thugs","floor":5,"turns":6},{"damage":35,"enemies":"Gremlin Nob","floor":10,"turns":4},{"damage":12,"enemies":"Lots of Slimes","floor":11,"turns":2},{"damage":17,"enemies":"Lagavulin","floor":12,"turns":7},{"damage":23,"enemies":"3 Sentries","floor":14,"turns":5},{"damage":29,"enemies":"The Guardian","floor":16,"turns":4}],"seed_played":"1555756358689088823","potions_obtained":[{"floor":1,"key":"AttackPotion"},{"floor":2,"key":"SkillPotion"},{"floor":10,"key":"Swift Potion"},{"floor":14,"key":"LiquidBronze"}],"is_trial":false,"path_per_floor":["$","?"],"character_chosen":"DEFECT","items_purchased":["Capacitor"],"campfire_rested":4,"item_purchase_floors":[3],"current_hp_per_floor":[67,65,65,59,25,47,47,69,69,34,22,5,27,4,26,0],"gold":143,"neow_bonus":"REMOVE_CARD","is_prod":false,"is_daily":false,"chose_seed":false,"campfire_upgraded":0,"win_rate":0,"timestamp":1554849918,"path_taken":["M","M","?","M","M","R","?","R","T","E","M","E","R","E","R","BOSS"],"build_version":"2019-01-23","purchased_purges":1,"victory":false,"max_hp_per_floor":[75,75,75,75,75,75,75,75,75,75,75,75,75,75,75,75],"card_choices":[{"not_picked":["Coolheaded","Blizzard"],"picked":"Defragment","floor":1},{"not_picked":["Fusion","Lockon"],"picked":"Melter","floor":2},{"not_picked":["Reinforced Body","Skim"],"picked":"FTL","floor":4},{"not_picked":["Compile Driver","Turbo"],"picked":"Ball Lightning","floor":5},{"not_picked":["Rip and Tear","Meteor Strike"],"picked":"Doom and Gloom","floor":10},{"not_picked":["Genetic Algorithm","Static Discharge"],"picked":"Conserve Battery","floor":11},{"not_picked":["Streamline","Recycle"],"picked":"Redo","floor":12},{"not_picked":["Beam Cell","Sunder"],"picked":"Ball Lightning","floor":14}],"player_experience":559076,"relics_obtained":[{"floor":9,"key":"Letter Opener"},{"floor":10,"key":"Ornamental Fan"},{"floor":12,"key":"Pen Nib"},{"floor":14,"key":"Happy Flower"}],"event_choices":[{"damage_healed":0,"gold_gain":0,"player_choice":"Rummage","damage_taken":0,"relics_obtained":["WarpedTongs"],"max_hp_gain":0,"max_hp_loss":0,"event_name":"Accursed Blacksmith","floor":7,"gold_loss":0,"cards_obtained":["Pain"]}],"is_beta":false,"boss_relics":[],"items_purged_floors":[3],"is_endless":false,"potions_floor_spawned":[1,2,10,14],"killed_by":"The Guardian","ascension_level":9}