{"gold_per_floor":[110,35,35,35,35,35,54,54,78,111,129,144,144,172,172,172],"floor_reached":16,"playtime":531,"items_purged":["Strike_R"],"score":200,"play_id":"3a0bd701-ad71-4353-b3a9-606064b18590","local_time":"20190428125003","is_ascension_mode":true,"campfire_choices":[{"floor":6,"key":"DIG"},{"floor":8,"key":"DIG"},{"floor":13,"key":"REST"},{"floor":15,"key":"DIG"}],"neow_cost":"TEN_PERCENT_HP_LOSS","seed_source_timestamp":92574581463957,"circlet_count":0,"master_deck":["AscendersBane","Strike_R","Strike_R","Strike_R+1","Strike_R+1","Defend_R","Defend_R","Defend_R","Defend_R","Bash+1","Carnage","Shrug It Off","Combust","True Grit","Cleave"],"relics":["Burning Blood","Shovel","Darkstone Periapt","Happy Flower","Pantograph","Dream Catcher","Whetstone","Art of War","Regal Pillow"],"potions_floor_usage":[10,14,16],"damage_taken":[{"damage":13,"enemies":"Cultist","floor":1,"turns":5},{"damage":7,"enemies":"Small Slimes","floor":7,"turns":3},{"damage":17,"enemies":"Lagavulin","floor":10,"turns":6},{"damage":13,"enemies":"2 Louse","floor":11,"turns":3},{"damage":15,"enemies":"Large Slime","floor":12,"turns":4},{"damage":25,"enemies":"3 Sentries","floor":14,"turns":6},{"damage":41,"enemies":"Hexaghost","floor":16,"turns":10}],"seed_played":"-3479839522827241917","potions_obtained":[{"floor":1,"key":"Weak Potion"},{"floor":12,"key":"SteroidPotion"},{"floor":14,"key":"Poison Potion"}],"is_trial":false,"path_per_floor":["M","$","?","$","?","R","M","R","T","E","M","M","R","E","R","B"],"character_chosen":"IRONCLAD","items_purchased":[],"campfire_rested":1,"item_purchase_floors":[],"current_hp_per_floor":[61,61,43,43,43,43,42,42,42,31,24,15,35,16,16,0],"gold":172,"neow_bonus":"ONE_RARE_RELIC","is_prod":false,"is_daily":false,"chose_seed":false,"campfire_upgraded":0,"win_rate":0,"timestamp":1556481003,"path_taken":["M","?","?","$","?","R","M","R","T","E","M","M","R","E","R","BOSS"],"build_version":"2019-01-23","purchased_purges":1,"victory":false,"max_hp_per_floor":[68,68,68,68,68,68,68,68,68,68,68,68,68,68,68,68],"card_choices":[{"not_picked":["Body Slam","Whirlwind"],"picked":"Carnage","floor":1},{"not_picked":["Dual Wield","Intimidate"],"picked":"Shrug It Off","floor":7},{"not_picked":["Evolve","Corruption"],"picked":"Combust","floor":10},{"not_picked":["Pommel Strike","Flex","Body Slam"],"picked":"SKIP","floor":11},{"not_picked":["Sever Soul","Body Slam","Iron Wave"],"picked":"SKIP","floor":12},{"not_picked":["Twin Strike","Pommel Strike"],"picked":"True Grit","floor":13},{"not_picked":["Hemokinesis","Barricade"],"picked":"Cleave","floor":14}],"player_experience":495770,"relics_obtained":[{"floor":6,"key":"Happy Flower"},{"floor":8,"key":"Pantograph"},{"floor":9,"key":"Dream Catcher"},{"floor":10,"key":"Whetstone"},{"floor":14,"key":"Art of War"},{"floor":15,"key":"Regal Pillow"}],"event_choices":[{"damage_healed":0,"gold_gain":0,"player_choice":"Success","damage_taken":18,"relics_obtained":["Darkstone Periapt"],"max_hp_gain":0,"max_hp_loss":0,"event_name":"Scrap Ooze","floor":3,"gold_loss":0},{"damage_healed":0,"gold_gain":0,"player_choice":"Grow","damage_taken":0,"max_hp_gain":0,"max_hp_loss":0,"event_name":"Living Wall","floor":5,"gold_loss":0,"cards_upgraded":["Bash"]}],"is_beta":false,"boss_relics":[],"items_purged_floors":[2],"is_endless":false,"potions_floor_spawned":[1,12,14],"killed_by":"Hexaghost","ascension_level":17}