{"gold_per_floor":[117,131,231,245,92,92,112,112,186,186,186,11,34,75,75,198,198,189,89,4,4,18,18,42,73,73,73,113,126,126,126,126,251,251,265,390,191,191,204,204,239,239,239,12,45,45,80,80,80,80],"floor_reached":51,"playtime":3780,"items_purged":["Defend_B","Strike_B","Defend_B"],"score":920,"play_id":"74f09d74-9ab1-4152-bda1-79fe97a9c23b","local_time":"20190409183922","is_ascension_mode":true,"campfire_choices":[{"data":"Zap","floor":6.0,"key":"SMITH"},{"data":"Dualcast","floor":8.0,"key":"SMITH"},{"floor":15.0,"key":"REST"},{"data":"Echo Form","floor":23.0,"key":"SMITH"},{"data":"Hologram","floor":27.0,"key":"SMITH"},{"floor":30.0,"key":"REST"},{"floor":32.0,"key":"REST"},{"data":"Rainbow","floor":40.0,"key":"SMITH"},{"data":"Barrage","floor":42.0,"key":"SMITH"},{"data":"Coolheaded","floor":46,"key":"SMITH"},{"data":"Loop","floor":49,"key":"SMITH"}],"neow_cost":"NONE","seed_source_timestamp":0,"circlet_count":0,"master_deck":["Strike_B","Strike_B","Strike_B","Defend_B","Zap+1","Dualcast+1","Leap","Cold Snap","Conserve Battery","Hello World","Conserve Battery+1","Echo Form+1","Cold Snap","FTL","Undo","Meteor Strike","Leap+1","Barrage+1","Hologram+1","Cold Snap","Glacier+1","Loop+1","Rainbow+1","Coolheaded+1","Self Repair+1","Doom and Gloom","Leap+1","Conserve Battery+1","Storm","Seek+1","Ball Lightning+1"],"special_seed":0,"relics":["Cracked Core","Orichalcum","Question Card","Bag of Preparation","Golden Idol","Bottled Tornado","Nuclear Battery","Oddly Smooth Stone","Meat on the Bone","Pantograph","Ornamental Fan","Gremlin Horn","Inserter","Thread and Needle","Kunai","Mummified Hand","Pen Nib","Mango","War Paint"],"potions_floor_usage":[50,50],"damage_taken":[{"damage":3.0,"enemies":"Small Slimes","floor":1.0,"turns":3.0},{"damage":6.0,"enemies":"Cultist","floor":2.0,"turns":5.0},{"damage":2.0,"enemies":"2 Louse","floor":4.0,"turns":3.0},{"damage":1.0,"enemies":"2 Fungi Beasts","floor":7.0,"turns":4.0},{"damage":4.0,"enemies":"Large Slime","floor":13.0,"turns":6.0},{"damage":15.0,"enemies":"Gremlin Nob","floor":14.0,"turns":5.0},{"damage":11.0,"enemies":"The Guardian","floor":16.0,"turns":12.0},{"damage":5.0,"enemies":"2 Thieves","floor":18.0,"turns":4.0},{"damage":0.0,"enemies":"Spheric Guardian","floor":22.0,"turns":3.0},{"damage":9.0,"enemies":"3 Cultists","floor":24.0,"turns":6.0},{"damage":0.0,"enemies":"Book of Stabbing","floor":25.0,"turns":5.0},{"damage":39.0,"enemies":"Slavers","floor":28.0,"turns":8.0},{"damage":24.0,"enemies":"Chosen and Byrds","floor":29.0,"turns":12.0},{"damage":63.0,"enemies":"Champ","floor":33.0,"turns":19.0},{"damage":1.0,"enemies":"3 Shapes","floor":35.0,"turns":7.0},{"damage":0.0,"enemies":"Mind Bloom Boss Battle","floor":36.0,"turns":7.0},{"damage":32.0,"enemies":"3 Darklings","floor":39.0,"turns":4.0},{"damage":3.0,"enemies":"Reptomancer","floor":41.0,"turns":9.0},{"damage":0.0,"enemies":"Nemesis","floor":45.0,"turns":5.0},{"damage":12,"enemies":"Reptomancer","floor":47,"turns":8},{"damage":9,"enemies":"Time Eater","floor":50,"turns":7}],"seed_played":"-6485091957694711507","potions_obtained":[{"floor":1.0,"key":"PowerPotion"},{"floor":4.0,"key":"Energy Potion"},{"floor":14.0,"key":"Weak Potion"},{"floor":16.0,"key":"Ancient Potion"},{"floor":24.0,"key":"Dexterity Potion"},{"floor":29.0,"key":"Strength Potion"},{"floor":33.0,"key":"Block Potion"},{"floor":35.0,"key":"Block Potion"},{"floor":39.0,"key":"Poison Potion"},{"floor":41.0,"key":"Strength Potion"},{"floor":47,"key":"SteroidPotion"}],"is_trial":false,"path_per_floor":["M","M","?","M","$","R","M","R","T","?","?","$","M","E","R","B",null,"M","$","?","?","M","R","M","E","T","R","E","M","R","T","R","B",null,"M","?","$","?","M","R","E","R","T","$","E","R","E","?","R","B",null],"character_chosen":"DEFECT","items_purchased":["Hello World","Echo Form","Cold Snap","Doom and Gloom","Pen Nib","Storm"],"campfire_rested":3,"item_purchase_floors":[5,12,12,37,44,44],"current_hp_per_floor":[72,66,66,64,64,64,63,63,63,51,51,51,47,32,52,41,69,64,64,64,64,64,64,55,55,55,55,28,16,36,36,56,18,69,68,69,69,69,47,47,54,54,54,54,83,83,81,79,79,70],"gold":80,"neow_bonus":"RANDOM_COMMON_RELIC","is_prod":false,"is_daily":false,"chose_seed":false,"campfire_upgraded":8,"win_rate":0,"timestamp":1554827962,"path_taken":["M","M","?","?","$","R","M","R","T","?","?","$","M","E","R","BOSS","M","$","?","?","M","R","M","E","T","R","E","M","R","?","R","BOSS","M","?","$","?","M","R","E","R","T","$","E","R","E","?","R","BOSS"],"build_version":"2019-01-23","purchased_purges":3,"victory":true,"max_hp_per_floor":[75,75,75,75,75,75,75,75,75,75,69,69,69,69,69,69,69,69,69,69,69,69,69,69,69,69,69,69,69,69,69,69,69,69,69,69,69,69,69,69,69,69,69,69,83,83,83,79,79,79],"card_choices":[{"not_picked":["Consume","Rebound"],"picked":"Leap","floor":1.0},{"not_picked":["Compile Driver","Ball Lightning"],"picked":"Cold Snap","floor":2.0},{"not_picked":["Capacitor","Skim"],"picked":"Conserve Battery","floor":4.0},{"not_picked":["Recycle","Steam"],"picked":"Conserve Battery","floor":7.0},{"not_picked":["Force Field","Scrape","Reprogram"],"picked":"FTL","floor":13.0},{"not_picked":["Blizzard","Compile Driver","Auto Shields"],"picked":"Undo","floor":14.0},{"not_picked":["Fission","Multi-Cast","Hyperbeam"],"picked":"Meteor Strike","floor":16.0},{"not_picked":["Skim","FTL","Darkness"],"picked":"Leap+1","floor":18.0},{"not_picked":["Tempest","Auto Shields","Compile Driver"],"picked":"Barrage","floor":22.0},{"not_picked":["Barrage","Undo","Compile Driver"],"picked":"Hologram","floor":24.0},{"not_picked":["Barrage","Skim","Hologram"],"picked":"Cold Snap","floor":25.0},{"not_picked":["Sunder","Stack","Seek"],"picked":"Glacier+1","floor":28.0},{"not_picked":["Tempest","Beam Cell","Conserve Battery"],"picked":"Loop","floor":29.0},{"not_picked":["Core Surge","Thunder Strike","Hyperbeam"],"picked":"Rainbow","floor":33.0},{"not_picked":["Turbo+1","Reprogram","Hologram+1"],"picked":"Coolheaded","floor":35.0},{"not_picked":["Conserve Battery","Redo","Barrage+1"],"picked":"Self Repair+1","floor":36.0},{"not_picked":["Undo+1","Melter","Lockon+1"],"picked":"Leap+1","floor":39.0},{"not_picked":["Leap","Beam Cell","Rip and Tear"],"picked":"Conserve Battery+1","floor":41.0},{"not_picked":["Leap","Stack","Rebound"],"picked":"Seek","floor":45.0},{"not_picked":["Streamline","Coolheaded","Darkness"],"picked":"Ball Lightning+1","floor":47}],"player_experience":275644,"relics_obtained":[{"floor":9.0,"key":"Question Card"},{"floor":14.0,"key":"Bottled Tornado"},{"floor":25.0,"key":"Meat on the Bone"},{"floor":26.0,"key":"Pantograph"},{"floor":28.0,"key":"Ornamental Fan"},{"floor":31.0,"key":"Gremlin Horn"},{"floor":36.0,"key":"Thread and Needle"},{"floor":41.0,"key":"Kunai"},{"floor":43.0,"key":"Mummified Hand"},{"floor":45.0,"key":"Mango"},{"floor":47,"key":"War Paint"}],"event_choices":[{"damage_healed":0.0,"max_hp_gain":0.0,"max_hp_loss":0.0,"gold_gain":100.0,"event_name":"Wheel of Change","player_choice":"Gold","floor":3.0,"gold_loss":0.0,"damage_taken":0.0},{"damage_healed":0.0,"max_hp_gain":0.0,"max_hp_loss":0.0,"gold_gain":0.0,"event_name":"Scrap Ooze","player_choice":"Success","floor":10.0,"gold_loss":0.0,"damage_taken":12.0,"relics_obtained":["Bag of Preparation"]},{"damage_healed":0.0,"max_hp_gain":0.0,"max_hp_loss":6.0,"gold_gain":0.0,"event_name":"Golden Idol","player_choice":"Lose Max HP","floor":11.0,"gold_loss":0.0,"damage_taken":0.0,"relics_obtained":["Golden Idol"]},{"damage_healed":0.0,"max_hp_gain":0.0,"max_hp_loss":0.0,"gold_gain":0.0,"event_name":"Addict","player_choice":"Obtained Relic","floor":20.0,"gold_loss":85.0,"damage_taken":0.0,"relics_obtained":["Oddly Smooth Stone"]},{"cards_removed":["Defend_B"],"damage_healed":0.0,"max_hp_gain":0.0,"max_hp_loss":0.0,"gold_gain":0.0,"event_name":"Back to Basics","player_choice":"Elegance","floor":21.0,"gold_loss":0.0,"damage_taken":0.0},{"damage_healed":0.0,"max_hp_gain":0.0,"max_hp_loss":0.0,"gold_gain":0.0,"event_name":"MindBloom","player_choice":"Fight","floor":36.0,"gold_loss":0.0,"damage_taken":0.0},{"damage_healed":0.0,"max_hp_gain":0.0,"max_hp_loss":0.0,"gold_gain":0.0,"event_name":"Tomb of Lord Red Mask","player_choice":"Ignored","floor":38.0,"gold_loss":0.0,"damage_taken":0.0},{"damage_healed":0,"gold_gain":0,"player_choice":"Max HP","damage_taken":0,"max_hp_gain":0,"max_hp_loss":4,"event_name":"Winding Halls","floor":48,"gold_loss":0}],"is_beta":false,"boss_relics":[{"not_picked":["Orrery","Tiny House"],"picked":"Nuclear Battery"},{"not_picked":["Pandora\u0027s Box","Coffee Dripper"],"picked":"Inserter"}],"items_purged_floors":[5,19,37],"is_endless":false,"potions_floor_spawned":[1,4,14,16,24,29,33,35,39,41,47],"ascension_level":4}