{"gold_per_floor":[99,99,99,99,99,99,99,99,99,99,99,36,36,36,36,36,36,0,0,0,0,0,0,0,0,0,0,0,0,0,0,0,0,0,0,0,0,0,0,0,0,0,0,0,0,0,0,0,0,0],"floor_reached":51,"playtime":2836,"items_purged":[],"score":1456,"play_id":"9bf0f199-d465-4282-a812-2632b7ef50e0","local_time":"20190506144211","is_ascension_mode":true,"campfire_choices":[{"data":"Whirlwind","floor":6,"key":"SMITH"},{"data":"Sword Boomerang","floor":11,"key":"SMITH"},{"floor":15,"key":"REST"},{"data":"Flame Barrier","floor":24,"key":"SMITH"},{"data":"Whirlwind","floor":27,"key":"SMITH"},{"floor":32,"key":"REST"},{"floor":40,"key":"REST"},{"floor":42,"key":"REST"},{"floor":46,"key":"REST"},{"floor":49,"key":"REST"}],"neow_cost":"NONE","seed_source_timestamp":569275878039100,"circlet_count":0,"master_deck":["AscendersBane","Strike_R+1","Strike_R+1","Strike_R+1","Strike_R+1","Strike_R+1","Defend_R+1","Defend_R+1","Defend_R+1","Defend_R+1","Bash+1","Whirlwind+1","Sword Boomerang+1","Shockwave","Disarm","Sentinel+1","Burning Pact","Pain","Corruption","Impervious","Flame Barrier+1","Ghostly Armor","J.A.X.","Whirlwind+1","Shockwave+1","Feel No Pain","Rupture","Impervious","Rupture","Battle Trance","Flame Barrier","Battle Trance","Parasite","Ghostly Armor"],"relics":["Ectoplasm","Tiny Chest","The Courier","WarpedTongs","Snecko Eye","Bag of Preparation","Whetstone","Kunai","Paper Frog","Lizard Tail","Happy Flower","Pear"],"potions_floor_usage":[7,16,23,41,41,50],"damage_taken":[{"damage":2,"enemies":"Jaw Worm","floor":1,"turns":3},{"damage":0,"enemies":"Cultist","floor":2,"turns":3},{"damage":0,"enemies":"Small Slimes","floor":3,"turns":3},{"damage":8,"enemies":"3 Louse","floor":4,"turns":2},{"damage":2,"enemies":"Exordium Wildlife","floor":5,"turns":2},{"damage":0,"enemies":"3 Sentries","floor":7,"turns":1},{"damage":12,"enemies":"Red Slaver","floor":8,"turns":4},{"damage":1,"enemies":"2 Fungi Beasts","floor":13,"turns":1},{"damage":14,"enemies":"Blue Slaver","floor":14,"turns":4},{"damage":12,"enemies":"Slime Boss","floor":16,"turns":8},{"damage":5,"enemies":"2 Thieves","floor":18,"turns":3},{"damage":26,"enemies":"Chosen","floor":19,"turns":5},{"damage":1,"enemies":"Snecko","floor":20,"turns":4},{"damage":8,"enemies":"Gremlin Leader","floor":23,"turns":5},{"damage":9,"enemies":"Slavers","floor":25,"turns":5},{"damage":4,"enemies":"Book of Stabbing","floor":28,"turns":5},{"damage":14,"enemies":"Cultist and Chosen","floor":29,"turns":2},{"damage":1,"enemies":"Shelled Parasite and Fungi","floor":31,"turns":3},{"damage":20,"enemies":"Collector","floor":33,"turns":7},{"damage":23,"enemies":"3 Shapes","floor":35,"turns":4},{"damage":15,"enemies":"3 Darklings","floor":36,"turns":3},{"damage":8,"enemies":"Spire Growth","floor":38,"turns":3},{"damage":49,"enemies":"4 Shapes","floor":39,"turns":3},{"damage":11,"enemies":"Nemesis","floor":41,"turns":5},{"damage":9,"enemies":"Writhing Mass","floor":44,"turns":6},{"damage":7,"enemies":"Maw","floor":47,"turns":5},{"damage":11,"enemies":"Transient","floor":48,"turns":5},{"damage":55,"enemies":"Awakened One","floor":50,"turns":6}],"seed_played":"-1865914303821170844","potions_obtained":[{"floor":4,"key":"Explosive Potion"},{"floor":5,"key":"PowerPotion"},{"floor":7,"key":"EssenceOfSteel"},{"floor":19,"key":"Swift Potion"},{"floor":20,"key":"Regen Potion"},{"floor":25,"key":"Poison Potion"},{"floor":44,"key":"Energy Potion"}],"is_trial":false,"path_per_floor":["M","M","M","M","M","R","E","M","T","?","R","$","M","M","R","B",null,"M","M","M","?","?","E","R","E","T","R","E","M","$","M","R","B",null,"M","M","?","M","M","R","E","R","T","M","?","R","M","M","R","B",null],"character_chosen":"IRONCLAD","items_purchased":["Corruption"],"campfire_rested":6,"item_purchase_floors":[12],"current_hp_per_floor":[66,66,66,58,56,56,56,44,44,44,44,44,43,29,51,39,66,61,35,34,34,34,38,38,29,29,29,25,11,11,10,32,12,59,36,21,61,53,4,22,11,29,39,30,30,51,44,33,54,34],"gold":0,"neow_bonus":"BOSS_RELIC","is_prod":false,"is_daily":false,"chose_seed":false,"campfire_upgraded":4,"win_rate":0,"timestamp":1557146531,"path_taken":["M","M","M","M","M","R","E","M","T","?","R","$","?","M","R","BOSS","M","M","M","?","?","E","R","E","T","R","E","M","$","M","R","BOSS","M","M","?","M","M","R","E","R","T","M","?","R","M","?","R","BOSS"],"build_version":"2019-01-23","purchased_purges":0,"victory":true,"max_hp_per_floor":[75,75,75,75,75,75,75,75,75,75,75,75,75,75,75,75,75,75,75,75,75,75,75,75,75,75,75,75,75,75,75,75,75,75,75,75,61,61,61,61,61,61,71,71,71,71,71,71,71,71],"card_choices":[{"not_picked":["Pommel Strike","Sword Boomerang"],"picked":"Whirlwind","floor":1},{"not_picked":["Second Wind","Clash","Perfected Strike"],"picked":"SKIP","floor":2},{"not_picked":["Feel No Pain","Iron Wave"],"picked":"Sword Boomerang","floor":3},{"not_picked":["Armaments","Thunderclap"],"picked":"Shockwave","floor":4},{"not_picked":["Warcry","Rage"],"picked":"Disarm","floor":5},{"not_picked":["Anger","Hemokinesis"],"picked":"Sentinel","floor":7},{"not_picked":["Berserk","Bloodletting"],"picked":"Burning Pact","floor":8},{"not_picked":["Clothesline","Thunderclap","Wild Strike"],"picked":"SKIP","floor":13},{"not_picked":["Twin Strike","Dropkick","Evolve"],"picked":"SKIP","floor":14},{"not_picked":["Immolate","Dark Embrace"],"picked":"Impervious","floor":16},{"not_picked":["Battle Trance","Headbutt"],"picked":"Flame Barrier","floor":18},{"not_picked":["Evolve","Dual Wield"],"picked":"Ghostly Armor","floor":19},{"not_picked":["Clothesline+1","Twin Strike","Headbutt"],"picked":"SKIP","floor":20},{"not_picked":["Bloodletting","Burning Pact","Sword Boomerang"],"picked":"SKIP","floor":23},{"not_picked":["Havoc","Seeing Red"],"picked":"Whirlwind","floor":25},{"not_picked":["Twin Strike","Rage+1"],"picked":"Shockwave+1","floor":28},{"not_picked":["Flex+1","Feed"],"picked":"Feel No Pain","floor":29},{"not_picked":["Body Slam","Pummel"],"picked":"Rupture","floor":31},{"not_picked":["Double Tap","Demon Form"],"picked":"Impervious","floor":33},{"not_picked":["Pommel Strike","Wild Strike+1"],"picked":"Rupture","floor":35},{"not_picked":["Flex","Sword Boomerang+1","Cleave"],"picked":"SKIP","floor":36},{"not_picked":["Warcry","Dropkick+1"],"picked":"Battle Trance","floor":38},{"not_picked":["Corruption","Cleave+1"],"picked":"Flame Barrier","floor":39},{"not_picked":["Demon Form","Corruption"],"picked":"Battle Trance","floor":41},{"not_picked":["Flex+1","Entrench","Havoc"],"picked":"SKIP","floor":44},{"not_picked":["Hemokinesis","Anger","Dropkick+1"],"picked":"SKIP","floor":47},{"not_picked":["Sever Soul","Armaments"],"picked":"Ghostly Armor","floor":48}],"player_experience":1145211,"relics_obtained":[{"floor":7,"key":"Tiny Chest"},{"floor":9,"key":"The Courier"},{"floor":23,"key":"Bag of Preparation"},{"floor":25,"key":"Whetstone"},{"floor":26,"key":"Kunai"},{"floor":28,"key":"Paper Frog"},{"floor":41,"key":"Happy Flower"},{"floor":43,"key":"Pear"}],"event_choices":[{"damage_healed":0,"gold_gain":0,"player_choice":"Rummage","damage_taken":0,"relics_obtained":["WarpedTongs"],"max_hp_gain":0,"max_hp_loss":0,"event_name":"Accursed Blacksmith","floor":10,"gold_loss":0,"cards_obtained":["Pain"]},{"damage_healed":0,"gold_gain":0,"player_choice":"Simplicity","damage_taken":0,"max_hp_gain":0,"max_hp_loss":0,"event_name":"Back to Basics","floor":21,"gold_loss":0,"cards_upgraded":["Strike_R","Strike_R","Strike_R","Strike_R","Strike_R","Defend_R","Defend_R","Defend_R","Defend_R"]},{"damage_healed":0,"gold_gain":0,"player_choice":"Obtain J.A.X.","damage_taken":0,"max_hp_gain":0,"max_hp_loss":0,"event_name":"Drug Dealer","floor":22,"gold_loss":0,"cards_obtained":["J.A.X."]},{"damage_healed":61,"gold_gain":0,"player_choice":"Heal","damage_taken":0,"max_hp_gain":0,"max_hp_loss":14,"event_name":"The Moai Head","floor":37,"gold_loss":0},{"damage_healed":0,"gold_gain":0,"player_choice":"Upgraded","damage_taken":0,"max_hp_gain":0,"max_hp_loss":0,"event_name":"Upgrade Shrine","floor":45,"gold_loss":0,"cards_upgraded":["Sentinel"]}],"is_beta":false,"boss_relics":[{"not_picked":["Sozu","Pandora\u0027s Box"],"picked":"Snecko Eye"},{"not_picked":["Astrolabe","Cursed Key"],"picked":"Lizard Tail"}],"items_purged_floors":[],"is_endless":false,"potions_floor_spawned":[4,5,7,19,20,25,28,31,36,44],"ascension_level":16}