{"gold_per_floor":[368,368,383,402,33,33,66,66,66,31,46,62,91,24,24,24],"floor_reached":16,"playtime":886,"items_purged":["Clumsy"],"score":193,"play_id":"566480f5-628d-438a-9ed4-d42f1b9a0e85","local_time":"20190327202757","is_ascension_mode":true,"campfire_choices":[{"data":"Bash","floor":6,"key":"SMITH"},{"data":"Inflame","floor":8,"key":"SMITH"},{"data":"Intimidate","floor":15,"key":"SMITH"}],"neow_cost":"CURSE","seed_source_timestamp":1389765030358246,"circlet_count":0,"master_deck":["AscendersBane","Strike_R","Strike_R","Strike_R","Strike_R","Defend_R","Defend_R","Defend_R","Defend_R","Bash+1","Sever Soul","Twin Strike","Reaper","Inflame+1","Spot Weakness","Intimidate+1","Spot Weakness"],"relics":["Burning Blood","Ancient Tea Set","Gremlin Horn","PreservedInsect","Molten Egg 2"],"potions_floor_usage":[7,16,16],"damage_taken":[{"damage":7,"enemies":"Jaw Worm","floor":1,"turns":5},{"damage":14,"enemies":"Small Slimes","floor":3,"turns":4},{"damage":8,"enemies":"2 Louse","floor":4,"turns":2},{"damage":25,"enemies":"3 Sentries","floor":7,"turns":11},{"damage":7,"enemies":"2 Fungi Beasts","floor":11,"turns":2},{"damage":31,"enemies":"Gremlin Gang","floor":12,"turns":4},{"damage":32,"enemies":"Gremlin Nob","floor":13,"turns":4},{"damage":56,"enemies":"Slime Boss","floor":16,"turns":6}],"seed_played":"-8171163880601505941","potions_obtained":[{"floor":3,"key":"Fire Potion"},{"floor":4,"key":"FearPotion"},{"floor":12,"key":"Swift Potion"}],"is_trial":false,"path_per_floor":["M","?","M","M","$","R","E","R","T","?","M","M","E","$","R","B"],"character_chosen":"IRONCLAD","items_purchased":["Reaper","Ancient Tea Set","Spot Weakness"],"campfire_rested":0,"item_purchase_floors":[5,5,14],"current_hp_per_floor":[67,67,59,57,57,57,50,50,50,68,74,63,43,43,43,0],"gold":24,"neow_bonus":"TWO_FIFTY_GOLD","is_prod":false,"is_daily":false,"chose_seed":false,"campfire_upgraded":3,"win_rate":0,"timestamp":1553718477,"path_taken":["M","?","M","M","$","R","E","R","T","?","M","M","E","$","R","BOSS"],"build_version":"2019-01-23","purchased_purges":1,"victory":false,"max_hp_per_floor":[75,75,75,75,75,75,75,75,75,75,75,75,75,75,75,75],"card_choices":[{"not_picked":["Havoc","Flex","Wild Strike"],"picked":"SKIP","floor":1},{"not_picked":["Searing Blow","Shrug It Off"],"picked":"Twin Strike","floor":3},{"not_picked":["Havoc","Anger","Perfected Strike"],"picked":"SKIP","floor":4},{"not_picked":["Heavy Blade","Metallicize"],"picked":"Inflame","floor":7},{"not_picked":["Cleave","Pommel Strike"],"picked":"Spot Weakness","floor":11},{"not_picked":["Sword Boomerang","Blood for Blood"],"picked":"Intimidate","floor":12},{"not_picked":["Wild Strike","True Grit","Twin Strike"],"picked":"SKIP","floor":13}],"player_experience":1653748,"relics_obtained":[{"floor":7,"key":"Gremlin Horn"},{"floor":9,"key":"PreservedInsect"},{"floor":13,"key":"Molten Egg 2"}],"event_choices":[{"damage_healed":0,"gold_gain":0,"cards_transformed":["Strike_R"],"player_choice":"Change","damage_taken":0,"max_hp_gain":0,"max_hp_loss":0,"event_name":"Living Wall","floor":2,"gold_loss":0,"cards_obtained":["Sever Soul"]},{"damage_healed":18,"gold_gain":0,"player_choice":"Healed","damage_taken":0,"max_hp_gain":0,"max_hp_loss":0,"event_name":"The Cleric","floor":10,"gold_loss":35}],"is_beta":false,"boss_relics":[],"items_purged_floors":[5],"is_endless":false,"potions_floor_spawned":[3,4,12,13],"killed_by":"Slime Boss","ascension_level":15}