{"gold_per_floor":[116,17,37,37,37,67,67,84,84,115,128,128,128,154,154,249,249,259,113,131,131,146,146,146,175,175,185,185,185,100,115,115,212,212,227,227,227,241,254,254,268,294,294,294,89,107,84,102,102,102],"floor_reached":50,"playtime":2572,"items_purged":["Strike_G"],"score":667,"play_id":"5a2eac68-a39c-4e82-808e-e7f91c40030d","local_time":"20190408183518","is_ascension_mode":true,"campfire_choices":[{"data":"Die Die Die","floor":7.0,"key":"SMITH"},{"data":"Dagger Spray","floor":12.0,"key":"SMITH"},{"data":"Backflip","floor":15.0,"key":"SMITH"},{"floor":23.0,"key":"REST"},{"data":"A Thousand Cuts","floor":28.0,"key":"SMITH"},{"floor":32.0,"key":"REST"},{"data":"Bouncing Flask","floor":40.0,"key":"SMITH"},{"floor":49,"key":"REST"}],"neow_cost":"NONE","seed_source_timestamp":0,"circlet_count":0,"master_deck":["Defend_G+1","Defend_G+1","Defend_G+1","Strike_G+1","Survivor","Neutralize","Flying Knee","Backflip","Backstab","Die Die Die+1","Deadly Poison","Dagger Spray+1","Backflip+1","Underhanded Strike","A Thousand Cuts+1","Bouncing Flask+1","Backstab","Footwork+1","Necronomicurse","Cloak And Dagger","Dodge and Roll+1","Leg Sweep+1","Corpse Explosion+1","Crippling Poison+1","Dagger Throw+1","Deadly Poison+1","Reflex+1","Envenom","Cloak And Dagger+1","Poisoned Stab","Caltrops"],"special_seed":0,"relics":["Ring of the Snake","NeowsBlessing","Sundial","Ninja Scroll","Potion Belt","Singing Bowl","Sozu","Necronomicon","Pear","Pantograph","Toxic Egg 2","Empty Cage","Torii","StoneCalendar"],"potions_floor_usage":[50],"damage_taken":[{"damage":0.0,"enemies":"Cultist","floor":1.0,"turns":1.0},{"damage":0.0,"enemies":"Jaw Worm","floor":3.0,"turns":1.0},{"damage":0.0,"enemies":"Lagavulin","floor":6.0,"turns":1.0},{"damage":0.0,"enemies":"2 Louse","floor":8.0,"turns":2.0},{"damage":5.0,"enemies":"3 Sentries","floor":10.0,"turns":6.0},{"damage":9.0,"enemies":"Exordium Thugs","floor":11.0,"turns":3.0},{"damage":4.0,"enemies":"Gremlin Nob","floor":14.0,"turns":3.0},{"damage":20.0,"enemies":"The Guardian","floor":16.0,"turns":11.0},{"damage":6.0,"enemies":"2 Thieves","floor":18.0,"turns":3.0},{"damage":7.0,"enemies":"Chosen","floor":20.0,"turns":3.0},{"damage":19.0,"enemies":"Snecko","floor":22.0,"turns":5.0},{"damage":9.0,"enemies":"Gremlin Leader","floor":25.0,"turns":6.0},{"damage":18.0,"enemies":"Shelled Parasite and Fungi","floor":27.0,"turns":5.0},{"damage":18.0,"enemies":"Snake Plant","floor":31.0,"turns":3.0},{"damage":48.0,"enemies":"Collector","floor":33.0,"turns":9.0},{"damage":1.0,"enemies":"3 Shapes","floor":35.0,"turns":4.0},{"damage":5.0,"enemies":"3 Darklings","floor":38.0,"turns":3.0},{"damage":4.0,"enemies":"Jaw Worm Horde","floor":39.0,"turns":2.0},{"damage":0.0,"enemies":"4 Shapes","floor":41.0,"turns":3.0},{"damage":10.0,"enemies":"Reptomancer","floor":42.0,"turns":8.0},{"damage":6.0,"enemies":"Sphere and 2 Shapes","floor":46.0,"turns":5.0},{"damage":10.0,"enemies":"Jaw Worm Horde","floor":48.0,"turns":3.0},{"damage":89,"enemies":"Awakened One","floor":50,"turns":12}],"seed_played":"4762042360989218811","potions_obtained":[{"floor":6.0,"key":"Energy Potion"},{"floor":8.0,"key":"Swift Potion"},{"floor":11.0,"key":"Explosive Potion"}],"is_trial":false,"path_per_floor":["M","$","M","?","$","E","R","M","T","E","M","R","?","E","R","B",null,"M","$","M","?","M","R","?","E","T","M","R","?","?","M","R","B",null,"M","?","?","M","M","R","M","E","T","?","$","M","$","M","R","B"],"character_chosen":"THE_SILENT","items_purchased":["Backflip","Backstab","Backstab","Envenom","Cloak And Dagger+1","Poisoned Stab"],"campfire_rested":3,"item_purchase_floors":[2,2,19,45,45,47],"current_hp_per_floor":[70,70,70,70,70,70,70,70,70,65,56,56,56,54,54,34,72,66,66,59,43,24,45,45,48,48,30,30,30,30,12,37,14,84,83,80,80,77,73,73,73,65,65,65,65,61,61,51,76,0],"gold":102,"neow_bonus":"THREE_ENEMY_KILL","is_prod":false,"is_daily":false,"chose_seed":false,"campfire_upgraded":5,"win_rate":0,"timestamp":1554741318,"path_taken":["M","$","?","?","?","E","R","M","T","E","M","R","?","E","R","BOSS","M","$","M","?","M","R","?","E","T","M","R","?","?","M","R","BOSS","M","?","?","?","?","R","M","E","T","?","$","M","$","?","R","BOSS"],"build_version":"2019-01-23","purchased_purges":1,"victory":false,"max_hp_per_floor":[70,70,70,70,70,70,70,70,70,70,70,70,70,72,72,72,72,72,72,72,72,72,72,72,84,84,84,84,84,84,84,84,84,84,84,80,80,82,82,82,82,84,84,84,84,86,86,86,86,86],"card_choices":[{"not_picked":["Bane","Slice"],"picked":"Flying Knee","floor":1.0},{"not_picked":["Predator","Slice","Outmaneuver"],"picked":"SKIP","floor":3.0},{"not_picked":["Tools of the Trade","Well Laid Plans"],"picked":"Die Die Die","floor":6.0},{"not_picked":["Masterful Stab","Dagger Spray"],"picked":"Deadly Poison","floor":8.0},{"not_picked":["All Out Attack","Predator"],"picked":"Dagger Spray","floor":10.0},{"not_picked":["PiercingWail","Outmaneuver"],"picked":"Backflip","floor":11.0},{"not_picked":["Prepared","PiercingWail","Bane"],"picked":"Singing Bowl","floor":14.0},{"not_picked":["Wraith Form v2","Venomology"],"picked":"A Thousand Cuts","floor":16.0},{"not_picked":["Outmaneuver","Blade Dance"],"picked":"Bouncing Flask","floor":18.0},{"not_picked":["Riddle With Holes","PiercingWail+1"],"picked":"Footwork","floor":20.0},{"not_picked":["Bane","Dagger Spray"],"picked":"Cloak And Dagger","floor":22.0},{"not_picked":["Flechettes","All Out Attack","PiercingWail"],"picked":"Singing Bowl","floor":25.0},{"not_picked":["Deflect","Bane"],"picked":"Dodge and Roll+1","floor":27.0},{"not_picked":["Caltrops","Backflip+1"],"picked":"Leg Sweep+1","floor":31.0},{"not_picked":["Night Terror+1","Venomology+1"],"picked":"Corpse Explosion+1","floor":33.0},{"not_picked":["Expertise+1","Distraction+1"],"picked":"Crippling Poison+1","floor":35.0},{"not_picked":["Flechettes","Sucker Punch","Slice"],"picked":"Singing Bowl","floor":38.0},{"not_picked":["Dodge and Roll+1","Sucker Punch"],"picked":"Dagger Throw+1","floor":39.0},{"not_picked":["Underhanded Strike+1","Reflex+1"],"picked":"Deadly Poison+1","floor":41.0},{"not_picked":["PiercingWail+1","Underhanded Strike","Concentrate+1"],"picked":"Singing Bowl","floor":42.0},{"not_picked":["PiercingWail+1","Endless Agony+1","Caltrops"],"picked":"Singing Bowl","floor":46.0},{"not_picked":["Finisher","Poisoned Stab+1"],"picked":"Caltrops","floor":48.0}],"player_experience":266849,"relics_obtained":[{"floor":6.0,"key":"Sundial"},{"floor":9.0,"key":"Ninja Scroll"},{"floor":10.0,"key":"Potion Belt"},{"floor":14.0,"key":"Singing Bowl"},{"floor":21.0,"key":"Necronomicon"},{"floor":25.0,"key":"Pear"},{"floor":26.0,"key":"Pantograph"},{"floor":42.0,"key":"Torii"},{"floor":43.0,"key":"StoneCalendar"}],"event_choices":[{"cards_removed":["Defend_G"],"damage_healed":0.0,"max_hp_gain":0.0,"max_hp_loss":0.0,"gold_gain":0.0,"event_name":"Bonfire Elementals","player_choice":"Offered Basic","floor":4.0,"gold_loss":0.0,"damage_taken":0.0},{"damage_healed":0.0,"max_hp_gain":0.0,"max_hp_loss":0.0,"gold_gain":0.0,"cards_transformed":["Strike_G"],"event_name":"Transmorgrifier","player_choice":"Transformed","floor":13.0,"gold_loss":0.0,"damage_taken":0.0,"cards_obtained":["Underhanded Strike"]},{"damage_healed":0.0,"max_hp_gain":0.0,"max_hp_loss":0.0,"gold_gain":0.0,"event_name":"Cursed Tome","player_choice":"Obtained Book","floor":21.0,"gold_loss":0.0,"damage_taken":16.0},{"damage_healed":0.0,"max_hp_gain":0.0,"max_hp_loss":0.0,"gold_gain":0.0,"event_name":"Vampires","player_choice":"Ignored","floor":24.0,"gold_loss":0.0,"damage_taken":0.0},{"damage_healed":0.0,"max_hp_gain":0.0,"max_hp_loss":0.0,"gold_gain":0.0,"event_name":"Back to Basics","player_choice":"Simplicity","floor":29.0,"gold_loss":0.0,"damage_taken":0.0,"cards_upgraded":["Defend_G","Defend_G","Defend_G","Defend_G","Strike_G","Strike_G","Strike_G"]},{"damage_healed":0.0,"max_hp_gain":0.0,"max_hp_loss":0.0,"gold_gain":0.0,"event_name":"Addict","player_choice":"Obtained Relic","floor":30.0,"gold_loss":85.0,"damage_taken":0.0,"relics_obtained":["Toxic Egg 2"]},{"damage_healed":0.0,"max_hp_gain":0.0,"max_hp_loss":4.0,"gold_gain":0.0,"event_name":"Winding Halls","player_choice":"Max HP","floor":36.0,"gold_loss":0.0,"damage_taken":0.0},{"damage_healed":0.0,"max_hp_gain":0.0,"max_hp_loss":0.0,"gold_gain":0.0,"event_name":"Accursed Blacksmith","player_choice":"Forge","floor":37.0,"gold_loss":0.0,"damage_taken":0.0,"cards_upgraded":["Footwork"]},{"damage_healed":0.0,"max_hp_gain":0.0,"max_hp_loss":0.0,"gold_gain":0.0,"cards_transformed":["Strike_G"],"event_name":"Transmorgrifier","player_choice":"Transformed","floor":44.0,"gold_loss":0.0,"damage_taken":0.0,"cards_obtained":["Reflex"]}],"is_beta":false,"boss_relics":[{"not_picked":["Runic Dome","Coffee Dripper"],"picked":"Sozu"},{"not_picked":["Velvet Choker","Pandora\u0027s Box"],"picked":"Empty Cage"}],"items_purged_floors":[19],"is_endless":false,"potions_floor_spawned":[6,8,11,18,25,27,31,35,41,48],"killed_by":"Awakened One","ascension_level":4}