{"gold_per_floor":[118,138,157,167,181,181,181,207,230,265,265,300,312,324],"floor_reached":14,"playtime":521,"items_purged":[],"score":171,"play_id":"bd50654f-44ba-4ffa-a776-bd7a8e6318f2","local_time":"20190417211333","is_ascension_mode":true,"campfire_choices":[{"data":"Corpse Explosion","floor":6,"key":"SMITH"}],"neow_cost":"NONE","seed_source_timestamp":381537771819151,"circlet_count":0,"master_deck":["AscendersBane","Defend_G","Defend_G","Defend_G","Defend_G","Defend_G","Strike_G","Strike_G","Strike_G","Strike_G","Strike_G","Survivor","Neutralize","Riddle With Holes","Slice","Corpse Explosion+1","Quick Slash","Dagger Spray","Dash","Noxious Fumes+1"],"relics":["Ring of the Snake","Pantograph","Bronze Scales","Regal Pillow","MawBank"],"potions_floor_usage":[8,12],"damage_taken":[{"damage":6,"enemies":"Cultist","floor":1,"turns":5},{"damage":0,"enemies":"Small Slimes","floor":2,"turns":3},{"damage":1,"enemies":"2 Louse","floor":3,"turns":3},{"damage":3,"enemies":"Blue Slaver","floor":4,"turns":5},{"damage":5,"enemies":"Gremlin Gang","floor":5,"turns":4},{"damage":26,"enemies":"Gremlin Nob","floor":8,"turns":4},{"damage":20,"enemies":"Lagavulin","floor":10,"turns":5},{"damage":6,"enemies":"Gremlin Nob","floor":12,"turns":4},{"damage":15,"enemies":"Lagavulin","floor":14,"turns":3}],"seed_played":"-8006708485669493292","potions_obtained":[{"floor":1,"key":"Ancient Potion"},{"floor":5,"key":"FearPotion"},{"floor":8,"key":"GhostInAJar"},{"floor":12,"key":"SpeedPotion"}],"is_trial":false,"path_per_floor":["M","M","M","M","M","R","?","E","T","E","?","E","?","E"],"character_chosen":"THE_SILENT","items_purchased":[],"campfire_rested":0,"item_purchase_floors":[],"current_hp_per_floor":[64,64,63,60,55,55,60,34,34,14,14,8,8,0],"gold":324,"neow_bonus":"TEN_PERCENT_HP_BONUS","is_prod":false,"is_daily":false,"chose_seed":false,"campfire_upgraded":1,"win_rate":0,"timestamp":1555560813,"path_taken":["M","M","M","M","?","R","?","E","T","E","?","E","?","E"],"build_version":"2019-01-23","purchased_purges":0,"victory":false,"max_hp_per_floor":[77,77,77,77,77,77,82,82,82,82,82,82,82,82],"card_choices":[{"not_picked":["Cloak And Dagger","Blade Dance"],"picked":"Riddle With Holes","floor":1},{"not_picked":["Deflect","Prepared"],"picked":"Slice","floor":2},{"not_picked":["Dagger Throw","Underhanded Strike"],"picked":"Corpse Explosion","floor":3},{"not_picked":["Reflex","Catalyst"],"picked":"Quick Slash","floor":4},{"not_picked":["Backflip","Catalyst"],"picked":"Dagger Spray","floor":5},{"not_picked":["Deflect","Underhanded Strike"],"picked":"Dash","floor":8},{"not_picked":["Endless Agony","Underhanded Strike","Deflect"],"picked":"SKIP","floor":10},{"not_picked":["Footwork","Finisher"],"picked":"Noxious Fumes","floor":12}],"player_experience":252784,"relics_obtained":[{"floor":8,"key":"Pantograph"},{"floor":9,"key":"Bronze Scales"},{"floor":10,"key":"Regal Pillow"},{"floor":12,"key":"MawBank"}],"event_choices":[{"damage_healed":0,"gold_gain":0,"player_choice":"Donut","damage_taken":0,"max_hp_gain":5,"max_hp_loss":0,"event_name":"Big Fish","floor":7,"gold_loss":0},{"damage_healed":0,"gold_gain":0,"player_choice":"Ignored","damage_taken":0,"max_hp_gain":0,"max_hp_loss":0,"event_name":"Liars Game","floor":11,"gold_loss":0},{"damage_healed":0,"gold_gain":0,"player_choice":"Grow","damage_taken":0,"max_hp_gain":0,"max_hp_loss":0,"event_name":"Living Wall","floor":13,"gold_loss":0,"cards_upgraded":["Noxious Fumes"]}],"is_beta":false,"boss_relics":[],"items_purged_floors":[],"is_endless":false,"potions_floor_spawned":[1,5,8,12],"killed_by":"Lagavulin","ascension_level":11}