{"gold_per_floor":[119,131,149,162,172,172,132,132,158,172,190,216,241,267,279,387,399,431,205,120,133,43,71,90,90,90,90,109,128,128,161,161,161],"floor_reached":33,"playtime":1466,"items_purged":[],"score":377,"play_id":"0651ff5c-006c-48ac-916c-e19f69e40cfd","local_time":"20190415234347","is_ascension_mode":true,"campfire_choices":[{"data":"Loop","floor":6,"key":"SMITH"},{"data":"Hello World","floor":8,"key":"SMITH"},{"data":"Hologram","floor":15,"key":"SMITH"},{"data":"Electrodynamics","floor":25,"key":"SMITH"},{"floor":27,"key":"RECALL"},{"data":"Defragment","floor":30,"key":"SMITH"},{"data":"Defragment","floor":32,"key":"SMITH"}],"neow_cost":"NONE","seed_source_timestamp":522242854086900,"circlet_count":0,"master_deck":["Zap","Dualcast","Ball Lightning","Loop+1","Ball Lightning","Auto Shields","Conserve Battery","Hello World+1","Leap","Conserve Battery","Self Repair","Cold Snap","Hologram+1","Fission","Skim","Chaos","Fusion","Blizzard","Compile Driver","Go for the Eyes","Lockon","Hologram+1","Aggregate+1","Electrodynamics+1","Redo+1","Fusion+1","Defragment+1","Defragment+1"],"relics":["Coffee Dripper","Oddly Smooth Stone","MawBank","Pandora\u0027s Box","Letter Opener","PreservedInsect","Omamori","Anchor"],"potions_floor_usage":[16,23,31],"damage_taken":[{"damage":0,"enemies":"Cultist","floor":1,"turns":4},{"damage":3,"enemies":"2 Louse","floor":2,"turns":3},{"damage":2,"enemies":"Small Slimes","floor":3,"turns":3},{"damage":3,"enemies":"Blue Slaver","floor":4,"turns":3},{"damage":15,"enemies":"Large Slime","floor":5,"turns":4},{"damage":0,"enemies":"2 Fungi Beasts","floor":10,"turns":3},{"damage":7,"enemies":"Exordium Wildlife","floor":11,"turns":4},{"damage":2,"enemies":"Lagavulin","floor":12,"turns":4},{"damage":0,"enemies":"Looter","floor":13,"turns":4},{"damage":14,"enemies":"3 Louse","floor":14,"turns":3},{"damage":0,"enemies":"Slime Boss","floor":16,"turns":8},{"damage":12,"enemies":"Chosen","floor":18,"turns":5},{"damage":0,"enemies":"Spheric Guardian","floor":21,"turns":3},{"damage":7,"enemies":"Book of Stabbing","floor":23,"turns":5},{"damage":20,"enemies":"Shelled Parasite and Fungi","floor":24,"turns":5},{"damage":6,"enemies":"3 Cultists","floor":28,"turns":4},{"damage":13,"enemies":"Snake Plant","floor":29,"turns":4},{"damage":19,"enemies":"Gremlin Leader","floor":31,"turns":4},{"damage":28,"enemies":"Champ","floor":33,"turns":5}],"seed_played":"5865039157803113993","potions_obtained":[{"floor":1,"key":"SkillPotion"},{"floor":3,"key":"AttackPotion"},{"floor":5,"key":"FocusPotion"},{"floor":18,"key":"FearPotion"},{"floor":23,"key":"SteroidPotion"},{"floor":24,"key":"Energy Potion"}],"is_trial":false,"path_per_floor":["M","M","M","M","M","R","$","R","T","M","M","E","M","M","R","B",null,"M","$","?","M","?","E","M","R","T","R","M","M","R","E","R","B"],"character_chosen":"DEFECT","items_purchased":["Hello World","Letter Opener"],"campfire_rested":0,"item_purchase_floors":[7,19],"current_hp_per_floor":[75,72,70,67,52,52,52,52,52,52,45,43,50,36,36,43,75,70,70,70,70,70,63,50,50,50,50,51,45,45,26,26,0],"gold":161,"neow_bonus":"BOSS_RELIC","is_prod":false,"is_daily":false,"chose_seed":false,"campfire_upgraded":6,"win_rate":0,"timestamp":1555364627,"path_taken":["M","M","M","M","M","R","$","R","T","M","M","E","M","M","R","BOSS","M","$","?","M","?","E","?","R","T","R","M","M","R","E","R","BOSS"],"build_version":"2019-01-23","purchased_purges":0,"victory":false,"max_hp_per_floor":[75,75,75,75,75,75,75,75,75,75,75,75,75,75,75,75,75,75,75,75,75,75,75,75,75,75,75,75,75,75,75,75,75],"card_choices":[{"not_picked":["Force Field","Sweeping Beam"],"picked":"Ball Lightning","floor":1},{"not_picked":["Coolheaded","Steam"],"picked":"Loop","floor":2},{"not_picked":["Stack","Turbo"],"picked":"Ball Lightning","floor":3},{"not_picked":["Beam Cell","Barrage"],"picked":"Auto Shields","floor":4},{"not_picked":["Recycle","Biased Cognition"],"picked":"Conserve Battery","floor":5},{"not_picked":["Go for the Eyes","Streamline"],"picked":"Leap","floor":10},{"not_picked":["Blizzard","BootSequence"],"picked":"Conserve Battery","floor":11},{"not_picked":["Steam Power","Reboot"],"picked":"Self Repair","floor":12},{"not_picked":["Steam","Redo"],"picked":"Cold Snap","floor":13},{"not_picked":["Streamline","Force Field"],"picked":"Hologram","floor":14},{"not_picked":["Multi-Cast","All For One"],"picked":"Fission","floor":16},{"not_picked":["Aggregate","Genetic Algorithm"],"picked":"Hologram","floor":18},{"not_picked":["Ball Lightning","Redo"],"picked":"Aggregate+1","floor":21},{"not_picked":["Reprogram","BootSequence"],"picked":"Electrodynamics","floor":23},{"not_picked":["Beam Cell","Rip and Tear"],"picked":"Redo+1","floor":24},{"not_picked":["Chill","Reinforced Body"],"picked":"Fusion+1","floor":28},{"not_picked":["Cold Snap","Storm+1"],"picked":"Defragment","floor":29},{"not_picked":["All For One","Compile Driver+1"],"picked":"Defragment","floor":31}],"player_experience":480294,"relics_obtained":[{"floor":9,"key":"Oddly Smooth Stone"},{"floor":12,"key":"MawBank"},{"floor":23,"key":"Omamori"},{"floor":31,"key":"Anchor"}],"event_choices":[{"damage_healed":0,"gold_gain":0,"player_choice":"Obtained Relic","damage_taken":0,"relics_obtained":["PreservedInsect"],"max_hp_gain":0,"max_hp_loss":0,"event_name":"Addict","floor":20,"gold_loss":85},{"cards_removed":["Scrape"],"damage_healed":0,"gold_gain":0,"player_choice":"Upgrade and Remove","damage_taken":0,"max_hp_gain":0,"max_hp_loss":0,"event_name":"Designer","floor":22,"gold_loss":90,"cards_upgraded":["Hologram"]}],"is_beta":false,"boss_relics":[{"not_picked":["Calling Bell","Runic Dome"],"picked":"Pandora\u0027s Box"}],"items_purged_floors":[],"is_endless":false,"potions_floor_spawned":[1,3,5,14,18,23,24],"killed_by":"Champ","ascension_level":2}