{"gold_per_floor":[116,116,116,7,26,26,26,60,84,149,2,19,39,59,59,160,160,172,183,19,19,42,42,73,88,135,135,135],"floor_reached":28,"playtime":1257,"items_purged":[],"score":283,"play_id":"cae9044a-6bf5-43ed-b7e8-a0f4ae0fd29e","local_time":"20190501065817","is_ascension_mode":true,"campfire_choices":[{"data":"Enlightenment","floor":6.0,"key":"SMITH"},{"floor":15.0,"key":"REST"},{"floor":23,"key":"REST"},{"floor":27,"key":"REST"}],"neow_cost":"NONE","seed_source_timestamp":329843524953084,"circlet_count":0,"master_deck":["Strike_B","Strike_B","Strike_B","Strike_B","Defend_B","Defend_B","Defend_B","Defend_B","Zap","Dualcast","Consume","Enlightenment+1","Streamline","Glacier","Capacitor","Echo Form","Redo+1","Reinforced Body+1","Thunder Strike","Loop","Bandage Up+1","Defragment","Shame","Chill+1","Fusion+1","Loop"],"special_seed":0,"relics":["Cracked Core","Lantern","Matryoshka","Toxic Egg 2","Smiling Mask","Tiny Chest","Happy Flower","Fusion Hammer","Dream Catcher","Vajra","DataDisk","Bronze Scales"],"potions_floor_usage":[24,25],"damage_taken":[{"damage":2.0,"enemies":"Jaw Worm","floor":1.0,"turns":3.0},{"damage":6.0,"enemies":"2 Louse","floor":5.0,"turns":2.0},{"damage":9.0,"enemies":"Lagavulin","floor":8.0,"turns":8.0},{"damage":23.0,"enemies":"Gremlin Nob","floor":10.0,"turns":4.0},{"damage":0.0,"enemies":"Small Slimes","floor":12.0,"turns":1.0},{"damage":24.0,"enemies":"Exordium Wildlife","floor":13.0,"turns":6.0},{"damage":6.0,"enemies":"Exordium Thugs","floor":14.0,"turns":4.0},{"damage":11,"enemies":"Hexaghost","floor":16,"turns":10},{"damage":21,"enemies":"Spheric Guardian","floor":18,"turns":4},{"damage":11,"enemies":"Chosen","floor":19,"turns":7},{"damage":38,"enemies":"Slavers","floor":24,"turns":10},{"damage":8,"enemies":"Centurion and Healer","floor":25,"turns":10},{"damage":79,"enemies":"3 Cultists","floor":28,"turns":6}],"seed_played":"6237697088324960577","potions_obtained":[{"floor":1.0,"key":"Strength Potion"},{"floor":8.0,"key":"Energy Potion"},{"floor":10.0,"key":"Explosive Potion"},{"floor":13.0,"key":"Regen Potion"},{"floor":19,"key":"SkillPotion"},{"floor":24,"key":"FocusPotion"}],"is_trial":false,"path_per_floor":["M","?","?","$","M","R","$","E","T","E","$","M","M","M","R","B",null,"M","M","$","?","T","R","E","M","T","R","M"],"character_chosen":"DEFECT","items_purchased":["Enlightenment","Streamline","Happy Flower","Bandage Up+1","Defragment"],"campfire_rested":3,"item_purchase_floors":[4,4,11,20,20],"current_hp_per_floor":[73,73,73,73,67,67,67,58,58,35,35,35,11,17,39,28,75,54,43,43,43,43,65,33,31,31,53,0],"gold":135,"neow_bonus":"RANDOM_COMMON_RELIC","is_prod":false,"is_daily":false,"chose_seed":false,"campfire_upgraded":1,"win_rate":0,"timestamp":1556719097,"path_taken":["M","?","?","$","M","R","$","E","T","E","?","M","M","M","R","BOSS","M","M","$","?","?","R","E","M","T","R","?"],"build_version":"2019-01-23","purchased_purges":0,"victory":false,"max_hp_per_floor":[75,75,75,75,75,75,75,75,75,75,75,75,75,75,75,75,75,75,75,75,75,75,75,75,75,75,75,75],"card_choices":[{"not_picked":["Aggregate","Go for the Eyes"],"picked":"Consume","floor":1.0},{"not_picked":["Hologram","Go for the Eyes"],"picked":"Glacier","floor":5.0},{"not_picked":["Redo","Beam Cell"],"picked":"Capacitor","floor":8.0},{"not_picked":["Barrage","Skim+1"],"picked":"Echo Form","floor":10.0},{"not_picked":["Blizzard","Steam Power+1"],"picked":"Redo+1","floor":12.0},{"not_picked":["Turbo+1","Steam Power+1","Steam+1"],"picked":"SKIP","floor":13.0},{"not_picked":["Skim+1","Rip and Tear"],"picked":"Reinforced Body+1","floor":14.0},{"not_picked":["Seek+1","Multi-Cast+1"],"picked":"Thunder Strike","floor":16},{"not_picked":["Compile Driver","Steam+1","Scrape+1"],"picked":"SKIP","floor":18},{"not_picked":["Steam Power+1","Beam Cell"],"picked":"Loop","floor":19},{"not_picked":["Streamline","Stack+1"],"picked":"Chill+1","floor":23},{"not_picked":["Cold Snap","Storm","Beam Cell"],"picked":"SKIP","floor":24},{"not_picked":["Rebound","Streamline"],"picked":"Fusion+1","floor":25},{"not_picked":["Auto Shields+1","Reprogram+1"],"picked":"Loop","floor":27}],"player_experience":520817,"relics_obtained":[{"floor":8.0,"key":"Matryoshka"},{"floor":9.0,"key":"Toxic Egg 2"},{"floor":9.0,"key":"Smiling Mask"},{"floor":10.0,"key":"Tiny Chest"},{"floor":22,"key":"Vajra"},{"floor":22,"key":"DataDisk"},{"floor":24,"key":"Bronze Scales"}],"event_choices":[{"damage_healed":0.0,"max_hp_gain":0.0,"max_hp_loss":0.0,"gold_gain":0.0,"event_name":"The Cleric","player_choice":"Leave","floor":2.0,"gold_loss":0.0,"damage_taken":0.0},{"damage_healed":0.0,"max_hp_gain":0.0,"max_hp_loss":0.0,"gold_gain":0.0,"event_name":"Golden Wing","player_choice":"Ignored","floor":3.0,"gold_loss":0.0,"damage_taken":0.0},{"damage_healed":0,"gold_gain":0,"player_choice":"Stole Relic","damage_taken":0,"relics_obtained":["Dream Catcher"],"max_hp_gain":0,"max_hp_loss":0,"event_name":"Addict","floor":21,"gold_loss":0,"cards_obtained":["Shame"]}],"is_beta":false,"boss_relics":[{"not_picked":["Eternal Feather","Nuclear Battery"],"picked":"Fusion Hammer"}],"items_purged_floors":[],"is_endless":false,"potions_floor_spawned":[1,8,10,13,19,24],"killed_by":"3 Cultists","ascension_level":3}