{"gold_per_floor":[114,134,134,134,153,180,197,197,197,197,217,217,249,269,269,269],"floor_reached":16,"playtime":506,"items_purged":[],"score":154,"play_id":"5905e04d-2782-464d-a6b7-d7d7b30e0283","local_time":"20190416152935","is_ascension_mode":true,"campfire_choices":[{"data":"Poisoned Stab","floor":8,"key":"SMITH"},{"data":"Neutralize","floor":10,"key":"SMITH"},{"data":"Survivor","floor":12,"key":"SMITH"},{"floor":15,"key":"REST"}],"neow_cost":"NONE","seed_source_timestamp":579950075199400,"circlet_count":0,"master_deck":["Defend_G","Defend_G","Defend_G+1","Defend_G","Defend_G","Strike_G","Strike_G+1","Strike_G","Strike_G","Strike_G","Survivor+1","Neutralize+1","Poisoned Stab+1","Deadly Poison","Dagger Throw","Prepared","Catalyst","Deflect"],"relics":["Ring of the Snake","NeowsBlessing","Pantograph","Mango","Boot"],"potions_floor_usage":[6,11,16,16],"damage_taken":[{"damage":0,"enemies":"Cultist","floor":1,"turns":1},{"damage":0,"enemies":"Small Slimes","floor":2,"turns":1},{"damage":0,"enemies":"Jaw Worm","floor":5,"turns":1},{"damage":17,"enemies":"3 Sentries","floor":6,"turns":8},{"damage":1,"enemies":"Blue Slaver","floor":7,"turns":4},{"damage":7,"enemies":"Gremlin Gang","floor":11,"turns":3},{"damage":11,"enemies":"Gremlin Nob","floor":13,"turns":4},{"damage":0,"enemies":"Exordium Wildlife","floor":14,"turns":3},{"damage":72,"enemies":"Slime Boss","floor":16,"turns":7}],"seed_played":"-686550484397219282","potions_obtained":[{"floor":2,"key":"Explosive Potion"},{"floor":7,"key":"Explosive Potion"},{"floor":11,"key":"Ancient Potion"},{"floor":13,"key":"Fruit Juice"}],"is_trial":false,"path_per_floor":["M","M","?","?","M","E","M","R","T","R","M","R","E","M","R","B"],"character_chosen":"THE_SILENT","items_purchased":[],"campfire_rested":1,"item_purchase_floors":[],"current_hp_per_floor":[70,70,56,23,23,20,19,19,19,19,12,12,1,1,26,0],"gold":269,"neow_bonus":"THREE_ENEMY_KILL","is_prod":false,"is_daily":false,"chose_seed":false,"campfire_upgraded":3,"win_rate":0,"timestamp":1555421375,"path_taken":["M","M","?","?","M","E","M","R","T","R","M","R","E","M","R","BOSS"],"build_version":"2019-01-23","purchased_purges":0,"victory":false,"max_hp_per_floor":[70,70,70,70,70,84,84,84,84,84,84,84,84,84,84,89],"card_choices":[{"not_picked":["Dagger Throw","Eviscerate"],"picked":"Poisoned Stab","floor":1},{"not_picked":["Prepared","Bane","Blade Dance"],"picked":"SKIP","floor":2},{"not_picked":["Endless Agony","Bane"],"picked":"Deadly Poison","floor":5},{"not_picked":["Heel Hook","Wraith Form v2"],"picked":"Dagger Throw","floor":6},{"not_picked":["Quick Slash","Blade Dance"],"picked":"Prepared","floor":7},{"not_picked":["Bane","PiercingWail","Reflex"],"picked":"SKIP","floor":11},{"not_picked":["Sucker Punch","Prepared"],"picked":"Catalyst","floor":13},{"not_picked":["Expertise","All Out Attack"],"picked":"Deflect","floor":14}],"player_experience":507721,"relics_obtained":[{"floor":6,"key":"Mango"},{"floor":13,"key":"Boot"}],"event_choices":[{"damage_healed":0,"gold_gain":0,"player_choice":"Entered Light","damage_taken":14,"max_hp_gain":0,"max_hp_loss":0,"event_name":"Shining Light","floor":3,"gold_loss":0,"cards_upgraded":["Strike_G","Defend_G"]},{"damage_healed":0,"gold_gain":0,"player_choice":"Success","damage_taken":33,"relics_obtained":["Pantograph"],"max_hp_gain":0,"max_hp_loss":0,"event_name":"Scrap Ooze","floor":4,"gold_loss":0}],"is_beta":false,"boss_relics":[],"items_purged_floors":[],"is_endless":false,"potions_floor_spawned":[2,7,11,13],"killed_by":"Slime Boss","ascension_level":3}