{"gold_per_floor":[119,294,312,312,56,84,96,96,151,151,169,169,94,94,94,191,191,209,58,75,75,75,75,75,75,75,75,75,88,101,101,101,101],"floor_reached":33,"playtime":795,"items_purged":["Strike_R"],"score":291,"play_id":"c6f23d4f-495c-439b-bd4f-7a9af95b85d6","local_time":"20190131161852","is_ascension_mode":false,"campfire_choices":[{"data":"Limit Break","floor":10,"key":"SMITH"},{"data":"Bash","floor":12,"key":"SMITH"},{"data":"Disarm","floor":15,"key":"SMITH"},{"data":"Limit Break","floor":23,"key":"SMITH"},{"data":"Cleave","floor":25,"key":"SMITH"},{"data":"Defend_R","floor":28,"key":"SMITH"},{"floor":32,"key":"REST"}],"neow_cost":"NONE","seed_source_timestamp":1885935750928097,"circlet_count":0,"master_deck":["Strike_R","Strike_R","Strike_R","Strike_R","Defend_R","Defend_R","Defend_R","Defend_R+1","Bash+1","Cleave+1","Disarm+1","Limit Break+1","Limit Break+1"],"relics":["Burning Blood","Singing Bowl","Bag of Preparation","Vajra","Paper Frog","Orrery","PreservedInsect","Strawberry","Frozen Egg 2"],"potions_floor_usage":[11],"damage_taken":[{"damage":11,"enemies":"Jaw Worm","floor":1,"turns":2},{"damage":6,"enemies":"2 Louse","floor":3,"turns":2},{"damage":34,"enemies":"Gremlin Nob","floor":6,"turns":5},{"damage":0,"enemies":"Cultist","floor":7,"turns":3},{"damage":18,"enemies":"Red Slaver","floor":11,"turns":5},{"damage":1,"enemies":"The Guardian","floor":16,"turns":13},{"damage":18,"enemies":"Shell Parasite","floor":18,"turns":6},{"damage":13,"enemies":"Chosen","floor":20,"turns":5},{"damage":49,"enemies":"Sentry and Sphere","floor":29,"turns":6},{"damage":29,"enemies":"Snecko","floor":30,"turns":6},{"damage":73,"enemies":"Automaton","floor":33,"turns":6}],"seed_played":"6400185864238194625","potions_obtained":[{"floor":7,"key":"Fruit Juice"},{"floor":11,"key":"Dexterity Potion"}],"is_trial":false,"path_per_floor":["M","?","M","?","$","E","M","?","T","R","M","R","$","T","R","B",null,"M","$","M","$","?","R","?","R","T","$","R","M","M","$","R","B"],"character_chosen":"IRONCLAD","items_purchased":["Singing Bowl","PreservedInsect"],"campfire_rested":1,"item_purchase_floors":[5,19],"current_hp_per_floor":[75,75,75,68,68,42,48,48,48,48,43,43,43,43,43,48,99,89,89,84,84,84,84,91,91,91,91,91,50,29,29,63,0],"gold":101,"neow_bonus":"THREE_CARDS","is_prod":false,"is_daily":false,"chose_seed":false,"campfire_upgraded":6,"win_rate":0,"timestamp":1548980332,"path_taken":["M","?","M","?","$","E","M","?","T","R","?","R","$","?","R","BOSS","M","$","M","$","?","R","?","R","T","$","R","?","M","?","R","BOSS"],"build_version":"2019-01-23","purchased_purges":1,"victory":false,"max_hp_per_floor":[80,80,80,80,80,82,82,82,82,82,89,89,89,89,89,89,99,101,101,103,103,103,103,110,110,110,110,110,112,114,114,114,114],"card_choices":[{"not_picked":["Uppercut","Wild Strike"],"picked":"Cleave","floor":0},{"not_picked":["Heavy Blade","Headbutt"],"picked":"Disarm","floor":1},{"not_picked":["Cleave","Headbutt","Wild Strike"],"picked":"SKIP","floor":3},{"not_picked":["Inflame","Pommel Strike","Shrug It Off"],"picked":"Singing Bowl","floor":6},{"not_picked":["Clash","Sentinel"],"picked":"Limit Break","floor":7},{"not_picked":["Warcry","Wild Strike","Iron Wave"],"picked":"Singing Bowl","floor":11},{"not_picked":["Fiend Fire","Bludgeon"],"picked":"Limit Break","floor":16},{"not_picked":["Havoc","Intimidate","Seeing Red"],"picked":"Singing Bowl","floor":17},{"not_picked":["Iron Wave","Anger","Heavy Blade"],"picked":"Singing Bowl","floor":17},{"not_picked":["Hemokinesis","Warcry","Body Slam"],"picked":"Singing Bowl","floor":17},{"not_picked":["Intimidate","Thunderclap","Clash"],"picked":"Singing Bowl","floor":17},{"not_picked":["Sever Soul","Hemokinesis","Reckless Charge"],"picked":"Singing Bowl","floor":17},{"not_picked":["Cleave","Headbutt","Entrench"],"picked":"Singing Bowl","floor":18},{"not_picked":["Anger","Cleave","Entrench"],"picked":"Singing Bowl","floor":20},{"not_picked":["Shrug It Off","Ghostly Armor","Cleave"],"picked":"Singing Bowl","floor":29},{"not_picked":["Clothesline","Heavy Blade","Power Through"],"picked":"Singing Bowl","floor":30}],"player_experience":386108,"relics_obtained":[{"floor":6,"key":"Bag of Preparation"},{"floor":9,"key":"Vajra"},{"floor":14,"key":"Paper Frog"},{"floor":26,"key":"Frozen Egg 2"}],"event_choices":[{"damage_healed":0,"gold_gain":175,"player_choice":"AGREE","damage_taken":0,"max_hp_gain":0,"max_hp_loss":0,"event_name":"Liars Game","floor":2,"gold_loss":0,"cards_obtained":["Doubt"]},{"cards_removed":["Doubt"],"damage_healed":0,"gold_gain":0,"player_choice":"Card Removal","damage_taken":7,"max_hp_gain":0,"max_hp_loss":0,"event_name":"Golden Wing","floor":4,"gold_loss":0},{"damage_healed":0,"gold_gain":0,"player_choice":"0 cards matched","damage_taken":0,"max_hp_gain":0,"max_hp_loss":0,"event_name":"Match and Keep!","floor":8,"gold_loss":0,"cards_obtained":[]},{"damage_healed":0,"gold_gain":0,"player_choice":"Ignored","damage_taken":0,"max_hp_gain":0,"max_hp_loss":0,"event_name":"Ghosts","floor":22,"gold_loss":0},{"damage_healed":0,"gold_gain":0,"player_choice":"Gave Potion","damage_taken":0,"relics_obtained":["Strawberry"],"max_hp_gain":0,"max_hp_loss":0,"event_name":"WeMeetAgain","floor":24,"gold_loss":0}],"is_beta":false,"boss_relics":[{"not_picked":["Busted Crown","Velvet Choker"],"picked":"Orrery"}],"items_purged_floors":[13],"is_endless":false,"potions_floor_spawned":[7,11],"killed_by":"Automaton","ascension_level":0}