{"gold_per_floor":[113,128,146,12,24,24,52,71,71,104,104,104,104,119,119,191,191,208,2,13,13],"floor_reached":21,"playtime":1491,"items_purged":[],"score":334,"play_id":"69c23141-ead7-42b5-acc4-bb0e0d489925","local_time":"20190325191855","is_ascension_mode":true,"campfire_choices":[{"data":"Genetic Algorithm","floor":6,"key":"SMITH"},{"floor":11,"key":"REST"},{"floor":15,"key":"REST"}],"neow_cost":"NONE","seed_source_timestamp":1212194239310265,"circlet_count":0,"master_deck":["AscendersBane","Strike_B","Strike_B","Strike_B","Strike_B","Defend_B","Defend_B","Defend_B","Defend_B","Zap","Dualcast","Go for the Eyes","Genetic Algorithm+1","Chill","Coolheaded","Streamline","Loop","Capacitor","Cold Snap","All For One","Core Surge","Redo","Ball Lightning","Tempest"],"relics":["Cracked Core","Matryoshka","Bag of Marbles","Juzu Bracelet","Cables","Nuclear Battery","Lantern"],"potions_floor_usage":[7,10],"damage_taken":[{"damage":0,"enemies":"Cultist","floor":1,"turns":4},{"damage":5,"enemies":"Small Slimes","floor":2,"turns":3},{"damage":2,"enemies":"Jaw Worm","floor":3,"turns":3},{"damage":4,"enemies":"Blue Slaver","floor":5,"turns":5},{"damage":25,"enemies":"3 Sentries","floor":7,"turns":11},{"damage":7,"enemies":"Red Slaver","floor":8,"turns":4},{"damage":22,"enemies":"Gremlin Nob","floor":10,"turns":5},{"damage":0,"enemies":"3 Louse","floor":14,"turns":4},{"damage":7,"enemies":"The Guardian","floor":16,"turns":14},{"damage":15,"enemies":"Shell Parasite","floor":18,"turns":7},{"damage":35,"enemies":"2 Thieves","floor":20,"turns":4},{"damage":28,"enemies":"Snecko","floor":21,"turns":4}],"seed_played":"3865366697121036577","potions_obtained":[{"floor":3,"key":"SpeedPotion"},{"floor":5,"key":"Poison Potion"},{"floor":7,"key":"Swift Potion"},{"floor":10,"key":"FearPotion"},{"floor":12,"key":"LiquidBronze"},{"floor":20,"key":"Ancient Potion"}],"is_trial":false,"path_per_floor":["M","M","M","$","M","R","E","M","T","E","R","?","?","M","R","B",null,"M","$","M","M"],"character_chosen":"DEFECT","items_purchased":["Chill","Coolheaded","Streamline","Ball Lightning","Lantern"],"campfire_rested":2,"item_purchase_floors":[4,4,4,19,19],"current_hp_per_floor":[71,66,64,64,60,60,35,28,28,6,29,29,29,29,52,45,70,55,55,20,0],"gold":13,"neow_bonus":"TEN_PERCENT_HP_BONUS","is_prod":false,"is_daily":false,"chose_seed":false,"campfire_upgraded":1,"win_rate":0,"timestamp":1553541535,"path_taken":["M","M","?","$","M","R","E","?","T","E","R","?","?","M","R","BOSS","M","$","M","M"],"build_version":"2019-01-23","purchased_purges":0,"victory":false,"max_hp_per_floor":[78,78,78,78,78,78,78,78,78,78,78,78,78,78,78,78,78,78,78,78,78],"card_choices":[{"not_picked":["Rebound","Heatsinks"],"picked":"Go for the Eyes","floor":1},{"not_picked":["Reinforced Body","Leap"],"picked":"Genetic Algorithm","floor":2},{"not_picked":["Fusion","Conserve Battery","Auto Shields"],"picked":"SKIP","floor":3},{"not_picked":["Steam","Leap"],"picked":"Loop","floor":5},{"not_picked":["Sunder","Cold Snap"],"picked":"Capacitor","floor":7},{"not_picked":["Turbo","Auto Shields"],"picked":"Cold Snap","floor":8},{"not_picked":["Scrape","Beam Cell"],"picked":"All For One","floor":10},{"not_picked":["Coolheaded","Streamline","Static Discharge"],"picked":"SKIP","floor":14},{"not_picked":["Machine Learning","Rainbow"],"picked":"Core Surge","floor":16},{"not_picked":["Steam","Aggregate"],"picked":"Redo","floor":18},{"not_picked":["Go for the Eyes","Turbo"],"picked":"Tempest","floor":20}],"player_experience":1630523,"relics_obtained":[{"floor":7,"key":"Matryoshka"},{"floor":9,"key":"Bag of Marbles"},{"floor":9,"key":"Juzu Bracelet"},{"floor":10,"key":"Cables"}],"event_choices":[{"damage_healed":0,"gold_gain":0,"player_choice":"Got Potions","damage_taken":0,"max_hp_gain":0,"max_hp_loss":0,"event_name":"Lab","floor":12,"gold_loss":0},{"damage_healed":0,"gold_gain":0,"player_choice":"Fled","damage_taken":0,"max_hp_gain":0,"max_hp_loss":0,"event_name":"Scrap Ooze","floor":13,"gold_loss":0}],"is_beta":false,"boss_relics":[{"not_picked":["Pandora\u0027s Box","Lizard Tail"],"picked":"Nuclear Battery"}],"items_purged_floors":[],"is_endless":false,"potions_floor_spawned":[3,5,7,8,10,20],"killed_by":"Snecko","ascension_level":15}