{"gold_per_floor":[112,130,55,55,55,84,84,100,100,100,119,152,176,201,201,304,304,320,320,334,354,18,18,48,62,62,122,138,138,163,177,177,275,275,287,302,21,0,15,49,49,80,156,156,172,172,184,184,184,184],"floor_reached":51,"playtime":3933,"items_purged":["Strike_B","Strike_B+1","Defend_B"],"score":797,"play_id":"cb2135e3-8b4b-459f-8170-c7aeeef637a4","local_time":"20190423143634","is_ascension_mode":true,"campfire_choices":[{"data":"Creative AI","floor":7.0,"key":"SMITH"},{"floor":10.0,"key":"REST"},{"floor":15.0,"key":"REST"},{"data":"Apotheosis","floor":23,"key":"SMITH"},{"floor":29,"key":"REST"},{"floor":32,"key":"REST"},{"floor":41,"key":"REST"},{"data":"Fusion","floor":44,"key":"SMITH"},{"data":"Pain","floor":49,"key":"PURGE"}],"neow_cost":"PERCENT_DAMAGE","seed_source_timestamp":0,"circlet_count":0,"master_deck":["Defend_B","Defend_B","Zap+1","Dualcast","Creative AI+1","Chill","Ball Lightning","Steam","Go for the Eyes","Biased Cognition","Cold Snap+1","Undo+1","Defragment+1","Coolheaded","Apotheosis+1","FTL","Darkness","Fusion+1","Thunder Strike","Sunder","Enlightenment","Loop+1","Electrodynamics","Chaos+1","Seek","White Noise+1","Defragment+1"],"special_seed":0,"relics":["Cracked Core","Ornamental Fan","Pear","Unceasing Top","Bronze Scales","Meat on the Bone","Astrolabe","Dream Catcher","Omamori","Tiny Chest","Prayer Wheel","Cursed Key","Red Mask","Blue Candle","Art of War","The Courier","Peace Pipe","WarpedTongs"],"potions_floor_usage":[20,24,25,33,36,50,50],"damage_taken":[{"damage":1.0,"enemies":"Cultist","floor":1.0,"turns":4.0},{"damage":0.0,"enemies":"2 Louse","floor":2.0,"turns":1.0},{"damage":15.0,"enemies":"Gremlin Nob","floor":6.0,"turns":5.0},{"damage":3.0,"enemies":"Small Slimes","floor":8.0,"turns":3.0},{"damage":2.0,"enemies":"Blue Slaver","floor":11.0,"turns":3.0},{"damage":8.0,"enemies":"Lagavulin","floor":12.0,"turns":7.0},{"damage":7.0,"enemies":"3 Sentries","floor":14.0,"turns":6.0},{"damage":24.0,"enemies":"Hexaghost","floor":16.0,"turns":9.0},{"damage":12,"enemies":"Shell Parasite","floor":18,"turns":4},{"damage":4,"enemies":"2 Thieves","floor":20,"turns":4},{"damage":0,"enemies":"3 Cultists","floor":21,"turns":4},{"damage":9,"enemies":"Slavers","floor":24,"turns":5},{"damage":0,"enemies":"Centurion and Healer","floor":25,"turns":4},{"damage":16,"enemies":"Gremlin Leader","floor":27,"turns":7},{"damage":10,"enemies":"Snecko","floor":28,"turns":6},{"damage":70,"enemies":"Slavers","floor":30,"turns":6},{"damage":0,"enemies":"3 Cultists","floor":31,"turns":5},{"damage":41,"enemies":"Collector","floor":33,"turns":10},{"damage":18,"enemies":"3 Darklings","floor":35,"turns":5},{"damage":0,"enemies":"Orb Walker","floor":36,"turns":6},{"damage":0,"enemies":"Transient","floor":39,"turns":5},{"damage":11,"enemies":"Reptomancer","floor":40,"turns":6},{"damage":6,"enemies":"Giant Head","floor":42,"turns":7},{"damage":8,"enemies":"4 Shapes","floor":45,"turns":5},{"damage":1,"enemies":"3 Darklings","floor":47,"turns":5},{"damage":12,"enemies":"Donu and Deca","floor":50,"turns":4}],"seed_played":"8000545985987763360","potions_obtained":[{"floor":1.0,"key":"Block Potion"},{"floor":8.0,"key":"FocusPotion"},{"floor":16.0,"key":"Regen Potion"},{"floor":21,"key":"EssenceOfSteel"},{"floor":24,"key":"FocusPotion"},{"floor":27,"key":"SneckoOil"},{"floor":31,"key":"SkillPotion"},{"floor":35,"key":"Block Potion"},{"floor":45,"key":"FocusPotion"},{"floor":47,"key":"Energy Potion"}],"is_trial":false,"path_per_floor":["M","M","$","?","?","E","R","M","T","R","M","E","T","E","R","B",null,"M","?","M","M","$","R","E","M","T","E","M","R","E","M","R","B",null,"M","M","$","?","M","E","R","E","T","R","M","T","M","?","R","B",null],"character_chosen":"DEFECT","items_purchased":["Apotheosis","FTL","Sunder","Enlightenment"],"campfire_rested":5,"item_purchase_floors":[22,22,37,37],"current_hp_per_floor":[53,53,53,58,42,27,27,24,34,61,59,51,51,44,71,47,90,78,78,86,86,86,86,77,77,77,61,51,78,20,32,59,30,90,72,72,72,72,72,61,88,82,82,82,74,74,73,73,73,61],"gold":184,"neow_bonus":"THREE_RARE_CARDS","is_prod":false,"is_daily":false,"chose_seed":false,"campfire_upgraded":3,"win_rate":0,"timestamp":1556026594,"path_taken":["M","?","$","?","?","E","R","M","T","R","M","E","?","E","R","BOSS","M","?","M","M","$","R","E","M","T","E","?","R","E","M","R","BOSS","M","M","$","?","M","E","R","E","T","R","M","?","M","?","R","BOSS"],"build_version":"2019-01-23","purchased_purges":3,"victory":true,"max_hp_per_floor":[75,75,75,80,80,80,80,80,90,90,90,90,90,90,90,90,90,90,90,90,90,90,90,90,90,90,90,90,90,90,90,90,90,90,90,90,90,90,90,90,90,90,90,90,90,90,90,90,90,90],"card_choices":[{"not_picked":["Thunder Strike","Seek"],"picked":"Creative AI","floor":0.0},{"not_picked":["Go for the Eyes","Compile Driver"],"picked":"Chill","floor":1.0},{"not_picked":["Gash","Barrage","Compile Driver"],"picked":"SKIP","floor":2.0},{"not_picked":["Beam Cell","Barrage","Heatsinks"],"picked":"SKIP","floor":6.0},{"not_picked":["Stack","Streamline"],"picked":"Ball Lightning","floor":8.0},{"not_picked":["Conserve Battery","Stack","Beam Cell"],"picked":"SKIP","floor":11.0},{"not_picked":["Storm","Loop"],"picked":"Steam","floor":12.0},{"not_picked":["Recycle","Compile Driver"],"picked":"Go for the Eyes","floor":14.0},{"not_picked":["Rainbow","Multi-Cast"],"picked":"Biased Cognition","floor":16.0},{"not_picked":["Hello World","Go for the Eyes","Ball Lightning"],"picked":"SKIP","floor":18},{"not_picked":["Steam Power","Genetic Algorithm+1"],"picked":"Coolheaded","floor":20},{"not_picked":["Force Field","Go for the Eyes","Sweeping Beam"],"picked":"SKIP","floor":21},{"not_picked":["Reinforced Body","Turbo+1","Barrage"],"picked":"SKIP","floor":24},{"not_picked":["Self Repair","Beam Cell","Storm"],"picked":"SKIP","floor":25},{"not_picked":["Creative AI","Steam","Lockon"],"picked":"SKIP","floor":27},{"not_picked":["Turbo","Aggregate","Steam+1"],"picked":"SKIP","floor":28},{"not_picked":["Force Field","Barrage+1","Stack"],"picked":"SKIP","floor":30},{"not_picked":["Redo","Heatsinks"],"picked":"Darkness","floor":31},{"not_picked":["Leap","Compile Driver","Static Discharge"],"picked":"SKIP","floor":31},{"not_picked":["Force Field","Doom and Gloom+1"],"picked":"Fusion","floor":32},{"not_picked":["Rainbow","Reboot"],"picked":"Thunder Strike","floor":33},{"not_picked":["Compile Driver","Streamline+1","Storm+1"],"picked":"SKIP","floor":35},{"not_picked":["Static Discharge+1","Steam Power","Stack+1"],"picked":"SKIP","floor":35},{"not_picked":["Sweeping Beam+1","Leap","Coolheaded+1"],"picked":"SKIP","floor":36},{"not_picked":["Rebound","Stack+1","Leap"],"picked":"SKIP","floor":36},{"not_picked":["Stack+1","Turbo"],"picked":"Loop+1","floor":39},{"not_picked":["Sweeping Beam+1","Gash"],"picked":"Electrodynamics","floor":39},{"not_picked":["Storm","Aggregate","Double Energy+1"],"picked":"SKIP","floor":40},{"not_picked":["Cold Snap+1","Turbo+1"],"picked":"Chaos+1","floor":41},{"not_picked":["Redo","Heatsinks","Streamline+1"],"picked":"SKIP","floor":42},{"not_picked":["Barrage","Compile Driver+1"],"picked":"Seek","floor":45},{"not_picked":["Skim+1","Doom and Gloom","Static Discharge+1"],"picked":"SKIP","floor":45},{"not_picked":["Compile Driver+1","Stack"],"picked":"White Noise+1","floor":47},{"not_picked":["Beam Cell+1","Undo+1"],"picked":"Defragment+1","floor":47}],"player_experience":1820300,"relics_obtained":[{"floor":6.0,"key":"Ornamental Fan"},{"floor":9.0,"key":"Pear"},{"floor":12.0,"key":"Unceasing Top"},{"floor":13.0,"key":"Bronze Scales"},{"floor":14.0,"key":"Meat on the Bone"},{"floor":24,"key":"Dream Catcher"},{"floor":26,"key":"Omamori"},{"floor":27,"key":"Tiny Chest"},{"floor":30,"key":"Prayer Wheel"},{"floor":40,"key":"Blue Candle"},{"floor":42,"key":"Art of War"},{"floor":43,"key":"The Courier"},{"floor":46,"key":"Peace Pipe"}],"event_choices":[{"damage_healed":0.0,"max_hp_gain":5.0,"max_hp_loss":0.0,"gold_gain":0.0,"event_name":"Big Fish","player_choice":"Donut","floor":4.0,"gold_loss":0.0,"damage_taken":0.0},{"damage_healed":0.0,"max_hp_gain":0.0,"max_hp_loss":0.0,"gold_gain":0.0,"event_name":"Shining Light","player_choice":"Entered Light","floor":5.0,"gold_loss":0.0,"damage_taken":16.0,"cards_upgraded":["Strike_B","Zap"]},{"damage_healed":0,"gold_gain":0,"player_choice":"0 cards matched","damage_taken":0,"max_hp_gain":0,"max_hp_loss":0,"event_name":"Match and Keep!","floor":19,"gold_loss":0,"cards_obtained":[]},{"damage_healed":0,"gold_gain":0,"player_choice":"Paid","damage_taken":0,"relics_obtained":["Red Mask"],"max_hp_gain":0,"max_hp_loss":0,"event_name":"Tomb of Lord Red Mask","floor":38,"gold_loss":21},{"damage_healed":0,"gold_gain":0,"player_choice":"Rummage","damage_taken":0,"relics_obtained":["WarpedTongs"],"max_hp_gain":0,"max_hp_loss":0,"event_name":"Accursed Blacksmith","floor":48,"gold_loss":0,"cards_obtained":["Pain"]}],"is_beta":false,"boss_relics":[{"not_picked":["Philosopher\u0027s Stone","Calling Bell"],"picked":"Astrolabe"},{"not_picked":["Lizard Tail","Eternal Feather"],"picked":"Cursed Key"}],"items_purged_floors":[3,22,37],"is_endless":false,"potions_floor_spawned":[1,8,16,21,24,27,31,35,45,47],"ascension_level":1}