{"gold_per_floor":[110,110,123,123,142,142,156,156,181,200,200,210,61,79,79,176,176,188,206,206,206,56,86,86,99,99,114,114,124,142,157,157,157],"floor_reached":33,"playtime":908,"items_purged":["Strike_B","Bite"],"score":288,"play_id":"66ef1771-ceaf-44b2-91ee-ffdeecdc3a23","local_time":"20181106215046","is_ascension_mode":false,"campfire_choices":[{"data":"Streamline","floor":6,"key":"SMITH"},{"data":"Sunder","floor":8,"key":"SMITH"},{"floor":11,"key":"REST"},{"data":"Fission","floor":15,"key":"SMITH"},{"floor":24,"key":"REST"},{"floor":28,"key":"REST"},{"floor":32,"key":"REST"}],"neow_cost":"NONE","seed_source_timestamp":263175522491006,"circlet_count":0,"master_deck":["Defend_B","Defend_B","Defend_B","Zap","Dualcast","Streamline+1","Fission+1","Redo","Sunder+1","Rebound","Chaos","Fusion","Doom and Gloom","Gash","Thunder Strike","Streamline","Bite","Bite","Bite","Bite","Hologram+1","Ball Lightning"],"relics":["Cracked Core","Orichalcum","Busted Crown","Potion Belt","Ornamental Fan"],"potions_floor_usage":[10,16,19,19,23,23,23,27,31],"damage_taken":[{"damage":5,"enemies":"Jaw Worm","floor":1,"turns":4},{"damage":1,"enemies":"Cultist","floor":3,"turns":3},{"damage":2,"enemies":"Small Slimes","floor":5,"turns":3},{"damage":0,"enemies":"2 Fungi Beasts","floor":7,"turns":2},{"damage":0,"enemies":"Exordium Thugs","floor":10,"turns":3},{"damage":1,"enemies":"Blue Slaver","floor":12,"turns":2},{"damage":0,"enemies":"3 Louse","floor":14,"turns":3},{"damage":41,"enemies":"Hexaghost","floor":16,"turns":6},{"damage":3,"enemies":"Spheric Guardian","floor":18,"turns":3},{"damage":5,"enemies":"Chosen","floor":19,"turns":3},{"damage":20,"enemies":"Slavers","floor":23,"turns":4},{"damage":26,"enemies":"Snake Plant","floor":25,"turns":4},{"damage":22,"enemies":"Centurion and Healer","floor":27,"turns":3},{"damage":6,"enemies":"3 Cultists","floor":29,"turns":3},{"damage":15,"enemies":"Snake Plant","floor":30,"turns":3},{"damage":17,"enemies":"Chosen and Byrds","floor":31,"turns":5},{"damage":20,"enemies":"Automaton","floor":33,"turns":3}],"seed_played":"-5940887235200114733","potions_obtained":[{"floor":7,"key":"SteroidPotion"},{"floor":10,"key":"Regen Potion"},{"floor":12,"key":"FocusPotion"},{"floor":14,"key":"Dexterity Potion"},{"floor":18,"key":"Fire Potion"},{"floor":19,"key":"SteroidPotion"},{"floor":25,"key":"AttackPotion"},{"floor":30,"key":"SpeedPotion"}],"is_trial":false,"path_per_floor":["M","?","M","?","M","R","M","R","T","M","R","M","$","M","R","B",null,"M","M","?","?","$","E","R","M","T","M","R","M","M","M","R","B"],"character_chosen":"DEFECT","items_purchased":["Doom and Gloom","Energy Potion"],"campfire_rested":4,"item_purchase_floors":[13,22],"current_hp_per_floor":[77,77,76,69,67,67,67,67,67,67,82,81,81,81,81,40,82,79,81,81,57,57,41,57,35,35,17,34,32,17,2,19,0],"gold":157,"neow_bonus":"TEN_PERCENT_HP_BONUS","is_prod":false,"is_daily":false,"chose_seed":false,"campfire_upgraded":3,"win_rate":0,"timestamp":1541569846,"path_taken":["M","?","?","?","M","R","M","R","T","M","R","M","$","M","R","BOSS","M","M","?","?","$","E","R","?","T","M","R","M","M","M","R","BOSS"],"build_version":"2018-11-01","purchased_purges":2,"victory":false,"max_hp_per_floor":[82,82,82,82,82,82,82,82,82,82,82,82,82,82,82,82,82,82,82,82,57,57,57,57,57,57,57,57,57,57,57,57,57],"card_choices":[{"not_picked":["Conserve Battery","Gash"],"picked":"Streamline","floor":1},{"not_picked":["Go for the Eyes","Coolheaded"],"picked":"Redo","floor":3},{"not_picked":["Conserve Battery","Beam Cell"],"picked":"Sunder","floor":5},{"not_picked":["Self Repair","Aggregate"],"picked":"Rebound","floor":7},{"not_picked":["Compile Driver","Hyperbeam"],"picked":"Chaos","floor":10},{"not_picked":["Redo","Cold Snap"],"picked":"Fusion","floor":12},{"not_picked":["Turbo","Rip and Tear"],"picked":"Gash","floor":14},{"not_picked":["Reboot","Meteor Strike"],"picked":"Thunder Strike","floor":16},{"not_picked":[],"picked":"Streamline","floor":18},{"not_picked":["Melter"],"picked":"SKIP","floor":19},{"not_picked":["Conserve Battery"],"picked":"SKIP","floor":23},{"not_picked":[],"picked":"Hologram+1","floor":25},{"not_picked":["Leap"],"picked":"SKIP","floor":27},{"not_picked":["Streamline"],"picked":"SKIP","floor":29},{"not_picked":[],"picked":"Ball Lightning","floor":30},{"not_picked":["Cold Snap"],"picked":"SKIP","floor":31}],"player_experience":87667,"relics_obtained":[{"floor":9,"key":"Orichalcum"},{"floor":23,"key":"Potion Belt"},{"floor":26,"key":"Ornamental Fan"}],"event_choices":[{"damage_healed":0,"gold_gain":0,"cards_transformed":["Strike_B"],"player_choice":"Transformed","damage_taken":0,"max_hp_gain":0,"max_hp_loss":0,"event_name":"Transmorgrifier","floor":2,"gold_loss":0,"cards_obtained":["Fission"]},{"cards_removed":["Defend_B"],"damage_healed":0,"gold_gain":0,"player_choice":"Card Removal","damage_taken":7,"max_hp_gain":0,"max_hp_loss":0,"event_name":"Golden Wing","floor":4,"gold_loss":0},{"cards_removed":["Strike_B"],"damage_healed":0,"gold_gain":0,"player_choice":"Elegance","damage_taken":0,"max_hp_gain":0,"max_hp_loss":0,"event_name":"Back to Basics","floor":20,"gold_loss":0},{"damage_healed":0,"gold_gain":0,"player_choice":"Became a vampire","damage_taken":0,"max_hp_gain":0,"max_hp_loss":25,"event_name":"Vampires","floor":21,"gold_loss":0,"cards_obtained":["Bite","Bite","Bite","Bite","Bite"]}],"is_beta":false,"boss_relics":[{"not_picked":["Eternal Feather","White Beast Statue"],"picked":"Busted Crown"}],"items_purged_floors":[13,22],"is_endless":false,"potions_floor_spawned":[7,10,12,14,18,19,25,30],"killed_by":"Automaton","ascension_level":0}