{"gold_per_floor":[119,135,147,31,31,67,93,93,93,93,93,93,136,154,154,283,283,296,321,321,334,349,349,364,388,388,427,427,443,467,501,501,620,620,643,165,189,208,134,147,147,480,507,362,362,389,62,90,90,90],"floor_reached":50,"playtime":2628,"items_purged":["Defend_R","Strike_R","Bash"],"score":627,"play_id":"4915ef7b-ac6f-4acb-8dbf-b9bf98c74c23","local_time":"20190302171148","is_ascension_mode":false,"campfire_choices":[{"data":"Barricade","floor":8,"key":"SMITH"},{"data":"Juggernaut","floor":10,"key":"SMITH"},{"floor":12,"key":"REST"},{"data":"True Grit","floor":15,"key":"SMITH"},{"data":"Juggernaut","floor":23,"key":"SMITH"},{"floor":28,"key":"REST"},{"data":"Flame Barrier","floor":32,"key":"SMITH"},{"data":"Armaments","floor":41,"key":"SMITH"},{"floor":49,"key":"RECALL"}],"neow_cost":"NONE","seed_source_timestamp":62759134445827,"circlet_count":0,"master_deck":["Defend_R","Defend_R","Defend_R","Juggernaut+1","Shrug It Off","Shockwave","True Grit+1","Spot Weakness","Barricade+1","Juggernaut+1","Clothesline+1","Iron Wave","Iron Wave","Body Slam","Flame Barrier+1","Body Slam+1","Impervious","Disarm+1","Carnage+1","Uppercut+1","Shrug It Off","Enlightenment","Armaments+1","Corruption+1","Feel No Pain","Ghostly Armor+1","Juggernaut","Body Slam+1"],"relics":["Burning Blood","Gambling Chip","Odd Mushroom","Gremlin Horn","Regal Pillow","Torii","Sozu","Sundial","Blue Candle","Boot","Astrolabe","Letter Opener","Ornamental Fan","PrismaticShard","Bronze Scales"],"potions_floor_usage":[6,14,19],"damage_taken":[{"damage":2,"enemies":"2 Louse","floor":1,"turns":3},{"damage":5,"enemies":"Small Slimes","floor":2,"turns":4},{"damage":0,"enemies":"Cultist","floor":3,"turns":4},{"damage":31,"enemies":"Gremlin Nob","floor":6,"turns":5},{"damage":30,"enemies":"The Mushroom Lair","floor":7,"turns":8},{"damage":0,"enemies":"Lagavulin","floor":13,"turns":8},{"damage":3,"enemies":"Lots of Slimes","floor":14,"turns":4},{"damage":44,"enemies":"Slime Boss","floor":16,"turns":16},{"damage":0,"enemies":"3 Byrds","floor":18,"turns":6},{"damage":13,"enemies":"Chosen","floor":19,"turns":5},{"damage":2,"enemies":"Centurion and Healer","floor":21,"turns":8},{"damage":10,"enemies":"Snake Plant","floor":22,"turns":5},{"damage":2,"enemies":"Cultist and Chosen","floor":24,"turns":5},{"damage":0,"enemies":"Centurion and Healer","floor":25,"turns":8},{"damage":64,"enemies":"Slavers","floor":27,"turns":7},{"damage":13,"enemies":"Shelled Parasite and Fungi","floor":29,"turns":4},{"damage":11,"enemies":"Snecko","floor":30,"turns":6},{"damage":5,"enemies":"Book of Stabbing","floor":31,"turns":6},{"damage":10,"enemies":"Automaton","floor":33,"turns":9},{"damage":1,"enemies":"3 Shapes","floor":35,"turns":5},{"damage":0,"enemies":"Orb Walker","floor":37,"turns":3},{"damage":10,"enemies":"4 Shapes","floor":38,"turns":7},{"damage":20,"enemies":"Sphere and 2 Shapes","floor":40,"turns":6},{"damage":17,"enemies":"Nemesis","floor":46,"turns":5},{"damage":0,"enemies":"Giant Head","floor":48,"turns":8},{"damage":59,"enemies":"Awakened One","floor":50,"turns":3}],"seed_played":"-1671952821631851342","potions_obtained":[{"floor":2,"key":"Ancient Potion"},{"floor":3,"key":"Regen Potion"},{"floor":6,"key":"Poison Potion"},{"floor":13,"key":"Strength Potion"}],"is_trial":false,"path_per_floor":["M","M","M","$","?","E","?","R","T","R","?","R","E","M","R","B",null,"M","M","?","M","M","R","M","M","T","E","R","M","M","E","R","B",null,"M","$","M","M","$","M","R","?","T","$","?","E","$","E","R","B"],"character_chosen":"IRONCLAD","items_purchased":["Spot Weakness","Enlightenment","Letter Opener","Armaments","Feel No Pain","Juggernaut","PrismaticShard"],"campfire_rested":2,"item_purchase_floors":[4,36,36,36,39,44,47],"current_hp_per_floor":[80,80,80,80,60,49,25,25,25,25,18,57,63,66,66,28,80,80,73,73,77,73,73,77,80,80,22,61,54,49,50,50,46,80,80,80,80,76,76,62,62,62,62,62,62,51,51,57,57,0],"gold":90,"neow_bonus":"ONE_RANDOM_RARE_CARD","is_prod":false,"is_daily":false,"chose_seed":false,"campfire_upgraded":6,"win_rate":0,"timestamp":1551575508,"path_taken":["M","M","M","$","?","E","?","R","T","R","?","R","E","M","R","BOSS","M","M","?","?","M","R","M","M","T","E","R","?","M","E","R","BOSS","M","$","?","M","$","?","R","?","T","?","?","E","$","E","R","BOSS"],"build_version":"2019-01-23","purchased_purges":3,"victory":false,"max_hp_per_floor":[80,80,80,80,80,80,80,80,80,80,80,80,80,80,80,80,80,80,80,80,80,80,80,80,80,80,80,80,80,80,80,80,80,80,80,80,80,80,80,80,80,80,80,80,80,80,80,80,80,80],"card_choices":[{"not_picked":["Body Slam","Battle Trance"],"picked":"Shrug It Off","floor":1},{"not_picked":["Wild Strike","Thunderclap"],"picked":"Shockwave","floor":2},{"not_picked":["Battle Trance","Dropkick"],"picked":"True Grit","floor":3},{"not_picked":["Thunderclap","Shrug It Off"],"picked":"Barricade","floor":6},{"not_picked":["Evolve","Sword Boomerang","Heavy Blade"],"picked":"SKIP","floor":13},{"not_picked":["Clothesline","Rupture","Burning Pact"],"picked":"SKIP","floor":14},{"not_picked":["Berserk","Reaper"],"picked":"Juggernaut","floor":16},{"not_picked":["Headbutt","Flex+1"],"picked":"Clothesline+1","floor":18},{"not_picked":["Anger","Cleave"],"picked":"Iron Wave","floor":19},{"not_picked":["Ghostly Armor","True Grit"],"picked":"Iron Wave","floor":21},{"not_picked":["Flex","Headbutt","Clothesline+1"],"picked":"SKIP","floor":22},{"not_picked":["Bloodletting+1","Carnage","Ghostly Armor"],"picked":"SKIP","floor":24},{"not_picked":["Carnage","Uppercut+1","Bloodletting"],"picked":"SKIP","floor":25},{"not_picked":["Evolve","Inflame"],"picked":"Body Slam","floor":27},{"not_picked":["Shockwave","Body Slam"],"picked":"Flame Barrier","floor":29},{"not_picked":["Second Wind","Power Through"],"picked":"Body Slam+1","floor":30},{"not_picked":["Immolate","Flex","Havoc"],"picked":"SKIP","floor":31},{"not_picked":["Immolate","Offering"],"picked":"Impervious","floor":33},{"not_picked":["True Grit","Carnage"],"picked":"Shrug It Off","floor":35},{"not_picked":["Ghostly Armor","Cleave","Perfected Strike"],"picked":"SKIP","floor":37},{"not_picked":["Perfected Strike+1","Pummel+1"],"picked":"Corruption+1","floor":38},{"not_picked":["Twin Strike+1","Sever Soul"],"picked":"Ghostly Armor+1","floor":40},{"not_picked":["Heavy Blade+1","Corruption","Whirlwind"],"picked":"SKIP","floor":46},{"not_picked":["Ball Lightning+1","Twin Strike+1"],"picked":"Body Slam+1","floor":48}],"player_experience":463433,"relics_obtained":[{"floor":6,"key":"Gambling Chip"},{"floor":7,"key":"Odd Mushroom"},{"floor":9,"key":"Gremlin Horn"},{"floor":13,"key":"Torii"},{"floor":26,"key":"Sundial"},{"floor":27,"key":"Blue Candle"},{"floor":31,"key":"Boot"},{"floor":46,"key":"Ornamental Fan"},{"floor":48,"key":"Bronze Scales"}],"event_choices":[{"damage_healed":0,"gold_gain":0,"player_choice":"Take Damage","damage_taken":20,"relics_obtained":["Golden Idol"],"max_hp_gain":0,"max_hp_loss":0,"event_name":"Golden Idol","floor":5,"gold_loss":0},{"damage_healed":0,"gold_gain":0,"player_choice":"Fought Mushrooms","damage_taken":0,"max_hp_gain":0,"max_hp_loss":0,"event_name":"Mushrooms","floor":7,"gold_loss":0},{"damage_healed":0,"gold_gain":0,"player_choice":"Success","damage_taken":7,"relics_obtained":["Regal Pillow"],"max_hp_gain":0,"max_hp_loss":0,"event_name":"Scrap Ooze","floor":11,"gold_loss":0},{"cards_removed":["Strike_R"],"damage_healed":0,"gold_gain":0,"player_choice":"Offered Basic","damage_taken":0,"max_hp_gain":0,"max_hp_loss":0,"event_name":"Bonfire Elementals","floor":20,"gold_loss":0},{"damage_healed":0,"gold_gain":333,"player_choice":"Gave Idol","damage_taken":0,"max_hp_gain":0,"max_hp_loss":0,"event_name":"The Moai Head","floor":42,"relics_lost":["Golden Idol"],"gold_loss":0},{"damage_healed":0,"gold_gain":0,"player_choice":"Ignored","damage_taken":0,"max_hp_gain":0,"max_hp_loss":0,"event_name":"NoteForYourself","floor":45,"gold_loss":0}],"is_beta":false,"boss_relics":[{"not_picked":["Orrery","Ectoplasm"],"picked":"Sozu"},{"not_picked":["Fusion Hammer","Empty Cage"],"picked":"Astrolabe"}],"items_purged_floors":[4,36,47],"is_endless":false,"potions_floor_spawned":[2,3,6,13,19,22,24,25,27,33,35,48],"killed_by":"Awakened One","ascension_level":0}