{"gold_per_floor":[116,116,130,149,167,200,219,219,242,242,28,28,28,61,61,61],"floor_reached":16,"playtime":1946,"items_purged":["Strike_R"],"score":193,"play_id":"e9833258-3ca6-441e-965f-1bbfb409f2df","local_time":"20190504090507","is_ascension_mode":true,"campfire_choices":[{"floor":13,"key":"REST"},{"floor":15,"key":"REST"}],"neow_cost":"NONE","seed_source_timestamp":377153563871900,"circlet_count":0,"master_deck":["AscendersBane","Strike_R","Strike_R","Strike_R","Defend_R","Defend_R","Defend_R","Defend_R","Bash","Offering","Blood for Blood","Ghostly Armor","Shrug It Off","Havoc","Parasite","Whirlwind","Disarm","Flame Barrier"],"relics":["Burning Blood","Smiling Mask","Bronze Scales","Golden Idol","Bag of Preparation"],"potions_floor_usage":[6,14,16],"damage_taken":[{"damage":7,"enemies":"Small Slimes","floor":1,"turns":4},{"damage":12,"enemies":"Cultist","floor":3,"turns":4},{"damage":6,"enemies":"2 Louse","floor":4,"turns":4},{"damage":15,"enemies":"Red Slaver","floor":5,"turns":4},{"damage":30,"enemies":"Gremlin Nob","floor":6,"turns":4},{"damage":27,"enemies":"Exordium Thugs","floor":7,"turns":6},{"damage":28,"enemies":"3 Sentries","floor":14,"turns":5},{"damage":46,"enemies":"Hexaghost","floor":16,"turns":15}],"seed_played":"-9035798671816667441","potions_obtained":[{"floor":4,"key":"SneckoOil"},{"floor":5,"key":"Weak Potion"},{"floor":7,"key":"Fire Potion"}],"is_trial":false,"path_per_floor":["M","?","M","M","M","E","M","?","T","?","$","?","R","E","R","B"],"character_chosen":"IRONCLAD","items_purchased":["Whirlwind","Disarm"],"campfire_rested":2,"item_purchase_floors":[11,11],"current_hp_per_floor":[67,67,61,61,52,28,7,25,25,25,25,25,45,23,43,0],"gold":61,"neow_bonus":"ONE_RANDOM_RARE_CARD","is_prod":false,"is_daily":false,"chose_seed":false,"campfire_upgraded":0,"win_rate":0,"timestamp":1556953507,"path_taken":["M","?","M","?","M","E","M","?","T","?","$","?","R","E","R","BOSS"],"build_version":"2019-01-23","purchased_purges":1,"victory":false,"max_hp_per_floor":[75,75,75,75,75,75,75,75,75,68,68,68,68,68,68,68],"card_choices":[{"not_picked":["Wild Strike","Evolve","Reckless Charge"],"picked":"SKIP","floor":1},{"not_picked":["Twin Strike","Armaments"],"picked":"Ghostly Armor","floor":3},{"not_picked":["Flex","Sword Boomerang","Sentinel"],"picked":"SKIP","floor":4},{"not_picked":["Dropkick","Iron Wave"],"picked":"Shrug It Off","floor":5},{"not_picked":["Twin Strike","Hemokinesis"],"picked":"Havoc","floor":6},{"not_picked":["Twin Strike","Warcry","Anger"],"picked":"SKIP","floor":7},{"not_picked":["Metallicize","Hemokinesis"],"picked":"Flame Barrier","floor":14}],"player_experience":1054728,"relics_obtained":[{"floor":6,"key":"Smiling Mask"},{"floor":9,"key":"Bronze Scales"},{"floor":14,"key":"Bag of Preparation"}],"event_choices":[{"damage_healed":0,"gold_gain":0,"cards_transformed":["Strike_R"],"player_choice":"Transformed","damage_taken":0,"max_hp_gain":0,"max_hp_loss":0,"event_name":"Transmorgrifier","floor":2,"gold_loss":0,"cards_obtained":["Blood for Blood"]},{"damage_healed":18,"gold_gain":0,"player_choice":"Healed and dodged fight","damage_taken":0,"max_hp_gain":0,"max_hp_loss":0,"event_name":"Mushrooms","floor":8,"gold_loss":0,"cards_obtained":["Parasite"]},{"damage_healed":0,"gold_gain":0,"player_choice":"Lose Max HP","damage_taken":0,"relics_obtained":["Golden Idol"],"max_hp_gain":0,"max_hp_loss":7,"event_name":"Golden Idol","floor":10,"gold_loss":0},{"damage_healed":0,"gold_gain":0,"player_choice":"Got Potions","damage_taken":0,"max_hp_gain":0,"max_hp_loss":0,"event_name":"Lab","floor":12,"gold_loss":0}],"is_beta":false,"boss_relics":[],"items_purged_floors":[11],"is_endless":false,"potions_floor_spawned":[4,5,7],"killed_by":"Hexaghost","ascension_level":15}