{"gold_per_floor":[116,131,145,207,207,207,221,221,221,221,233,247,15,45,45,144,144,162,175,175,175,186,218,218,248,272,285,45,75,75,7,7,106,106,126,146,246,246,260,260,292,292,292,318,318,331,348,359,359,359],"floor_reached":51,"playtime":1966,"items_purged":["Strike_R","Strike_R"],"score":832,"play_id":"2fc312a5-288b-4383-9a54-6295b9291d4b","local_time":"20190310142932","is_ascension_mode":false,"campfire_choices":[{"data":"Flex","floor":6,"key":"SMITH"},{"data":"Panacea","floor":8,"key":"SMITH"},{"data":"Flex","floor":10,"key":"SMITH"},{"data":"Sword Boomerang","floor":15,"key":"SMITH"},{"floor":30,"key":"REST"},{"data":"Limit Break","floor":32,"key":"SMITH"},{"data":"Flame Barrier","floor":42,"key":"SMITH"},{"data":"Feed","floor":45,"key":"SMITH"},{"floor":49,"key":"REST"}],"neow_cost":"NONE","seed_source_timestamp":741282106944790,"circlet_count":0,"master_deck":["Defend_R","Defend_R+1","Defend_R","Defend_R+1","Bash","Panacea+1","Clothesline","Flex+1","Flex+1","Sword Boomerang+1","Headbutt","Feed+1","Pummel","Limit Break+1","Iron Wave+1","Flame Barrier+1","Reaper","Metallicize+1","Pummel+1","Body Slam+1","Headbutt+1","Burning Pact+1","Madness","Madness","Headbutt+1","Pummel+1","Metallicize+1","Spot Weakness+1","Reaper"],"relics":["Burning Blood","Pen Nib","Vajra","Darkstone Periapt","Mark of Pain","Oddly Smooth Stone","Kunai","Orichalcum","War Paint","Astrolabe","WingedGreaves","Centennial Puzzle","Bottled Lightning","Dodecahedron","Meat on the Bone"],"potions_floor_usage":[23,23,25,25,29,33,50],"damage_taken":[{"damage":1,"enemies":"Cultist","floor":1,"turns":3},{"damage":4,"enemies":"Small Slimes","floor":2,"turns":4},{"damage":0,"enemies":"2 Louse","floor":3,"turns":2},{"damage":2,"enemies":"2 Fungi Beasts","floor":7,"turns":3},{"damage":17,"enemies":"Exordium Wildlife","floor":11,"turns":5},{"damage":9,"enemies":"Blue Slaver","floor":12,"turns":3},{"damage":11,"enemies":"Slime Boss","floor":16,"turns":5},{"damage":5,"enemies":"Chosen","floor":18,"turns":3},{"damage":0,"enemies":"Shell Parasite","floor":19,"turns":3},{"damage":12,"enemies":"Cultist and Chosen","floor":22,"turns":5},{"damage":33,"enemies":"Gremlin Leader","floor":23,"turns":5},{"damage":41,"enemies":"Book of Stabbing","floor":25,"turns":6},{"damage":24,"enemies":"Snake Plant","floor":27,"turns":3},{"damage":9,"enemies":"Gremlin Leader","floor":29,"turns":5},{"damage":54,"enemies":"Automaton","floor":33,"turns":8},{"damage":5,"enemies":"3 Shapes","floor":35,"turns":6},{"damage":1,"enemies":"Orb Walker","floor":36,"turns":3},{"damage":13,"enemies":"Mind Bloom Boss Battle","floor":37,"turns":11},{"damage":35,"enemies":"Maw","floor":39,"turns":10},{"damage":51,"enemies":"Reptomancer","floor":41,"turns":6},{"damage":3,"enemies":"Giant Head","floor":44,"turns":6},{"damage":18,"enemies":"Sphere and 2 Shapes","floor":46,"turns":7},{"damage":15,"enemies":"Writhing Mass","floor":47,"turns":2},{"damage":31,"enemies":"3 Darklings","floor":48,"turns":5},{"damage":109,"enemies":"Awakened One","floor":50,"turns":9}],"seed_played":"-2871759272064585102","potions_obtained":[{"floor":3,"key":"Dexterity Potion"},{"floor":7,"key":"Explosive Potion"},{"floor":11,"key":"BloodPotion"},{"floor":18,"key":"Regen Potion"},{"floor":23,"key":"Block Potion"},{"floor":25,"key":"Block Potion"},{"floor":29,"key":"BloodPotion"},{"floor":37,"key":"Explosive Potion"},{"floor":41,"key":"BloodPotion"},{"floor":48,"key":"FairyPotion"}],"is_trial":false,"path_per_floor":["M","M","M","?","?","R","M","R","T","R","M","M","$","?","R","B",null,"M","M","?","?","M","E","$","E","T","M","$","E","R","$","R","B",null,"M","M","?","?","M","?","E","R","T","E","R","M","M","M","R","B",null],"character_chosen":"IRONCLAD","items_purchased":["Vajra","Limit Break","Flame Barrier"],"campfire_rested":2,"item_purchase_floors":[13,28,31],"current_hp_per_floor":[80,80,80,80,80,80,80,80,80,80,69,66,66,66,66,61,80,83,83,83,83,77,67,67,43,43,28,28,25,52,52,52,13,92,95,98,94,81,67,67,50,50,50,56,56,60,63,72,105,65],"gold":359,"neow_bonus":"RANDOM_COLORLESS","is_prod":false,"is_daily":false,"chose_seed":false,"campfire_upgraded":7,"win_rate":0.0,"timestamp":1552253372,"path_taken":["M","M","M","?","?","R","?","R","T","R","M","M","$","?","R","BOSS","M","M","?","?","M","E","?","E","T","?","$","E","R","$","R","BOSS","M","M","?","?","M","?","E","R","T","E","R","M","M","?","R","BOSS"],"build_version":"2019-01-23","purchased_purges":2,"victory":true,"max_hp_per_floor":[80,80,80,80,80,80,80,80,80,80,80,80,80,80,80,80,80,83,83,83,83,83,86,86,89,89,92,92,92,92,92,92,92,92,95,98,101,101,104,104,104,104,104,107,107,111,111,111,111,115],"card_choices":[{"not_picked":["Headbutt","Pommel Strike"],"picked":"Clothesline","floor":1},{"not_picked":["Heavy Blade","Twin Strike","Power Through"],"picked":"SKIP","floor":2},{"not_picked":["Battle Trance","Perfected Strike"],"picked":"Flex","floor":3},{"not_picked":["Sword Boomerang","Warcry"],"picked":"Flex","floor":7},{"not_picked":["Combust","Reckless Charge"],"picked":"Sword Boomerang","floor":11},{"not_picked":["Perfected Strike","Blood for Blood"],"picked":"Headbutt","floor":12},{"not_picked":["Double Tap","Impervious"],"picked":"Feed","floor":16},{"not_picked":["Burning Pact","Blood for Blood","Body Slam"],"picked":"SKIP","floor":18},{"not_picked":["Clothesline","Uppercut","Iron Wave"],"picked":"SKIP","floor":19},{"not_picked":["Corruption+1","Dropkick+1","Clash"],"picked":"SKIP","floor":22},{"not_picked":["Clothesline","Power Through","Thunderclap"],"picked":"SKIP","floor":23},{"not_picked":["Ghostly Armor","Heavy Blade","Perfected Strike"],"picked":"SKIP","floor":25},{"not_picked":["Shrug It Off","Clothesline"],"picked":"Pummel","floor":27},{"not_picked":["Fiend Fire","Twin Strike+1"],"picked":"Iron Wave+1","floor":29},{"not_picked":["Fiend Fire","Double Tap"],"picked":"Reaper","floor":33},{"not_picked":["Headbutt+1","Rampage+1","Power Through+1"],"picked":"SKIP","floor":35},{"not_picked":["Second Wind+1","Sword Boomerang"],"picked":"Headbutt+1","floor":36},{"not_picked":["Flex","Heavy Blade+1"],"picked":"Burning Pact+1","floor":37},{"not_picked":["Clash+1","Bloodletting"],"picked":"Headbutt+1","floor":39},{"not_picked":["Iron Wave","Perfected Strike+1","Power Through+1"],"picked":"SKIP","floor":41},{"not_picked":["Corruption+1","Iron Wave"],"picked":"Pummel+1","floor":44},{"not_picked":["Disarm+1","Flex"],"picked":"Metallicize+1","floor":46},{"not_picked":["Perfected Strike","Second Wind+1"],"picked":"Spot Weakness+1","floor":47},{"not_picked":["Cleave+1","Rage+1"],"picked":"Reaper","floor":48}],"player_experience":2767,"relics_obtained":[{"floor":9,"key":"Pen Nib"},{"floor":23,"key":"Oddly Smooth Stone"},{"floor":25,"key":"Kunai"},{"floor":26,"key":"Orichalcum"},{"floor":29,"key":"War Paint"},{"floor":37,"key":"WingedGreaves"},{"floor":41,"key":"Bottled Lightning"},{"floor":43,"key":"Dodecahedron"},{"floor":44,"key":"Meat on the Bone"}],"event_choices":[{"damage_healed":0,"gold_gain":62,"player_choice":"Gained Gold","damage_taken":0,"max_hp_gain":0,"max_hp_loss":0,"event_name":"Golden Wing","floor":4,"gold_loss":0},{"cards_removed":["Strike_R"],"damage_healed":0,"gold_gain":0,"player_choice":"Took Card","damage_taken":0,"max_hp_gain":0,"max_hp_loss":0,"event_name":"NoteForYourself","floor":5,"gold_loss":0,"cards_obtained":["Iron Wave"]},{"damage_healed":0,"gold_gain":30,"player_choice":"Searched \u00273\u0027 times","damage_taken":0,"relics_obtained":["Darkstone Periapt"],"max_hp_gain":0,"max_hp_loss":0,"event_name":"Dead Adventurer","floor":14,"gold_loss":0},{"damage_healed":0,"gold_gain":0,"player_choice":"Ignored","damage_taken":0,"max_hp_gain":0,"max_hp_loss":0,"event_name":"Vampires","floor":20,"gold_loss":0},{"damage_healed":0,"gold_gain":0,"player_choice":"Ignored","damage_taken":0,"max_hp_gain":0,"max_hp_loss":0,"event_name":"Ghosts","floor":21,"gold_loss":0},{"damage_healed":0,"gold_gain":0,"player_choice":"Fight","damage_taken":0,"max_hp_gain":0,"max_hp_loss":0,"event_name":"MindBloom","floor":37,"gold_loss":0},{"damage_healed":0,"gold_gain":0,"player_choice":"Embrace Madness","damage_taken":13,"max_hp_gain":0,"max_hp_loss":0,"event_name":"Winding Halls","floor":38,"gold_loss":0,"cards_obtained":["Madness","Madness"]},{"damage_healed":0,"gold_gain":0,"player_choice":"Gave Potion","damage_taken":0,"relics_obtained":["Centennial Puzzle"],"max_hp_gain":0,"max_hp_loss":0,"event_name":"WeMeetAgain","floor":40,"gold_loss":0}],"is_beta":false,"boss_relics":[{"not_picked":["Orrery","Ectoplasm"],"picked":"Mark of Pain"},{"not_picked":["Coffee Dripper","Velvet Choker"],"picked":"Astrolabe"}],"items_purged_floors":[13,28],"is_endless":false,"potions_floor_spawned":[3,7,11,18,23,25,29,37,41,48],"ascension_level":0}