{"gold_per_floor":[118,136,153,153,172,172,200,200,200,217,66,66,80,111,111,206,206,224,224,234,334,267,267,21,51,130,142,173,173,272,297,297,399,399,419,437,437,288,307,307,335,59,59,94,94,108,156,156,156,156],"floor_reached":51,"playtime":3071,"items_purged":["Strike_B"],"score":1129,"play_id":"47f889c4-6085-4722-af37-ef405a128eb3","local_time":"20190502085228","is_ascension_mode":true,"campfire_choices":[{"data":"Hologram","floor":6,"key":"SMITH"},{"data":"Capacitor","floor":8,"key":"SMITH"},{"data":"Zap","floor":12,"key":"SMITH"},{"floor":15,"key":"REST"},{"data":"Creative AI","floor":23,"key":"SMITH"},{"data":"Pain","floor":29,"key":"PURGE"},{"data":"Defend_B","floor":32,"key":"PURGE"},{"data":"Madness","floor":40,"key":"SMITH"},{"data":"Doubt","floor":45,"key":"PURGE"},{"data":"Defend_B","floor":49,"key":"PURGE"}],"neow_cost":"NONE","seed_source_timestamp":202455145066600,"circlet_count":0,"master_deck":["Strike_B","Defend_B","Defend_B","Zap+1","Dualcast","Leap","Capacitor+1","Glacier","Hologram+1","Reprogram","Redo","Chill","Creative AI+1","Self Repair","Chill","BootSequence","Glacier","Undo","Conserve Battery","Conserve Battery+1","Loop","Amplify","Reinforced Body+1","Madness","Madness+1","Self Repair","Conserve Battery","Defragment","Reinforced Body+1"],"relics":["Cracked Core","NeowsBlessing","Bronze Scales","Letter Opener","DataDisk","Peace Pipe","Cursed Key","Enchiridion","Unceasing Top","Bottled Tornado","Cables","Meat on the Bone","Sundial","Blue Candle","Oddly Smooth Stone","Runic Dome","Pantograph","ClockworkSouvenir","The Courier","Juzu Bracelet","Girya"],"potions_floor_usage":[14,14,21,21,21,28],"damage_taken":[{"damage":0,"enemies":"Jaw Worm","floor":1,"turns":1},{"damage":0,"enemies":"Cultist","floor":2,"turns":1},{"damage":0,"enemies":"2 Louse","floor":3,"turns":1},{"damage":2,"enemies":"Looter","floor":5,"turns":4},{"damage":25,"enemies":"Lagavulin","floor":7,"turns":11},{"damage":1,"enemies":"3 Louse","floor":10,"turns":2},{"damage":6,"enemies":"Exordium Thugs","floor":13,"turns":5},{"damage":16,"enemies":"Gremlin Nob","floor":14,"turns":4},{"damage":32,"enemies":"Slime Boss","floor":16,"turns":10},{"damage":16,"enemies":"2 Thieves","floor":18,"turns":4},{"damage":7,"enemies":"Shell Parasite","floor":20,"turns":14},{"damage":11,"enemies":"Colosseum Slavers","floor":21,"turns":5},{"damage":9,"enemies":"Colosseum Nobs","floor":21,"turns":8},{"damage":10,"enemies":"Book of Stabbing","floor":25,"turns":6},{"damage":11,"enemies":"Snake Plant","floor":27,"turns":3},{"damage":3,"enemies":"Slavers","floor":28,"turns":6},{"damage":0,"enemies":"Gremlin Leader","floor":31,"turns":12},{"damage":14,"enemies":"Automaton","floor":33,"turns":8},{"damage":0,"enemies":"3 Shapes","floor":35,"turns":4},{"damage":0,"enemies":"Orb Walker","floor":36,"turns":4},{"damage":45,"enemies":"Jaw Worm Horde","floor":39,"turns":5},{"damage":22,"enemies":"Nemesis","floor":41,"turns":7},{"damage":7,"enemies":"Giant Head","floor":44,"turns":10},{"damage":29,"enemies":"Writhing Mass","floor":46,"turns":5},{"damage":44,"enemies":"2 Orb Walkers","floor":47,"turns":6},{"damage":26,"enemies":"Time Eater","floor":50,"turns":15}],"seed_played":"6384501749919166640","potions_obtained":[{"floor":3,"key":"Ancient Potion"},{"floor":10,"key":"Poison Potion"},{"floor":13,"key":"Explosive Potion"},{"floor":16,"key":"Block Potion"},{"floor":20,"key":"Energy Potion"},{"floor":21,"key":"SteroidPotion"},{"floor":27,"key":"FocusPotion"},{"floor":28,"key":"Swift Potion"},{"floor":33,"key":"SpeedPotion"},{"floor":46,"key":"SkillPotion"}],"is_trial":false,"path_per_floor":["M","M","M","?","M","R","E","R","T","M","$","R","M","E","R","B",null,"M","?","M","?","$","R","$","E","T","M","E","R","?","E","R","B",null,"M","M","?","$","M","R","E","$","T","E","R","M","?","?","R","B",null],"character_chosen":"DEFECT","items_purchased":["DataDisk","Glacier","Cables","Self Repair","ClockworkSouvenir","Defragment"],"campfire_rested":1,"item_purchase_floors":[11,22,24,38,42,42],"current_hp_per_floor":[68,68,68,68,66,66,41,41,41,40,40,40,34,18,40,8,58,42,26,26,20,20,20,20,17,17,25,41,41,41,48,48,53,70,75,75,66,66,47,47,51,51,51,72,72,57,46,46,46,59],"gold":156,"neow_bonus":"THREE_ENEMY_KILL","is_prod":false,"is_daily":false,"chose_seed":false,"campfire_upgraded":5,"win_rate":0,"timestamp":1556779948,"path_taken":["M","M","M","?","M","R","E","R","T","?","?","R","M","E","R","BOSS","M","?","M","?","$","R","$","E","T","M","E","R","?","E","R","BOSS","M","M","?","$","M","R","E","$","T","E","R","M","?","?","R","BOSS"],"build_version":"2019-01-23","purchased_purges":1,"victory":true,"max_hp_per_floor":[75,75,75,75,75,75,75,75,75,75,75,75,75,75,75,75,75,75,75,75,75,75,75,75,75,75,75,75,75,75,75,75,75,75,75,75,75,75,75,75,75,75,75,75,75,75,75,75,75,75],"card_choices":[{"not_picked":["Barrage","FTL"],"picked":"Leap","floor":1},{"not_picked":["Double Energy","Rebound"],"picked":"Capacitor","floor":2},{"not_picked":["Redo","Gash"],"picked":"Glacier","floor":3},{"not_picked":["Go for the Eyes","Stack"],"picked":"Hologram","floor":5},{"not_picked":["Darkness","Compile Driver","Steam Power"],"picked":"SKIP","floor":7},{"not_picked":["Turbo","Darkness"],"picked":"Reprogram","floor":10},{"not_picked":["Doom and Gloom","Sweeping Beam"],"picked":"Redo","floor":13},{"not_picked":["Barrage","Heatsinks"],"picked":"Chill","floor":14},{"not_picked":["Multi-Cast","Reboot"],"picked":"Creative AI","floor":16},{"not_picked":["Ball Lightning","Streamline+1"],"picked":"Self Repair","floor":18},{"not_picked":["Capacitor","Leap"],"picked":"Chill","floor":20},{"not_picked":["Scrape","Chaos"],"picked":"BootSequence","floor":21},{"not_picked":["Turbo","Go for the Eyes"],"picked":"Undo","floor":25},{"not_picked":["Blizzard+1","Go for the Eyes+1"],"picked":"Conserve Battery","floor":27},{"not_picked":["Barrage","Coolheaded"],"picked":"Conserve Battery+1","floor":28},{"not_picked":["Genetic Algorithm","Redo"],"picked":"Loop","floor":31},{"not_picked":["Meteor Strike","Multi-Cast"],"picked":"Amplify","floor":33},{"not_picked":["Coolheaded","Stack+1"],"picked":"Reinforced Body+1","floor":35},{"not_picked":["Compile Driver","Static Discharge","Rebound+1"],"picked":"SKIP","floor":36},{"not_picked":["Beam Cell","Static Discharge+1"],"picked":"Conserve Battery","floor":39},{"not_picked":["Scrape","Aggregate+1","Beam Cell+1"],"picked":"SKIP","floor":41},{"not_picked":["Go for the Eyes","Gash","Compile Driver"],"picked":"SKIP","floor":44},{"not_picked":["Coolheaded","Compile Driver"],"picked":"Reinforced Body+1","floor":46}],"player_experience":976426,"relics_obtained":[{"floor":7,"key":"Bronze Scales"},{"floor":9,"key":"Letter Opener"},{"floor":14,"key":"Peace Pipe"},{"floor":19,"key":"Enchiridion"},{"floor":21,"key":"Unceasing Top"},{"floor":21,"key":"Bottled Tornado"},{"floor":25,"key":"Meat on the Bone"},{"floor":26,"key":"Sundial"},{"floor":28,"key":"Blue Candle"},{"floor":31,"key":"Oddly Smooth Stone"},{"floor":41,"key":"Pantograph"},{"floor":43,"key":"The Courier"},{"floor":44,"key":"Juzu Bracelet"},{"floor":47,"key":"Girya"}],"event_choices":[{"cards_removed":["Strike_B"],"damage_healed":0,"gold_gain":0,"player_choice":"Offered Basic","damage_taken":0,"max_hp_gain":0,"max_hp_loss":0,"event_name":"Bonfire Elementals","floor":4,"gold_loss":0},{"damage_healed":0,"gold_gain":0,"player_choice":"Obtained Book","damage_taken":16,"max_hp_gain":0,"max_hp_loss":0,"event_name":"Cursed Tome","floor":19,"gold_loss":0},{"damage_healed":0,"gold_gain":0,"player_choice":"Fight","damage_taken":0,"max_hp_gain":0,"max_hp_loss":0,"event_name":"Colosseum","floor":21,"gold_loss":0},{"damage_healed":0,"gold_gain":0,"player_choice":"Fought Nobs","damage_taken":0,"max_hp_gain":0,"max_hp_loss":0,"event_name":"Colosseum","floor":21,"gold_loss":0},{"damage_healed":0,"gold_gain":99,"player_choice":"Stole From Cult","damage_taken":0,"max_hp_gain":0,"max_hp_loss":0,"event_name":"Nest","floor":30,"gold_loss":0},{"damage_healed":0,"gold_gain":0,"player_choice":"Embrace Madness","damage_taken":9,"max_hp_gain":0,"max_hp_loss":0,"event_name":"Winding Halls","floor":37,"gold_loss":0,"cards_obtained":["Madness","Madness"]},{"damage_healed":0,"gold_gain":0,"player_choice":"Fight","damage_taken":0,"max_hp_gain":0,"max_hp_loss":0,"event_name":"Mysterious Sphere","floor":47,"gold_loss":0},{"cards_removed":["Strike_B"],"damage_healed":0,"gold_gain":0,"player_choice":"Removed Attack","damage_taken":0,"max_hp_gain":0,"max_hp_loss":0,"event_name":"Falling","floor":48,"gold_loss":0}],"is_beta":false,"boss_relics":[{"not_picked":["Runic Pyramid","Calling Bell"],"picked":"Cursed Key"},{"not_picked":["Empty Cage","Snecko Eye"],"picked":"Runic Dome"}],"items_purged_floors":[38],"is_endless":false,"potions_floor_spawned":[3,10,13,16,20,21,27,28,33,39,41,46,47],"ascension_level":8}