{"gold_per_floor":[115,127,137,137,157,157,183,195,244,268,268,108,142,160,160,262,262,273,293,191,191,203,203,213,123,123,143,161,176,186,219,219,316,366,381,396,102,102,102,122,157,157,157,157],"floor_reached":44,"playtime":2848,"items_purged":["Strike_G"],"score":699,"play_id":"b707afd3-5c69-452a-a585-39ef7336358b","local_time":"20190331170538","is_ascension_mode":true,"campfire_choices":[{"data":"Dash","floor":6,"key":"SMITH"},{"data":"Glass Knife","floor":11,"key":"SMITH"},{"floor":15,"key":"REST"},{"floor":23,"key":"REST"},{"data":"Burst","floor":32,"key":"SMITH"},{"floor":42,"key":"REST"}],"neow_cost":"NONE","seed_source_timestamp":74570872534619,"circlet_count":0,"master_deck":["Defend_G","Defend_G","Defend_G","Defend_G","Strike_G","Strike_G+1","Strike_G","Survivor","Neutralize","Impatience","Leg Sweep","PiercingWail","Dash+1","Quick Slash","Glass Knife+1","Noxious Fumes+1","Malaise","Deadly Poison","Backstab+1","Noxious Fumes","Deflect","Catalyst","Catalyst+1","Footwork","Burst+1","Burst","Poisoned Stab+1","Backflip+1","Crippling Poison","Caltrops","PiercingWail+1"],"relics":["Ring of the Snake","Strawberry","Singing Bowl","Centennial Puzzle","Odd Mushroom","Oddly Smooth Stone","Runic Dome","Enchiridion","Meat on the Bone","Bag of Preparation","Tiny House","Bronze Scales","Potion Belt"],"potions_floor_usage":[7,7,16,29,31,31,33,33,41,44],"damage_taken":[{"damage":0,"enemies":"2 Louse","floor":1,"turns":3},{"damage":0,"enemies":"Small Slimes","floor":2,"turns":5},{"damage":10,"enemies":"Jaw Worm","floor":3,"turns":7},{"damage":0,"enemies":"3 Louse","floor":5,"turns":2},{"damage":5,"enemies":"3 Sentries","floor":7,"turns":8},{"damage":16,"enemies":"Lots of Slimes","floor":8,"turns":5},{"damage":1,"enemies":"The Mushroom Lair","floor":10,"turns":4},{"damage":25,"enemies":"Gremlin Nob","floor":13,"turns":5},{"damage":0,"enemies":"Large Slime","floor":14,"turns":3},{"damage":2,"enemies":"Hexaghost","floor":16,"turns":10},{"damage":12,"enemies":"3 Byrds","floor":18,"turns":5},{"damage":27,"enemies":"2 Thieves","floor":19,"turns":4},{"damage":10,"enemies":"3 Cultists","floor":22,"turns":5},{"damage":9,"enemies":"Snake Plant","floor":24,"turns":5},{"damage":4,"enemies":"Snecko","floor":27,"turns":4},{"damage":6,"enemies":"Shelled Parasite and Fungi","floor":28,"turns":5},{"damage":4,"enemies":"Cultist and Chosen","floor":29,"turns":5},{"damage":0,"enemies":"Centurion and Healer","floor":30,"turns":5},{"damage":20,"enemies":"Slavers","floor":31,"turns":5},{"damage":37,"enemies":"Collector","floor":33,"turns":5},{"damage":13,"enemies":"3 Darklings","floor":35,"turns":6},{"damage":0,"enemies":"3 Shapes","floor":36,"turns":5},{"damage":11,"enemies":"Jaw Worm Horde","floor":40,"turns":4},{"damage":49,"enemies":"Giant Head","floor":41,"turns":10},{"damage":66,"enemies":"Nemesis","floor":44,"turns":8}],"seed_played":"-2180227778370843066","potions_obtained":[{"floor":2,"key":"Explosive Potion"},{"floor":3,"key":"Weak Potion"},{"floor":5,"key":"Energy Potion"},{"floor":10,"key":"PowerPotion"},{"floor":22,"key":"EssenceOfSteel"},{"floor":30,"key":"Block Potion"},{"floor":31,"key":"LiquidBronze"},{"floor":33,"key":"Strength Potion"},{"floor":34,"key":"EntropicBrew"},{"floor":36,"key":"Swift Potion"},{"floor":39,"key":"Block Potion"},{"floor":41,"key":"Poison Potion"}],"is_trial":false,"path_per_floor":["M","M","M","?","M","R","E","M","T","?","R","$","E","M","R","B",null,"M","M","$","?","M","R","M","?","T","M","M","M","M","E","R","B",null,"M","M","$","?","?","M","E","R","T","E"],"character_chosen":"THE_SILENT","items_purchased":["Noxious Fumes","Strength Potion","Noxious Fumes","Deflect","Bronze Scales","Crippling Poison","Caltrops"],"campfire_rested":3,"item_purchase_floors":[12,12,20,20,37,37,37],"current_hp_per_floor":[63,63,53,48,48,48,43,29,29,30,30,30,7,9,34,32,72,60,33,33,17,7,32,23,23,23,33,41,51,51,43,43,18,80,67,67,67,67,67,56,21,51,51,0],"gold":157,"neow_bonus":"RANDOM_COLORLESS","is_prod":false,"is_daily":false,"chose_seed":false,"campfire_upgraded":3,"win_rate":0,"timestamp":1554077138,"path_taken":["M","M","M","?","M","R","E","M","T","?","R","$","E","M","R","BOSS","M","M","$","?","M","R","M","?","T","?","M","M","M","E","R","BOSS","M","M","$","?","?","M","E","R","T","E"],"build_version":"2019-01-23","purchased_purges":1,"victory":false,"max_hp_per_floor":[70,70,70,77,77,77,77,79,79,81,81,81,83,85,85,85,85,85,85,85,85,85,85,85,85,85,87,89,91,91,91,91,91,98,98,98,98,98,98,98,100,100,100,100],"card_choices":[{"not_picked":["Dash","Prepared"],"picked":"Leg Sweep","floor":1},{"not_picked":["Calculated Gamble","Escape Plan"],"picked":"PiercingWail","floor":2},{"not_picked":["Bane","Backflip"],"picked":"Dash","floor":3},{"not_picked":["Deflect","Acrobatics"],"picked":"Quick Slash","floor":5},{"not_picked":["Choke","Finisher"],"picked":"Glass Knife","floor":7},{"not_picked":["Cloak And Dagger","Backflip","Catalyst"],"picked":"Singing Bowl","floor":8},{"not_picked":["Acrobatics","Slice","Infinite Blades"],"picked":"Singing Bowl","floor":10},{"not_picked":["Acrobatics","Flechettes","Storm of Steel"],"picked":"Singing Bowl","floor":13},{"not_picked":["Dagger Spray","Bane","Masterful Stab"],"picked":"Singing Bowl","floor":14},{"not_picked":["Phantasmal Killer","Envenom"],"picked":"Malaise","floor":16},{"not_picked":["Predator+1","Slice"],"picked":"Deadly Poison","floor":18},{"not_picked":["Infinite Blades","Bouncing Flask"],"picked":"Backstab+1","floor":19},{"not_picked":["Dagger Spray","Quick Slash"],"picked":"Catalyst","floor":22},{"not_picked":["Blade Dance","Dagger Throw"],"picked":"Catalyst+1","floor":24},{"not_picked":["Outmaneuver+1","All Out Attack+1","Infinite Blades"],"picked":"Singing Bowl","floor":27},{"not_picked":["Underhanded Strike","Acrobatics","Blade Dance+1"],"picked":"Singing Bowl","floor":28},{"not_picked":["Underhanded Strike","Riddle With Holes","Quick Slash"],"picked":"Singing Bowl","floor":29},{"not_picked":["Underhanded Strike","Bane"],"picked":"Footwork","floor":30},{"not_picked":["Infinite Blades","Dagger Spray+1"],"picked":"Burst","floor":31},{"not_picked":["Doppelganger","Wraith Form v2"],"picked":"Burst","floor":33},{"not_picked":["Slice","Dodge and Roll","Reflex"],"picked":"Singing Bowl","floor":34},{"not_picked":["Noxious Fumes","Deflect+1"],"picked":"Poisoned Stab+1","floor":35},{"not_picked":["Blur+1","Dagger Spray+1"],"picked":"Backflip+1","floor":36},{"not_picked":["Grand Finale","Cloak And Dagger+1"],"picked":"PiercingWail+1","floor":40},{"not_picked":["Underhanded Strike+1","Flying Knee","Backstab+1"],"picked":"Singing Bowl","floor":41}],"player_experience":106096,"relics_obtained":[{"floor":7,"key":"Singing Bowl"},{"floor":9,"key":"Centennial Puzzle"},{"floor":10,"key":"Odd Mushroom"},{"floor":13,"key":"Oddly Smooth Stone"},{"floor":21,"key":"Enchiridion"},{"floor":26,"key":"Meat on the Bone"},{"floor":31,"key":"Bag of Preparation"},{"floor":41,"key":"Potion Belt"}],"event_choices":[{"damage_healed":0,"gold_gain":0,"player_choice":"Success","damage_taken":12,"relics_obtained":["Strawberry"],"max_hp_gain":0,"max_hp_loss":0,"event_name":"Scrap Ooze","floor":4,"gold_loss":0},{"damage_healed":0,"gold_gain":0,"player_choice":"Fought Mushrooms","damage_taken":0,"max_hp_gain":0,"max_hp_loss":0,"event_name":"Mushrooms","floor":10,"gold_loss":0},{"damage_healed":0,"gold_gain":0,"player_choice":"Obtained Book","damage_taken":16,"max_hp_gain":0,"max_hp_loss":0,"event_name":"Cursed Tome","floor":21,"gold_loss":0},{"cards_removed":["Strike_G"],"damage_healed":0,"gold_gain":0,"player_choice":"Upgrade and Remove","damage_taken":0,"max_hp_gain":0,"max_hp_loss":0,"event_name":"Designer","floor":25,"gold_loss":90,"cards_upgraded":["Noxious Fumes"]},{"cards_removed":["Defend_G"],"damage_healed":0,"gold_gain":0,"player_choice":"Removed Skill","damage_taken":0,"max_hp_gain":0,"max_hp_loss":0,"event_name":"Falling","floor":38,"gold_loss":0},{"damage_healed":0,"gold_gain":0,"player_choice":"Got Potions","damage_taken":0,"max_hp_gain":0,"max_hp_loss":0,"event_name":"Lab","floor":39,"gold_loss":0}],"is_beta":false,"boss_relics":[{"not_picked":["Coffee Dripper","Eternal Feather"],"picked":"Runic Dome"},{"not_picked":["Calling Bell","Orrery"],"picked":"Tiny House"}],"items_purged_floors":[12],"is_endless":false,"potions_floor_spawned":[2,3,5,10,13,22,24,30,31,33,36,40,41],"killed_by":"Nemesis","ascension_level":6}