{"gold_per_floor":[113,113,124,141,158,217,217,250,250,284,296,296,296,316,316,418,418,428,443,458,312,312,312],"floor_reached":23,"playtime":828,"items_purged":[],"score":274,"play_id":"675056af-cf54-416a-b3e3-ed7120924c2d","local_time":"20190422165339","is_ascension_mode":true,"campfire_choices":[{"data":"Double Energy","floor":7,"key":"SMITH"},{"floor":15,"key":"REST"}],"neow_cost":"NONE","seed_source_timestamp":1103070516670099,"circlet_count":0,"master_deck":["Strike_B","Strike_B","Strike_B","Strike_B","Defend_B","Defend_B","Defend_B","Defend_B","Zap","Dualcast","Meteor Strike","Sunder+1","Sunder","Double Energy+1","Sunder","Glacier","Fission","Double Energy","Hello World","Meteor Strike","Turbo","Conserve Battery","Meteor Strike"],"relics":["Cracked Core","Tiny Chest","Juzu Bracelet","Bag of Preparation","Singing Bowl","CultistMask","Velvet Choker","Happy Flower"],"potions_floor_usage":[6,10,10],"damage_taken":[{"damage":12,"enemies":"2 Louse","floor":1,"turns":2},{"damage":0,"enemies":"Cultist","floor":3,"turns":2},{"damage":9,"enemies":"Jaw Worm","floor":4,"turns":3},{"damage":6,"enemies":"Looter","floor":5,"turns":2},{"damage":16,"enemies":"Gremlin Nob","floor":6,"turns":3},{"damage":10,"enemies":"3 Sentries","floor":8,"turns":6},{"damage":0,"enemies":"Lagavulin","floor":10,"turns":2},{"damage":6,"enemies":"Gremlin Gang","floor":11,"turns":3},{"damage":6,"enemies":"Exordium Thugs","floor":14,"turns":3},{"damage":13,"enemies":"Hexaghost","floor":16,"turns":9},{"damage":23,"enemies":"Shell Parasite","floor":18,"turns":4},{"damage":1,"enemies":"2 Thieves","floor":19,"turns":3},{"damage":2,"enemies":"3 Cultists","floor":20,"turns":6},{"damage":53,"enemies":"Gremlin Leader","floor":23,"turns":5}],"seed_played":"566964392436404494","potions_obtained":[{"floor":3,"key":"Strength Potion"},{"floor":5,"key":"AttackPotion"},{"floor":8,"key":"SteroidPotion"},{"floor":11,"key":"AttackPotion"},{"floor":13,"key":"SpeedPotion"},{"floor":13,"key":"SmokeBomb"}],"is_trial":false,"path_per_floor":["M","?","M","M","M","E","R","E","T","E","M","?","?","M","R","B",null,"M","M","M","$","?","E"],"character_chosen":"DEFECT","items_purchased":["Happy Flower"],"campfire_rested":1,"item_purchase_floors":[21],"current_hp_per_floor":[63,63,63,54,48,32,32,22,22,24,18,18,18,12,35,22,77,54,53,51,51,51,0],"gold":312,"neow_bonus":"ONE_RANDOM_RARE_CARD","is_prod":false,"is_daily":false,"chose_seed":false,"campfire_upgraded":1,"win_rate":0,"timestamp":1555944819,"path_taken":["M","?","M","M","M","E","R","E","T","E","M","?","?","M","R","BOSS","M","M","M","$","?","E"],"build_version":"2019-01-23","purchased_purges":0,"victory":false,"max_hp_per_floor":[75,75,75,75,75,75,75,75,75,77,77,77,77,77,77,77,77,77,77,77,77,77,77],"card_choices":[{"not_picked":["Conserve Battery","Ball Lightning"],"picked":"Sunder","floor":1},{"not_picked":["Recycle","Streamline"],"picked":"Sunder","floor":3},{"not_picked":["Rip and Tear","Compile Driver"],"picked":"Double Energy","floor":4},{"not_picked":["Stack","Barrage"],"picked":"Sunder","floor":5},{"not_picked":["Coolheaded","Barrage"],"picked":"Glacier","floor":6},{"not_picked":["Compile Driver","FTL"],"picked":"Fission","floor":8},{"not_picked":["Static Discharge","Ball Lightning","FTL"],"picked":"Singing Bowl","floor":10},{"not_picked":["Compile Driver","Tempest"],"picked":"Double Energy","floor":11},{"not_picked":["Gash","Doom and Gloom"],"picked":"Hello World","floor":14},{"not_picked":["Echo Form","All For One"],"picked":"Meteor Strike","floor":16},{"not_picked":["Cold Snap","Go for the Eyes"],"picked":"Turbo","floor":18},{"not_picked":["Gash+1","Redo+1"],"picked":"Conserve Battery","floor":19},{"not_picked":["Force Field+1","Coolheaded"],"picked":"Meteor Strike","floor":20}],"player_experience":586162,"relics_obtained":[{"floor":6,"key":"Tiny Chest"},{"floor":8,"key":"Juzu Bracelet"},{"floor":9,"key":"Bag of Preparation"},{"floor":10,"key":"Singing Bowl"}],"event_choices":[{"damage_healed":0,"gold_gain":0,"player_choice":"Upgraded","damage_taken":0,"max_hp_gain":0,"max_hp_loss":0,"event_name":"Upgrade Shrine","floor":2,"gold_loss":0,"cards_upgraded":["Sunder"]},{"damage_healed":0,"gold_gain":0,"player_choice":"Trade","damage_taken":0,"relics_obtained":["CultistMask"],"max_hp_gain":0,"max_hp_loss":0,"event_name":"FaceTrader","floor":12,"gold_loss":0},{"damage_healed":0,"gold_gain":0,"player_choice":"Got Potions","damage_taken":0,"max_hp_gain":0,"max_hp_loss":0,"event_name":"Lab","floor":13,"gold_loss":0},{"damage_healed":0,"gold_gain":0,"player_choice":"Ignored","damage_taken":0,"max_hp_gain":0,"max_hp_loss":0,"event_name":"Vampires","floor":22,"gold_loss":0}],"is_beta":false,"boss_relics":[{"not_picked":["Empty Cage","Lizard Tail"],"picked":"Velvet Choker"}],"items_purged_floors":[],"is_endless":false,"potions_floor_spawned":[3,5,8,11,14,19],"killed_by":"Gremlin Leader","ascension_level":3}