{"gold_per_floor":[119,119,130,305,3,3,38,54,54,86,86,36,56,56,56,154,204,222,238,238,257,277,304,304,319,319,329,329,329,356,375,375,479,479,495,505,505,505,520,550,566,566,615,615,696,696,17,29,29,29],"floor_reached":51,"playtime":3477,"items_purged":["Shame"],"score":957,"play_id":"f0503ba3-591f-4786-ae49-d82230c8a5fb","local_time":"20190401192410","is_ascension_mode":true,"campfire_choices":[{"data":"Survivor","floor":6,"key":"SMITH"},{"data":"Poisoned Stab","floor":11,"key":"SMITH"},{"data":"Dagger Spray","floor":15,"key":"SMITH"},{"data":"Burst","floor":24,"key":"SMITH"},{"data":"Crippling Poison","floor":28,"key":"SMITH"},{"data":"Malaise","floor":32,"key":"SMITH"},{"data":"Leg Sweep","floor":42,"key":"SMITH"},{"data":"Poisoned Stab","floor":46,"key":"SMITH"},{"data":"Burst","floor":49,"key":"SMITH"}],"neow_cost":"NONE","seed_source_timestamp":16194640608289,"circlet_count":0,"master_deck":["Defend_G+1","Defend_G+1","Defend_G+1","Defend_G+1","Strike_G+1","Strike_G+1","Strike_G+1","Strike_G+1","Strike_G+1","Survivor+1","Neutralize+1","Caltrops","Dagger Spray+1","Well Laid Plans","Cloak And Dagger+1","Poisoned Stab+1","Backflip+1","Poisoned Stab+1","Adrenaline","Burst+1","Leg Sweep+1","Dagger Throw+1","Blur","PiercingWail+1","Crippling Poison+1","Poisoned Stab","Eviscerate","Malaise+1","Burst+1","Deadly Poison+1","Blade Dance+1","Parasite","Dodge and Roll+1","PiercingWail+1","Bane","Doubt","Caltrops","Caltrops+1"],"relics":["Ring of the Snake","NeowsBlessing","Medical Kit","Incense Burner","Thread and Needle","Mercury Hourglass","Tiny House","PreservedInsect","Matryoshka","Omamori","Calling Bell","Art of War","Shuriken","FossilizedHelix","Du-Vu Doll","Vajra","Regal Pillow","Centennial Puzzle","Dodecahedron","War Paint","Tough Bandages"],"potions_floor_usage":[10,16,23,33,33,39,39,40,50,50,50],"damage_taken":[{"damage":0,"enemies":"2 Louse","floor":1,"turns":1},{"damage":0,"enemies":"Cultist","floor":3,"turns":1},{"damage":0,"enemies":"Gremlin Nob","floor":7,"turns":1},{"damage":0,"enemies":"Small Slimes","floor":8,"turns":2},{"damage":8,"enemies":"Lagavulin","floor":10,"turns":9},{"damage":0,"enemies":"Blue Slaver","floor":13,"turns":3},{"damage":4,"enemies":"Slime Boss","floor":16,"turns":8},{"damage":0,"enemies":"Spheric Guardian","floor":18,"turns":5},{"damage":9,"enemies":"2 Thieves","floor":19,"turns":4},{"damage":0,"enemies":"Snake Plant","floor":21,"turns":4},{"damage":11,"enemies":"Snecko","floor":22,"turns":5},{"damage":0,"enemies":"Gremlin Leader","floor":23,"turns":9},{"damage":0,"enemies":"Sentry and Sphere","floor":25,"turns":7},{"damage":2,"enemies":"Snake Plant","floor":27,"turns":5},{"damage":0,"enemies":"Book of Stabbing","floor":30,"turns":5},{"damage":4,"enemies":"Cultist and Chosen","floor":31,"turns":6},{"damage":0,"enemies":"Automaton","floor":33,"turns":14},{"damage":0,"enemies":"3 Darklings","floor":35,"turns":5},{"damage":0,"enemies":"3 Shapes","floor":36,"turns":6},{"damage":0,"enemies":"Writhing Mass","floor":39,"turns":6},{"damage":3,"enemies":"Nemesis","floor":40,"turns":8},{"damage":33,"enemies":"Jaw Worm Horde","floor":41,"turns":6},{"damage":0,"enemies":"Maw","floor":48,"turns":7},{"damage":3,"enemies":"Time Eater","floor":50,"turns":11}],"seed_played":"19981605226570765","potions_obtained":[{"floor":3,"key":"AttackPotion"},{"floor":13,"key":"Explosive Potion"},{"floor":17,"key":"GamblersBrew"},{"floor":21,"key":"LiquidBronze"},{"floor":25,"key":"Explosive Potion"},{"floor":30,"key":"Strength Potion"},{"floor":35,"key":"Energy Potion"},{"floor":36,"key":"Poison Potion"},{"floor":41,"key":"EntropicBrew"}],"is_trial":false,"path_per_floor":["M","?","M","?","$","R","E","M","T","E","R","?","M","$","R","B",null,"M","M","?","M","M","E","R","M","T","M","R","?","E","M","R","B",null,"M","M","?","?","M","E","M","R","T","?","T","R","$","M","R","B",null],"character_chosen":"THE_SILENT","items_purchased":["Medical Kit","Well Laid Plans","Cloak And Dagger","War Paint","Caltrops","Tough Bandages","Regen Potion"],"campfire_rested":0,"item_purchase_floors":[5,5,5,47,47,47,47],"current_hp_per_floor":[70,70,70,70,70,70,70,70,70,62,62,62,62,62,62,58,75,75,66,66,66,55,55,55,55,55,53,53,53,53,49,49,49,75,75,75,75,75,75,72,39,39,39,75,75,75,75,75,75,72],"gold":29,"neow_bonus":"THREE_ENEMY_KILL","is_prod":false,"is_daily":false,"chose_seed":false,"campfire_upgraded":9,"win_rate":0,"timestamp":1554139450,"path_taken":["M","?","?","?","$","R","E","M","T","E","R","?","M","$","R","BOSS","M","M","?","M","M","E","R","M","T","M","R","?","E","?","R","BOSS","M","M","?","?","?","E","M","R","T","?","?","R","$","M","R","BOSS"],"build_version":"2019-01-23","purchased_purges":1,"victory":true,"max_hp_per_floor":[70,70,70,70,70,70,70,70,70,70,70,70,70,70,70,70,75,75,75,75,75,75,75,75,75,75,75,75,75,75,75,75,75,75,75,75,75,75,75,75,75,75,75,75,75,75,75,75,75,75],"card_choices":[{"not_picked":["Slice","Dagger Throw"],"picked":"Caltrops","floor":1},{"not_picked":["Catalyst","Dagger Throw"],"picked":"Dagger Spray","floor":3},{"not_picked":["Deflect","Bane"],"picked":"Poisoned Stab","floor":7},{"not_picked":["Masterful Stab","Quick Slash"],"picked":"Backflip","floor":8},{"not_picked":["Underhanded Strike","Slice"],"picked":"Poisoned Stab","floor":10},{"not_picked":["Dagger Spray","Prepared"],"picked":"Adrenaline","floor":13},{"not_picked":["Bullet Time","Phantasmal Killer"],"picked":"Burst","floor":16},{"not_picked":["Catalyst","Quick Slash"],"picked":"Leg Sweep","floor":17},{"not_picked":["Backflip","Acrobatics"],"picked":"Quick Slash","floor":18},{"not_picked":["Terror","Dodge and Roll"],"picked":"Dagger Throw+1","floor":19},{"not_picked":["Distraction","Tactician+1"],"picked":"Blur","floor":21},{"not_picked":["Terror","Expertise"],"picked":"PiercingWail","floor":22},{"not_picked":["After Image","Outmaneuver"],"picked":"Crippling Poison","floor":23},{"not_picked":["Outmaneuver","Quick Slash"],"picked":"Poisoned Stab","floor":25},{"not_picked":["Bane","Acrobatics","Flying Knee+1"],"picked":"SKIP","floor":27},{"not_picked":["Blade Dance+1","Calculated Gamble"],"picked":"Malaise","floor":30},{"not_picked":["PiercingWail","Reflex","Backflip"],"picked":"SKIP","floor":31},{"not_picked":["Grand Finale","Doppelganger"],"picked":"Burst","floor":33},{"not_picked":["Blade Dance","Tactician"],"picked":"Deadly Poison+1","floor":35},{"not_picked":["All Out Attack","Predator"],"picked":"Blade Dance+1","floor":36},{"not_picked":["Underhanded Strike+1","Acrobatics+1"],"picked":"Dodge and Roll+1","floor":39},{"not_picked":["Heel Hook+1","Glass Knife"],"picked":"PiercingWail+1","floor":40},{"not_picked":["Underhanded Strike","Heel Hook"],"picked":"Bane","floor":41},{"not_picked":["Sucker Punch","Terror"],"picked":"Caltrops+1","floor":48}],"player_experience":218648,"relics_obtained":[{"floor":7,"key":"Incense Burner"},{"floor":9,"key":"Thread and Needle"},{"floor":10,"key":"Mercury Hourglass"},{"floor":23,"key":"PreservedInsect"},{"floor":26,"key":"Matryoshka"},{"floor":30,"key":"Omamori"},{"floor":34,"key":"Art of War"},{"floor":34,"key":"Shuriken"},{"floor":34,"key":"FossilizedHelix"},{"floor":40,"key":"Du-Vu Doll"},{"floor":43,"key":"Vajra"},{"floor":43,"key":"Regal Pillow"},{"floor":45,"key":"Centennial Puzzle"},{"floor":45,"key":"Dodecahedron"}],"event_choices":[{"damage_healed":0,"gold_gain":0,"player_choice":"Forge","damage_taken":0,"max_hp_gain":0,"max_hp_loss":0,"event_name":"Accursed Blacksmith","floor":2,"gold_loss":0,"cards_upgraded":["Neutralize"]},{"damage_healed":0,"gold_gain":175,"player_choice":"AGREE","damage_taken":0,"max_hp_gain":0,"max_hp_loss":0,"event_name":"Liars Game","floor":4,"gold_loss":0,"cards_obtained":["Doubt"]},{"cards_removed":["Doubt"],"damage_healed":0,"gold_gain":0,"player_choice":"Card Removal","damage_taken":0,"max_hp_gain":0,"max_hp_loss":0,"event_name":"The Cleric","floor":12,"gold_loss":50},{"damage_healed":0,"gold_gain":0,"player_choice":"Simplicity","damage_taken":0,"max_hp_gain":0,"max_hp_loss":0,"event_name":"Back to Basics","floor":20,"gold_loss":0,"cards_upgraded":["Defend_G","Defend_G","Defend_G","Defend_G","Defend_G","Strike_G","Strike_G","Strike_G","Strike_G","Strike_G"]},{"damage_healed":0,"gold_gain":0,"cards_transformed":["Quick Slash"],"player_choice":"Transformed","damage_taken":0,"max_hp_gain":0,"max_hp_loss":0,"event_name":"Transmorgrifier","floor":29,"gold_loss":0,"cards_obtained":["Eviscerate"]},{"cards_removed":["Defend_G"],"damage_healed":0,"gold_gain":0,"player_choice":"Removed Skill","damage_taken":0,"max_hp_gain":0,"max_hp_loss":0,"event_name":"Falling","floor":37,"gold_loss":0},{"damage_healed":0,"gold_gain":0,"player_choice":"Ignored","damage_taken":0,"max_hp_gain":0,"max_hp_loss":0,"event_name":"Tomb of Lord Red Mask","floor":38,"gold_loss":0},{"damage_healed":36,"gold_gain":0,"player_choice":"Heal","damage_taken":0,"max_hp_gain":0,"max_hp_loss":0,"event_name":"MindBloom","floor":44,"gold_loss":0,"cards_obtained":["Doubt"]}],"is_beta":false,"boss_relics":[{"not_picked":["HoveringKite","Snecko Eye"],"picked":"Tiny House"},{"not_picked":["Velvet Choker","Fusion Hammer"],"picked":"Calling Bell"}],"items_purged_floors":[47],"is_endless":false,"potions_floor_spawned":[3,13,21,25,30,31,35,36,41],"ascension_level":2}