{"gold_per_floor":[113,127,53,72,82,141,66,81,81,81,81,96,96,111,111,212,212,231,109,128,3,3,3,22,49,73,73,73,73],"floor_reached":29,"playtime":1241,"items_purged":["Strike_R","Defend_R","Strike_R"],"score":257,"play_id":"21d7f73c-9423-4170-9ac4-398b363a88b0","local_time":"20190408194458","is_ascension_mode":true,"campfire_choices":[{"data":"Uppercut","floor":11.0,"key":"SMITH"},{"data":"Demon Form","floor":15.0,"key":"SMITH"},{"data":"Uppercut","floor":23.0,"key":"SMITH"},{"floor":28,"key":"REST"}],"neow_cost":"NONE","seed_source_timestamp":111509132312994,"circlet_count":0,"master_deck":["Strike_R","Strike_R","Defend_R+1","Defend_R+1","Bash","Pommel Strike","Twin Strike","Uppercut+1","Dropkick","Uppercut+1","Whirlwind","Pommel Strike","Shrug It Off","Demon Form+1","Shrug It Off","Feed","Hemokinesis","Body Slam","Pommel Strike+1"],"special_seed":0,"relics":["Burning Blood","Tiny Chest","War Paint","Pen Nib","Empty Cage","Frozen Egg 2","Omamori"],"potions_floor_usage":[],"damage_taken":[{"damage":6.0,"enemies":"Jaw Worm","floor":1.0,"turns":4.0},{"damage":2.0,"enemies":"2 Louse","floor":2.0,"turns":3.0},{"damage":1.0,"enemies":"Cultist","floor":4.0,"turns":3.0},{"damage":15.0,"enemies":"Large Slime","floor":5.0,"turns":4.0},{"damage":31.0,"enemies":"3 Sentries","floor":6.0,"turns":9.0},{"damage":9.0,"enemies":"Looter","floor":8.0,"turns":4.0},{"damage":0.0,"enemies":"2 Fungi Beasts","floor":12.0,"turns":4.0},{"damage":0.0,"enemies":"Blue Slaver","floor":14.0,"turns":2.0},{"damage":26.0,"enemies":"Slime Boss","floor":16.0,"turns":5.0},{"damage":27.0,"enemies":"2 Thieves","floor":18.0,"turns":4.0},{"damage":5.0,"enemies":"3 Byrds","floor":20.0,"turns":3.0},{"damage":15.0,"enemies":"Centurion and Healer","floor":24.0,"turns":9.0},{"damage":47,"enemies":"Slavers","floor":25,"turns":7},{"damage":48,"enemies":"Sentry and Sphere","floor":29,"turns":5}],"seed_played":"1762148036154325689","potions_obtained":[{"floor":5.0,"key":"Block Potion"},{"floor":8.0,"key":"SpeedPotion"},{"floor":12.0,"key":"Dexterity Potion"},{"floor":14.0,"key":"AttackPotion"},{"floor":16.0,"key":"Swift Potion"},{"floor":18.0,"key":"Dexterity Potion"}],"is_trial":false,"path_per_floor":["M","M","$","M","M","E","$","M","T","?","R","M","?","M","R","B",null,"M","$","M","$","?","R","M","E","T","?","R","M"],"character_chosen":"IRONCLAD","items_purchased":["Uppercut","Shrug It Off"],"campfire_rested":1,"item_purchase_floors":[3,19],"current_hp_per_floor":[88,88,88,88,79,54,54,51,51,48,48,54,83,88,88,68,88,67,67,68,68,68,68,62,21,21,21,48,0],"gold":73,"neow_bonus":"TEN_PERCENT_HP_BONUS","is_prod":false,"is_daily":false,"chose_seed":false,"campfire_upgraded":3,"win_rate":0,"timestamp":1554745498,"path_taken":["M","M","$","M","M","E","$","M","T","?","R","M","?","M","R","BOSS","M","$","M","$","?","R","?","E","T","?","R","M"],"build_version":"2019-01-23","purchased_purges":3,"victory":false,"max_hp_per_floor":[88,88,88,88,88,88,88,88,88,88,88,88,88,88,88,88,88,88,88,88,88,88,88,91,91,91,91,91,91],"card_choices":[{"not_picked":["Clothesline","Carnage"],"picked":"Pommel Strike","floor":1.0},{"not_picked":["Flex","Clash"],"picked":"Twin Strike","floor":2.0},{"not_picked":["Clothesline","Feel No Pain"],"picked":"Dropkick","floor":4.0},{"not_picked":["Havoc","Iron Wave"],"picked":"Uppercut","floor":5.0},{"not_picked":["Rage","Body Slam"],"picked":"Whirlwind","floor":6.0},{"not_picked":["Fiend Fire","Sword Boomerang"],"picked":"Pommel Strike","floor":8.0},{"not_picked":["Sword Boomerang","Intimidate"],"picked":"Shrug It Off","floor":12.0},{"not_picked":["Shrug It Off","Thunderclap"],"picked":"Demon Form","floor":14.0},{"not_picked":["Body Slam","Clothesline","Pommel Strike"],"picked":"SKIP","floor":18.0},{"not_picked":["Perfected Strike","Dual Wield"],"picked":"Feed","floor":20.0},{"not_picked":["Thunderclap","Sever Soul"],"picked":"Pommel Strike+1","floor":24.0},{"not_picked":["Headbutt","Impervious","Intimidate+1"],"picked":"SKIP","floor":25}],"player_experience":326104,"relics_obtained":[{"floor":6.0,"key":"Tiny Chest"},{"floor":9.0,"key":"War Paint"},{"floor":25,"key":"Frozen Egg 2"},{"floor":26,"key":"Omamori"}],"event_choices":[{"damage_healed":0.0,"max_hp_gain":0.0,"max_hp_loss":0.0,"gold_gain":0.0,"event_name":"Scrap Ooze","player_choice":"Success","floor":10.0,"gold_loss":0.0,"damage_taken":3.0,"relics_obtained":["Pen Nib"]},{"damage_healed":29.0,"max_hp_gain":0.0,"max_hp_loss":0.0,"gold_gain":0.0,"event_name":"Big Fish","player_choice":"Banana","floor":13.0,"gold_loss":0.0,"damage_taken":0.0},{"damage_healed":0.0,"max_hp_gain":0.0,"max_hp_loss":0.0,"gold_gain":0.0,"event_name":"Match and Keep!","player_choice":"2 cards matched","floor":22.0,"gold_loss":0.0,"damage_taken":0.0,"cards_obtained":["Hemokinesis","Body Slam"]},{"damage_healed":0,"gold_gain":0,"player_choice":"Smashed Altar","damage_taken":0,"max_hp_gain":0,"max_hp_loss":0,"event_name":"Forgotten Altar","floor":27,"gold_loss":0,"cards_obtained":["Decay"]}],"is_beta":false,"boss_relics":[{"not_picked":["Lizard Tail","Black Blood"],"picked":"Empty Cage"}],"items_purged_floors":[7,19,21],"is_endless":false,"potions_floor_spawned":[5,8,12,14,16,18],"killed_by":"Sentry and Sphere","ascension_level":1}