{"gold_per_floor":[110,120,120,138,63,80,94,105,105,105,149,4,4,29,29,153,153,166,179,33,0,0,38,61,61,61,61,61,61,79,99,99,219,219,238,256,589,589,114,114,114,114,160,160,192,212,237,247,247,247],"floor_reached":51,"playtime":2153,"items_purged":["Strike_R","Strike_R"],"score":802,"play_id":"d02a078f-2203-49b7-a2df-6c0e7ba626b7","local_time":"20180909095542","is_ascension_mode":false,"campfire_choices":[{"floor":13.0,"key":"REST"},{"data":"Fiend Fire","floor":15.0,"key":"SMITH"},{"data":"Corruption","floor":29.0,"key":"SMITH"},{"floor":32.0,"key":"REST"},{"data":"Dual Wield","floor":40,"key":"SMITH"},{"data":"Spot Weakness","floor":42,"key":"SMITH"},{"data":"Disarm","floor":49,"key":"SMITH"}],"neow_cost":"NONE","seed_source_timestamp":0,"circlet_count":0,"master_deck":["Strike_R+1","Strike_R","Defend_R","Defend_R","Defend_R","Bash+1","Dual Wield+1","Cleave","Feed","Headbutt","Spot Weakness+1","Battle Trance","Corruption+1","Fiend Fire+1","Bludgeon","Disarm+1","True Grit+1","Inflame+1","Offering","True Grit+1","Dropkick","Impervious","Bash+1","Writhe","Demon Form+1","Shrug It Off+1"],"special_seed":0,"relics":["Burning Blood","Champion Belt","Frozen Egg 2","Oddly Smooth Stone","Sozu","Vajra","Meat on the Bone","Nilry\u0027s Codex","Blue Candle","The Courier","MutagenicStrength","Cursed Key","Charon\u0027s Ashes","Juzu Bracelet","Molten Egg 2","Potion Belt","Torii","Mercury Hourglass"],"potions_floor_usage":[50],"damage_taken":[{"damage":3.0,"enemies":"Small Slimes","floor":1.0,"turns":4.0},{"damage":6.0,"enemies":"2 Louse","floor":2.0,"turns":2.0},{"damage":0.0,"enemies":"Cultist","floor":4.0,"turns":2.0},{"damage":15.0,"enemies":"Looter","floor":6.0,"turns":3.0},{"damage":16.0,"enemies":"Exordium Wildlife","floor":7.0,"turns":3.0},{"damage":12.0,"enemies":"Blue Slaver","floor":8.0,"turns":3.0},{"damage":17.0,"enemies":"3 Sentries","floor":11.0,"turns":5.0},{"damage":12.0,"enemies":"Large Slime","floor":14.0,"turns":4.0},{"damage":3.0,"enemies":"Slime Boss","floor":16.0,"turns":5.0},{"damage":4.0,"enemies":"Shell Parasite","floor":18.0,"turns":3.0},{"damage":12.0,"enemies":"Chosen","floor":19.0,"turns":5.0},{"damage":9.0,"enemies":"Gremlin Leader","floor":23.0,"turns":5.0},{"damage":13.0,"enemies":"Snecko","floor":24.0,"turns":5.0},{"damage":15.0,"enemies":"Shelled Parasite and Fungi","floor":30.0,"turns":5.0},{"damage":18.0,"enemies":"Centurion and Healer","floor":31.0,"turns":5.0},{"damage":88.0,"enemies":"Automaton","floor":33.0,"turns":12.0},{"damage":16,"enemies":"3 Darklings","floor":35,"turns":6},{"damage":10,"enemies":"Orb Walker","floor":36,"turns":2},{"damage":6,"enemies":"Mind Bloom Boss Battle","floor":38,"turns":12},{"damage":15,"enemies":"Nemesis","floor":45,"turns":5},{"damage":7,"enemies":"Reptomancer","floor":46,"turns":4},{"damage":7,"enemies":"Giant Head","floor":47,"turns":5},{"damage":6,"enemies":"Transient","floor":48,"turns":5},{"damage":66,"enemies":"Time Eater","floor":50,"turns":8}],"seed_played":"2334444093508451885","potions_obtained":[{"floor":6.0,"key":"Weak Potion"},{"floor":11.0,"key":"Dexterity Potion"},{"floor":16.0,"key":"Dexterity Potion"}],"is_trial":false,"path_per_floor":["M","M","?","M","$","M","M","M","T","?","E","$","R","M","R","B",null,"M","M","$","?","$","E","M","?","T","T","?","R","M","M","R","B",null,"M","M","?","?","$","R","?","R","T","?","E","M","E","M","R","B"],"character_chosen":"IRONCLAD","items_purchased":["Oddly Smooth Stone","Vajra","Dropkick","Juzu Bracelet","Molten Egg 2"],"campfire_rested":2,"item_purchase_floors":[12,20,39,39,39],"current_hp_per_floor":[80,80,64,73,73,67,60,54,54,32,24,24,51,48,48,54,98,101,95,95,95,95,92,85,69,69,69,69,69,60,60,90,20,101,91,87,87,104,104,104,104,104,104,104,95,94,96,96,96,48],"gold":247,"neow_bonus":"TRANSFORM_CARD","is_prod":false,"is_daily":false,"chose_seed":false,"campfire_upgraded":5,"win_rate":0,"timestamp":1536512142,"path_taken":["M","M","?","M","$","?","M","M","T","?","E","?","R","M","R","BOSS","M","M","$","?","$","E","?","?","T","?","?","R","M","M","R","BOSS","M","M","?","?","$","R","?","R","T","?","E","M","E","M","R","BOSS"],"build_version":"2018-09-06","purchased_purges":2,"victory":true,"max_hp_per_floor":[80,80,80,83,83,86,89,89,89,89,92,92,92,95,95,98,98,101,101,101,101,101,101,101,101,101,101,101,101,101,101,101,101,101,101,101,101,104,104,104,104,104,104,104,104,104,107,107,107,107],"card_choices":[{"not_picked":["Heavy Blade","Thunderclap"],"picked":"Cleave","floor":1.0},{"not_picked":["Clothesline","Carnage"],"picked":"Feed","floor":2.0},{"not_picked":["Clothesline","Burning Pact"],"picked":"Headbutt","floor":4.0},{"not_picked":["Body Slam","Rage"],"picked":"Spot Weakness","floor":6.0},{"not_picked":["Thunderclap","Iron Wave"],"picked":"Battle Trance","floor":7.0},{"not_picked":["Power Through","Anger"],"picked":"Corruption","floor":8.0},{"not_picked":["Battle Trance","Sword Boomerang"],"picked":"Fiend Fire","floor":11.0},{"not_picked":["Shrug It Off","Battle Trance","Warcry"],"picked":"SKIP","floor":14.0},{"not_picked":["Juggernaut+1","Berserk+1"],"picked":"Bludgeon","floor":16.0},{"not_picked":["Rampage","Infernal Blade+1"],"picked":"Disarm","floor":18.0},{"not_picked":["Wild Strike","Fire Breathing+1","Sentinel"],"picked":"SKIP","floor":19.0},{"not_picked":["Uppercut","Flame Barrier"],"picked":"True Grit+1","floor":23.0},{"not_picked":["Twin Strike","Pommel Strike+1","Flex"],"picked":"SKIP","floor":24.0},{"not_picked":["Intimidate","Warcry"],"picked":"Inflame+1","floor":30.0},{"not_picked":["Cleave","Rage"],"picked":"Offering","floor":31.0},{"not_picked":["Warcry","Twin Strike","Evolve+1"],"picked":"SKIP","floor":35},{"not_picked":["Rampage+1","Cleave+1","Pommel Strike"],"picked":"SKIP","floor":36},{"not_picked":["Uppercut+1","Flex+1"],"picked":"True Grit+1","floor":38},{"not_picked":["Clothesline+1","Sword Boomerang+1"],"picked":"Demon Form+1","floor":45},{"not_picked":["Hemokinesis+1","Uppercut+1","Rampage+1"],"picked":"SKIP","floor":46},{"not_picked":["Wild Strike+1","Heavy Blade+1"],"picked":"Shrug It Off+1","floor":47},{"not_picked":["Seeing Red+1","Sever Soul+1","Flex"],"picked":"SKIP","floor":48}],"player_experience":194910,"relics_obtained":[{"floor":9.0,"key":"Champion Belt"},{"floor":11.0,"key":"Frozen Egg 2"},{"floor":23.0,"key":"Meat on the Bone"},{"floor":25.0,"key":"Nilry\u0027s Codex"},{"floor":26.0,"key":"Blue Candle"},{"floor":27.0,"key":"The Courier"},{"floor":38,"key":"Charon\u0027s Ashes"},{"floor":43,"key":"Potion Belt"},{"floor":45,"key":"Torii"},{"floor":47,"key":"Mercury Hourglass"}],"event_choices":[{"event_name":"Shining Light","player_choice":"Entered Light","floor":3.0,"damage_taken":0.0},{"event_name":"Golden Idol","player_choice":"Take Damage","floor":10.0,"damage_taken":0.0},{"event_name":"Masked Bandits","player_choice":"Paid Fearfully","floor":21.0,"damage_taken":0.0},{"event_name":"Cursed Tome","player_choice":"Obtained Book","floor":25.0,"damage_taken":0.0},{"event_name":"Drug Dealer","player_choice":"Inject Mutagens","floor":28.0,"damage_taken":0.0},{"event_name":"The Moai Head","player_choice":"Gave Idol","floor":37,"damage_taken":0},{"event_name":"MindBloom","player_choice":"Fight","floor":38,"damage_taken":0},{"event_name":"Match and Keep!","player_choice":"2 cards matched","floor":41,"damage_taken":0},{"event_name":"Falling","player_choice":"Removed Skill","floor":44,"damage_taken":0}],"is_beta":false,"boss_relics":[{"not_picked":["Runic Pyramid","Astrolabe"],"picked":"Sozu"},{"not_picked":["Snecko Eye","Coffee Dripper"],"picked":"Cursed Key"}],"items_purged_floors":[5,39],"is_endless":false,"potions_floor_spawned":[6,11,16,19,23,24,35,36,45,47],"ascension_level":0}