{"gold_per_floor":[115,131,23,40,40,66,66,166,190,190,209,220,220,232,232,308,308,327,338,33,33,52,52,62,80,107,107,120,132,132],"floor_reached":30,"playtime":1549,"items_purged":["Writhe"],"score":401,"play_id":"3f9072dc-12c5-4bbe-b42c-084c04075373","local_time":"20190228175145","is_ascension_mode":true,"campfire_choices":[{"data":"Immolate","floor":7,"key":"SMITH"},{"data":"Inflame","floor":10,"key":"SMITH"},{"data":"Bash","floor":13,"key":"SMITH"},{"floor":15,"key":"REST"},{"floor":23,"key":"REST"},{"floor":27,"key":"REST"}],"neow_cost":"CURSE","seed_source_timestamp":512430543129719,"circlet_count":0,"master_deck":["AscendersBane","Strike_R","Strike_R","Strike_R","Strike_R","Strike_R","Defend_R","Defend_R+1","Defend_R+1","Defend_R","Bash+1","Immolate+1","Inflame+1","Bludgeon","Twin Strike","Feed","Shrug It Off","Feed","Disarm","Thunderclap"],"relics":["Burning Blood","Red Skull","Sundial","Oddly Smooth Stone","Sozu","Anchor","GremlinMask","War Paint"],"potions_floor_usage":[6,6,16],"damage_taken":[{"damage":0,"enemies":"2 Louse","floor":1,"turns":1},{"damage":1,"enemies":"Cultist","floor":2,"turns":3},{"damage":0,"enemies":"Small Slimes","floor":4,"turns":2},{"damage":30,"enemies":"Lagavulin","floor":6,"turns":5},{"damage":18,"enemies":"Gremlin Gang","floor":11,"turns":2},{"damage":10,"enemies":"Lots of Slimes","floor":12,"turns":2},{"damage":11,"enemies":"Exordium Thugs","floor":14,"turns":2},{"damage":30,"enemies":"The Guardian","floor":16,"turns":9},{"damage":5,"enemies":"Spheric Guardian","floor":18,"turns":3},{"damage":20,"enemies":"Shell Parasite","floor":19,"turns":3},{"damage":41,"enemies":"Centurion and Healer","floor":22,"turns":4},{"damage":20,"enemies":"Chosen and Byrds","floor":24,"turns":4},{"damage":4,"enemies":"Snecko","floor":25,"turns":3},{"damage":41,"enemies":"Sentry and Sphere","floor":28,"turns":6},{"damage":20,"enemies":"Cultist and Chosen","floor":29,"turns":8},{"damage":24,"enemies":"Gremlin Leader","floor":30,"turns":4}],"seed_played":"-7173896239780682801","potions_obtained":[{"floor":1,"key":"Swift Potion"},{"floor":2,"key":"Energy Potion"},{"floor":11,"key":"Strength Potion"}],"is_trial":false,"path_per_floor":["M","M","$","M","?","E","R","?","T","R","M","M","R","M","R","B",null,"M","M","$","?","M","R","M","M","T","R","M","M","E"],"character_chosen":"IRONCLAD","items_purchased":["Inflame","Feed","Anchor"],"campfire_rested":3,"item_purchase_floors":[3,20,20],"current_hp_per_floor":[74,75,75,75,63,39,39,39,39,39,27,23,23,18,40,16,60,61,47,47,47,15,38,24,29,29,53,24,16,0],"gold":132,"neow_bonus":"THREE_RARE_CARDS","is_prod":false,"is_daily":false,"chose_seed":false,"campfire_upgraded":3,"win_rate":0,"timestamp":1551376305,"path_taken":["M","M","$","M","?","E","R","?","T","R","?","M","R","M","R","BOSS","M","M","$","?","?","R","M","M","T","R","?","M","E"],"build_version":"2019-01-23","purchased_purges":1,"victory":false,"max_hp_per_floor":[75,75,75,75,75,75,75,75,75,75,75,75,75,75,75,75,75,75,75,75,75,78,78,78,81,81,81,87,93,93],"card_choices":[{"not_picked":["Fiend Fire","Juggernaut"],"picked":"Immolate","floor":0},{"not_picked":["Uppercut","True Grit","Fire Breathing"],"picked":"SKIP","floor":1},{"not_picked":["Rampage","Cleave","Entrench"],"picked":"SKIP","floor":2},{"not_picked":["Flex","Searing Blow","Cleave"],"picked":"SKIP","floor":4},{"not_picked":["Rupture","Hemokinesis","Bludgeon"],"picked":"SKIP","floor":6},{"not_picked":["Iron Wave","Armaments","Heavy Blade"],"picked":"SKIP","floor":11},{"not_picked":["Armaments","Flex","Fire Breathing"],"picked":"SKIP","floor":12},{"not_picked":["True Grit","Offering","Flex"],"picked":"SKIP","floor":14},{"not_picked":["Dark Embrace","Brutality"],"picked":"Bludgeon","floor":16},{"not_picked":["Havoc","Cleave","Headbutt"],"picked":"SKIP","floor":18},{"not_picked":["Body Slam+1","Pommel Strike"],"picked":"Twin Strike","floor":19},{"not_picked":["Clash","Clothesline"],"picked":"Shrug It Off","floor":22},{"not_picked":["Inflame+1","Seeing Red+1"],"picked":"Feed","floor":24},{"not_picked":["Anger","Armaments","Carnage"],"picked":"SKIP","floor":25},{"not_picked":["Headbutt","Clash+1"],"picked":"Disarm","floor":28},{"not_picked":["Iron Wave","Evolve"],"picked":"Thunderclap","floor":29}],"player_experience":1484994,"relics_obtained":[{"floor":6,"key":"Sundial"},{"floor":9,"key":"Oddly Smooth Stone"},{"floor":26,"key":"War Paint"}],"event_choices":[{"damage_healed":0,"gold_gain":0,"player_choice":"Success","damage_taken":12,"relics_obtained":["Red Skull"],"max_hp_gain":0,"max_hp_loss":0,"event_name":"Scrap Ooze","floor":5,"gold_loss":0},{"damage_healed":0,"gold_gain":100,"player_choice":"Pray","damage_taken":0,"max_hp_gain":0,"max_hp_loss":0,"event_name":"Golden Shrine","floor":8,"gold_loss":0},{"damage_healed":0,"gold_gain":0,"player_choice":"Trade","damage_taken":0,"relics_obtained":["GremlinMask"],"max_hp_gain":0,"max_hp_loss":0,"event_name":"FaceTrader","floor":21,"gold_loss":0}],"is_beta":false,"boss_relics":[{"not_picked":["Calling Bell","Fusion Hammer"],"picked":"Sozu"}],"items_purged_floors":[3],"is_endless":false,"potions_floor_spawned":[1,2,11,22,28],"killed_by":"Gremlin Leader","ascension_level":14}