{"gold_per_floor":[110,63,63,75,91,91,123,123,178,196,196,223,241,272,272,368,368,388,399,167,167,185,185,210,210,210,229,240,258,258,258,258,258],"floor_reached":33,"playtime":1464,"items_purged":["Strike_R"],"score":277,"play_id":"2c016681-88ac-4c34-8fdb-68cba567383d","local_time":"20181129220658","is_ascension_mode":false,"campfire_choices":[{"data":"Inflame","floor":6,"key":"SMITH"},{"data":"Flex","floor":8,"key":"SMITH"},{"data":"Shrug It Off","floor":11,"key":"SMITH"},{"floor":15,"key":"REST"},{"data":"Limit Break","floor":23,"key":"SMITH"},{"data":"Heavy Blade","floor":25,"key":"SMITH"},{"data":"Whirlwind","floor":32,"key":"SMITH"}],"neow_cost":"NONE","seed_source_timestamp":12437174956066,"circlet_count":0,"master_deck":["Strike_R","Strike_R","Strike_R","Defend_R","Defend_R","Defend_R","Bash","Inflame+1","Flex+1","Shrug It Off+1","Shrug It Off","Twin Strike","Limit Break+1","Heavy Blade+1","Inflame","Flame Barrier","Whirlwind+1","Flex","Spot Weakness","Offering"],"relics":["Burning Blood","Regal Pillow","Omamori","Ice Cream","Cursed Key","Bottled Flame","Question Card"],"potions_floor_usage":[4,5,7,7,10,10,13,14,14,16,19,22,28,33],"damage_taken":[{"damage":6,"enemies":"2 Louse","floor":1,"turns":3},{"damage":0,"enemies":"Cultist","floor":4,"turns":2},{"damage":5,"enemies":"Small Slimes","floor":5,"turns":2},{"damage":18,"enemies":"Lagavulin","floor":7,"turns":3},{"damage":0,"enemies":"Blue Slaver","floor":10,"turns":1},{"damage":3,"enemies":"2 Fungi Beasts","floor":13,"turns":3},{"damage":41,"enemies":"3 Sentries","floor":14,"turns":9},{"damage":36,"enemies":"The Guardian","floor":16,"turns":11},{"damage":5,"enemies":"Chosen","floor":18,"turns":4},{"damage":20,"enemies":"3 Byrds","floor":19,"turns":5},{"damage":13,"enemies":"Snake Plant","floor":22,"turns":3},{"damage":24,"enemies":"Book of Stabbing","floor":24,"turns":6},{"damage":24,"enemies":"Cultist and Chosen","floor":27,"turns":6},{"damage":5,"enemies":"Sentry and Sphere","floor":28,"turns":4},{"damage":5,"enemies":"Snecko","floor":29,"turns":5},{"damage":87,"enemies":"Automaton","floor":33,"turns":6}],"seed_played":"-2731522958783934649","potions_obtained":[{"floor":3,"key":"PowerPotion"},{"floor":3,"key":"Fire Potion"},{"floor":3,"key":"AttackPotion"},{"floor":4,"key":"Explosive Potion"},{"floor":7,"key":"EntropicBrew"},{"floor":13,"key":"Energy Potion"},{"floor":14,"key":"FearPotion"},{"floor":16,"key":"Fire Potion"},{"floor":19,"key":"FearPotion"},{"floor":27,"key":"SpeedPotion"},{"floor":29,"key":"BloodPotion"}],"is_trial":false,"path_per_floor":["M","$","?","M","M","R","E","R","T","M","R","T","M","E","R","B",null,"M","M","$","?","M","R","E","R","T","M","M","M","?","?","R","B"],"character_chosen":"IRONCLAD","items_purchased":["Flex","Inflame","Flame Barrier"],"campfire_rested":1,"item_purchase_floors":[2,20,20],"current_hp_per_floor":[80,80,80,80,80,80,68,68,68,74,74,74,77,42,80,50,80,80,66,66,66,59,59,41,41,41,23,24,25,25,51,51,0],"gold":258,"neow_bonus":"REMOVE_CARD","is_prod":false,"is_daily":false,"chose_seed":false,"campfire_upgraded":6,"win_rate":0,"timestamp":1543525618,"path_taken":["M","$","?","?","M","R","E","R","T","M","R","?","M","E","R","BOSS","M","M","$","?","M","R","E","R","T","M","M","?","?","?","R","BOSS"],"build_version":"2018-11-15","purchased_purges":1,"victory":false,"max_hp_per_floor":[80,80,80,80,80,80,80,80,80,80,80,80,80,80,80,80,80,80,80,80,80,80,80,80,80,80,80,80,80,80,80,80,80],"card_choices":[{"not_picked":["Headbutt","Thunderclap"],"picked":"Inflame","floor":1},{"not_picked":["Havoc","Perfected Strike","Thunderclap"],"picked":"SKIP","floor":4},{"not_picked":["Sword Boomerang","Wild Strike","Entrench"],"picked":"SKIP","floor":5},{"not_picked":["Power Through","Thunderclap","Bloodletting"],"picked":"SKIP","floor":7},{"not_picked":["Inflame","Shockwave"],"picked":"Shrug It Off","floor":10},{"not_picked":["Cleave","Impervious"],"picked":"Shrug It Off","floor":13},{"not_picked":["Blood for Blood","Iron Wave"],"picked":"Twin Strike","floor":14},{"not_picked":["Immolate","Bludgeon"],"picked":"Limit Break","floor":16},{"not_picked":["Carnage","Blood for Blood"],"picked":"Heavy Blade","floor":18},{"not_picked":["Evolve","Second Wind+1","Cleave"],"picked":"SKIP","floor":19},{"not_picked":["Wild Strike","Perfected Strike+1"],"picked":"Whirlwind","floor":22},{"not_picked":["Intimidate","Anger"],"picked":"Flex","floor":24},{"not_picked":["Sword Boomerang+1","Body Slam","Thunderclap"],"picked":"Spot Weakness","floor":27},{"not_picked":["Armaments","Pommel Strike","Rupture","Reckless Charge"],"picked":"SKIP","floor":28},{"not_picked":["Flex+1","Headbutt","Sword Boomerang"],"picked":"Offering","floor":29}],"player_experience":291994,"relics_obtained":[{"floor":7,"key":"Regal Pillow"},{"floor":12,"key":"Omamori"},{"floor":14,"key":"Ice Cream"},{"floor":24,"key":"Bottled Flame"},{"floor":26,"key":"Question Card"}],"event_choices":[{"damage_healed":0,"gold_gain":0,"player_choice":"Got Potions","damage_taken":0,"max_hp_gain":0,"max_hp_loss":0,"event_name":"Lab","floor":3,"gold_loss":0},{"cards_removed":["Strike_R"],"damage_healed":0,"gold_gain":0,"player_choice":"Purged","damage_taken":0,"max_hp_gain":0,"max_hp_loss":0,"event_name":"Purifier","floor":21,"gold_loss":0},{"damage_healed":0,"gold_gain":0,"player_choice":"Smashed Altar","damage_taken":0,"max_hp_gain":0,"max_hp_loss":0,"event_name":"Forgotten Altar","floor":30,"gold_loss":0,"cards_obtained":["Decay"]},{"damage_healed":26,"gold_gain":0,"player_choice":"Heal","damage_taken":0,"max_hp_gain":0,"max_hp_loss":0,"event_name":"The Library","floor":31,"gold_loss":0}],"is_beta":false,"boss_relics":[{"not_picked":["Velvet Choker","Mark of Pain"],"picked":"Cursed Key"}],"items_purged_floors":[20],"is_endless":false,"potions_floor_spawned":[4,7,13,14,16,19,27,29],"killed_by":"Automaton","ascension_level":0}