{"gold_per_floor":[116,130,143,418,297,297,329,341,364,382,400,400,410,436,436,531,531,541,491,199,213,223,223,223,248,248,258,275,275,288,304,304,304],"floor_reached":33,"playtime":2252,"items_purged":["Regret"],"score":308,"play_id":"871ccaa0-7393-4c04-a3fc-51245c2d015e","local_time":"20190228195144","is_ascension_mode":false,"campfire_choices":[{"data":"Bash","floor":6.0,"key":"SMITH"},{"data":"Perfected Strike","floor":12.0,"key":"SMITH"},{"data":"Armaments","floor":15.0,"key":"SMITH"},{"data":"Perfected Strike","floor":23.0,"key":"SMITH"},{"floor":32.0,"key":"REST"}],"neow_cost":"NONE","seed_source_timestamp":518701284515114,"circlet_count":0,"master_deck":["Strike_R","Strike_R","Strike_R","Strike_R","Strike_R","Defend_R","Defend_R","Defend_R","Defend_R","Bash+1","Cleave","Armaments+1","Pommel Strike","Cleave","Perfected Strike+1","Clothesline","Headbutt+1","Anger","Perfected Strike+1","Perfected Strike+1"],"special_seed":0,"relics":["Burning Blood","Oddly Smooth Stone","Centennial Puzzle","Bag of Marbles","Black Star","Mercury Hourglass","Lantern","Pear","Pen Nib"],"potions_floor_usage":[33],"damage_taken":[{"damage":5.0,"enemies":"Small Slimes","floor":1.0,"turns":4.0},{"damage":6.0,"enemies":"Cultist","floor":2.0,"turns":3.0},{"damage":0.0,"enemies":"Jaw Worm","floor":3.0,"turns":3.0},{"damage":2.0,"enemies":"Gremlin Nob","floor":7.0,"turns":3.0},{"damage":4.0,"enemies":"Lots of Slimes","floor":8.0,"turns":2.0},{"damage":5.0,"enemies":"3 Louse","floor":10.0,"turns":2.0},{"damage":12.0,"enemies":"Blue Slaver","floor":11.0,"turns":3.0},{"damage":0.0,"enemies":"2 Fungi Beasts","floor":13.0,"turns":2.0},{"damage":24.0,"enemies":"3 Sentries","floor":14.0,"turns":6.0},{"damage":57.0,"enemies":"The Guardian","floor":16.0,"turns":10.0},{"damage":18.0,"enemies":"Spheric Guardian","floor":18.0,"turns":4.0},{"damage":10.0,"enemies":"Shell Parasite","floor":21.0,"turns":5.0},{"damage":9.0,"enemies":"3 Cultists","floor":22.0,"turns":5.0},{"damage":25.0,"enemies":"Book of Stabbing","floor":25.0,"turns":4.0},{"damage":14.0,"enemies":"Centurion and Healer","floor":27.0,"turns":4.0},{"damage":0.0,"enemies":"Snecko","floor":28.0,"turns":3.0},{"damage":10.0,"enemies":"Cultist and Chosen","floor":30.0,"turns":3.0},{"damage":26.0,"enemies":"Shelled Parasite and Fungi","floor":31.0,"turns":4.0},{"damage":68,"enemies":"Collector","floor":33,"turns":9}],"seed_played":"9186581810769260275","potions_obtained":[{"floor":1.0,"key":"Block Potion"},{"floor":3.0,"key":"Explosive Potion"},{"floor":8.0,"key":"SpeedPotion"},{"floor":10.0,"key":"EntropicBrew"},{"floor":16.0,"key":"SpeedPotion"},{"floor":27.0,"key":"SneckoOil"},{"floor":30.0,"key":"SkillPotion"},{"floor":31.0,"key":"PowerPotion"}],"is_trial":false,"path_per_floor":["M","M","M","?","$","R","E","M","T","M","M","R","M","E","R","B",null,"M","?","$","M","M","R","?","E","T","M","M","?","M","M","R","B"],"character_chosen":"IRONCLAD","items_purchased":["Pommel Strike","Mercury Hourglass","Anger"],"campfire_rested":1,"item_purchase_floors":[5,20,20],"current_hp_per_floor":[88,88,88,88,88,88,88,88,88,88,82,82,88,70,70,19,88,76,76,76,72,69,69,69,68,68,60,66,66,62,42,71,3],"gold":304,"neow_bonus":"TEN_PERCENT_HP_BONUS","is_prod":false,"is_daily":false,"chose_seed":false,"campfire_upgraded":4,"win_rate":0,"timestamp":1551383504,"path_taken":["M","M","M","?","$","R","E","?","T","M","M","R","M","E","R","BOSS","M","?","$","M","?","R","?","E","T","M","?","?","?","M","R","BOSS"],"build_version":"2019-01-23","purchased_purges":1,"victory":false,"max_hp_per_floor":[88,88,88,88,88,88,88,88,88,88,88,88,88,88,88,88,88,88,88,88,88,88,88,88,98,98,98,98,98,98,98,98,98],"card_choices":[{"not_picked":["Feel No Pain","Hemokinesis"],"picked":"Cleave","floor":1.0},{"not_picked":["Carnage","Twin Strike"],"picked":"Armaments","floor":2.0},{"not_picked":["Burning Pact","Reckless Charge","Ghostly Armor"],"picked":"SKIP","floor":3.0},{"not_picked":["Corruption","Headbutt"],"picked":"Cleave","floor":7.0},{"not_picked":["Flame Barrier","Armaments","Power Through"],"picked":"SKIP","floor":8.0},{"not_picked":["Flex","Ghostly Armor","Wild Strike"],"picked":"SKIP","floor":10.0},{"not_picked":["Corruption","Sever Soul"],"picked":"Perfected Strike","floor":11.0},{"not_picked":["Body Slam","Brutality","Dual Wield"],"picked":"SKIP","floor":13.0},{"not_picked":["Heavy Blade","Havoc"],"picked":"Clothesline","floor":14.0},{"not_picked":["Heavy Blade","True Grit+1"],"picked":"Headbutt+1","floor":18.0},{"not_picked":["Seeing Red","Corruption","Flex+1"],"picked":"SKIP","floor":21.0},{"not_picked":["Flex","Ghostly Armor"],"picked":"Perfected Strike","floor":22.0},{"not_picked":["Headbutt+1","Battle Trance+1","Pummel"],"picked":"SKIP","floor":25.0},{"not_picked":["Flame Barrier","Sword Boomerang","Cleave"],"picked":"SKIP","floor":27.0},{"not_picked":["Inflame","Fire Breathing","Demon Form"],"picked":"SKIP","floor":28.0},{"not_picked":["Blood for Blood","Havoc+1","Twin Strike"],"picked":"SKIP","floor":30.0},{"not_picked":["Burning Pact+1","Sword Boomerang","Fire Breathing+1"],"picked":"SKIP","floor":31.0}],"player_experience":1490773,"relics_obtained":[{"floor":7.0,"key":"Oddly Smooth Stone"},{"floor":9.0,"key":"Centennial Puzzle"},{"floor":14.0,"key":"Bag of Marbles"},{"floor":25.0,"key":"Lantern"},{"floor":25.0,"key":"Pear"},{"floor":26.0,"key":"Pen Nib"}],"event_choices":[{"damage_healed":0.0,"max_hp_gain":0.0,"max_hp_loss":0.0,"gold_gain":275.0,"event_name":"Golden Shrine","player_choice":"Desecrate","floor":4.0,"gold_loss":0.0,"damage_taken":0.0,"cards_obtained":["Regret"]},{"damage_healed":0.0,"max_hp_gain":0.0,"max_hp_loss":0.0,"gold_gain":0.0,"event_name":"The Joust","player_choice":"Bet on Murderer","floor":19.0,"gold_loss":50.0,"damage_taken":0.0},{"damage_healed":0.0,"max_hp_gain":0.0,"max_hp_loss":0.0,"gold_gain":0.0,"event_name":"Match and Keep!","player_choice":"0 cards matched","floor":24.0,"gold_loss":0.0,"damage_taken":0.0,"cards_obtained":[]},{"damage_healed":0.0,"max_hp_gain":0.0,"max_hp_loss":0.0,"gold_gain":0.0,"event_name":"Duplicator","player_choice":"Copied","floor":29.0,"gold_loss":0.0,"damage_taken":0.0,"cards_obtained":["Perfected Strike"]}],"is_beta":false,"boss_relics":[{"not_picked":["Orrery","Coffee Dripper"],"picked":"Black Star"}],"items_purged_floors":[5],"is_endless":false,"potions_floor_spawned":[1,3,8,10,16,27,30,31],"killed_by":"Collector","ascension_level":0}