{"gold_per_floor":[109,120,120,135,153,153,163,238,238,265,265,108,108,126,126,126],"floor_reached":16,"playtime":502,"items_purged":[],"score":117,"play_id":"c0e77bbf-134e-4c42-a314-061b32cf69be","local_time":"20190416105628","is_ascension_mode":true,"campfire_choices":[{"data":"Infinite Blades","floor":6,"key":"SMITH"},{"data":"Well Laid Plans","floor":13,"key":"SMITH"},{"data":"Blade Dance","floor":15,"key":"SMITH"}],"neow_cost":"NONE","seed_source_timestamp":563568495705800,"circlet_count":0,"master_deck":["Defend_G","Defend_G","Defend_G","Defend_G","Defend_G","Strike_G","Strike_G","Strike_G","Strike_G+1","Strike_G","Survivor+1","Neutralize","Prepared","Infinite Blades+1","Deflect","Endless Agony+1","Well Laid Plans+1","Masterful Stab","Blade Dance+1"],"relics":["Ring of the Snake","NeowsBlessing","Dodecahedron"],"potions_floor_usage":[2,10,16],"damage_taken":[{"damage":0,"enemies":"Small Slimes","floor":1,"turns":1},{"damage":0,"enemies":"2 Louse","floor":2,"turns":1},{"damage":0,"enemies":"Jaw Worm","floor":4,"turns":1},{"damage":11,"enemies":"Lots of Slimes","floor":5,"turns":5},{"damage":12,"enemies":"Exordium Wildlife","floor":7,"turns":5},{"damage":14,"enemies":"Gremlin Nob","floor":10,"turns":4},{"damage":7,"enemies":"Exordium Thugs","floor":14,"turns":4},{"damage":0,"enemies":"Slime Boss","floor":16,"turns":6}],"seed_played":"-225476761980326626","potions_obtained":[{"floor":2,"key":"Fruit Juice"},{"floor":5,"key":"Fire Potion"},{"floor":7,"key":"GamblersBrew"}],"is_trial":false,"path_per_floor":["M","M","?","M","M","R","M","?","T","E","?","$","R","M","R","B"],"character_chosen":"THE_SILENT","items_purchased":["Well Laid Plans","Masterful Stab"],"campfire_rested":0,"item_purchase_floors":[12,12],"current_hp_per_floor":[70,75,60,60,49,49,37,26,26,12,12,12,12,5,5,5],"gold":126,"neow_bonus":"THREE_ENEMY_KILL","is_prod":false,"is_daily":false,"chose_seed":false,"campfire_upgraded":3,"win_rate":0,"timestamp":1555404988,"path_taken":["M","M","?","M","M","R","M","?","T","E","?","$","R","M","R","BOSS"],"build_version":"2019-01-23","purchased_purges":0,"victory":false,"max_hp_per_floor":[70,75,75,75,75,75,75,75,75,75,75,75,75,75,75,75],"card_choices":[{"not_picked":["Dagger Spray","Flechettes"],"picked":"Prepared","floor":1},{"not_picked":["Dash","Dagger Spray"],"picked":"Infinite Blades","floor":2},{"not_picked":["Outmaneuver","PiercingWail","Expertise"],"picked":"SKIP","floor":4},{"not_picked":["Concentrate","Reflex","Bane"],"picked":"SKIP","floor":5},{"not_picked":["Flechettes","Riddle With Holes"],"picked":"Deflect","floor":7},{"not_picked":["Caltrops","Catalyst"],"picked":"Endless Agony","floor":10},{"not_picked":["Endless Agony","Quick Slash"],"picked":"Blade Dance","floor":14}],"player_experience":491455,"relics_obtained":[{"floor":10,"key":"Dodecahedron"}],"event_choices":[{"damage_healed":0,"gold_gain":0,"player_choice":"Entered Light","damage_taken":15,"max_hp_gain":0,"max_hp_loss":0,"event_name":"Shining Light","floor":3,"gold_loss":0,"cards_upgraded":["Strike_G","Survivor"]},{"damage_healed":0,"gold_gain":75,"player_choice":"Gather Gold","damage_taken":11,"max_hp_gain":0,"max_hp_loss":0,"event_name":"World of Goop","floor":8,"gold_loss":0},{"damage_healed":0,"gold_gain":0,"player_choice":"Grow","damage_taken":0,"max_hp_gain":0,"max_hp_loss":0,"event_name":"Living Wall","floor":11,"gold_loss":0,"cards_upgraded":["Endless Agony"]}],"is_beta":false,"boss_relics":[],"items_purged_floors":[],"is_endless":false,"potions_floor_spawned":[2,5,7],"killed_by":"Slime Boss","ascension_level":3}