{"gold_per_floor":[111,126,138,19,19,54,54,74,74,74,88,48,48,68,68,163,163,179,189,189,209,209],"floor_reached":22,"playtime":731,"items_purged":[],"score":209,"play_id":"a8e8ddf4-7aa2-4f3a-a4cb-0e66c772d2ec","local_time":"20190406085314","is_ascension_mode":true,"campfire_choices":[{"floor":7,"key":"REST"},{"data":"Rainbow","floor":15,"key":"SMITH"}],"neow_cost":"NONE","seed_source_timestamp":54553504555308,"circlet_count":0,"master_deck":["Strike_B","Strike_B","Strike_B","Strike_B","Defend_B","Defend_B","Defend_B","Defend_B","Zap","Dualcast","Darkness","Ball Lightning","Rebound","Self Repair","Ball Lightning","Rainbow+1","Self Repair","Double Energy","Seek","Fusion+1","Auto Shields","Loop+1"],"relics":["Cracked Core","NeowsBlessing","Regal Pillow","Blood Vial","Nuclear Battery","Frozen Egg 2"],"potions_floor_usage":[8,11,13,14,16,18,21],"damage_taken":[{"damage":0,"enemies":"Cultist","floor":1,"turns":1},{"damage":0,"enemies":"Jaw Worm","floor":2,"turns":1},{"damage":0,"enemies":"2 Louse","floor":3,"turns":1},{"damage":37,"enemies":"Gremlin Nob","floor":6,"turns":4},{"damage":14,"enemies":"Exordium Thugs","floor":8,"turns":3},{"damage":22,"enemies":"Lots of Slimes","floor":11,"turns":4},{"damage":3,"enemies":"Blue Slaver","floor":13,"turns":2},{"damage":0,"enemies":"Exordium Wildlife","floor":14,"turns":1},{"damage":64,"enemies":"Hexaghost","floor":16,"turns":9},{"damage":17,"enemies":"Shell Parasite","floor":18,"turns":4},{"damage":4,"enemies":"Chosen","floor":19,"turns":4},{"damage":40,"enemies":"Snecko","floor":21,"turns":5},{"damage":52,"enemies":"3 Cultists","floor":22,"turns":5}],"seed_played":"6448684829407675485","potions_obtained":[{"floor":2,"key":"Ancient Potion"},{"floor":8,"key":"Poison Potion"},{"floor":12,"key":"Ancient Potion"},{"floor":12,"key":"SmokeBomb"},{"floor":12,"key":"Explosive Potion"},{"floor":14,"key":"SteroidPotion"},{"floor":16,"key":"Weak Potion"},{"floor":19,"key":"SteroidPotion"},{"floor":21,"key":"Energy Potion"}],"is_trial":false,"path_per_floor":["M","M","M","$","?","E","R","M","T","?","M","?","M","M","R","B",null,"M","M","?","M","M"],"character_chosen":"DEFECT","items_purchased":["Self Repair","Ball Lightning"],"campfire_rested":1,"item_purchase_floors":[4,4],"current_hp_per_floor":[75,75,75,75,75,45,75,68,68,68,62,62,68,75,75,18,75,72,75,75,49,0],"gold":209,"neow_bonus":"THREE_ENEMY_KILL","is_prod":false,"is_daily":false,"chose_seed":false,"campfire_upgraded":1,"win_rate":0,"timestamp":1554565994,"path_taken":["M","M","?","$","?","E","R","M","T","?","M","?","M","M","R","BOSS","M","M","?","?","M"],"build_version":"2019-01-23","purchased_purges":0,"victory":false,"max_hp_per_floor":[75,75,75,75,75,75,75,75,75,75,75,75,75,75,75,75,75,75,75,75,75,75],"card_choices":[{"not_picked":["Streamline","Turbo"],"picked":"Darkness","floor":1},{"not_picked":["Rebound","FTL"],"picked":"Ball Lightning","floor":2},{"not_picked":["Heatsinks","Streamline"],"picked":"Rebound","floor":3},{"not_picked":["Leap","Machine Learning"],"picked":"Rainbow","floor":6},{"not_picked":["Stack","Steam"],"picked":"Self Repair","floor":8},{"not_picked":["Compile Driver","Ball Lightning","Stack"],"picked":"SKIP","floor":11},{"not_picked":["Creative AI","Genetic Algorithm"],"picked":"Double Energy","floor":14},{"not_picked":["Core Surge","Biased Cognition"],"picked":"Seek","floor":16},{"not_picked":["Stack","Cold Snap+1"],"picked":"Fusion+1","floor":18},{"not_picked":["Steam","Conserve Battery"],"picked":"Auto Shields","floor":19},{"not_picked":["Aggregate","Rip and Tear+1"],"picked":"Loop+1","floor":21}],"player_experience":406152,"relics_obtained":[{"floor":6,"key":"Regal Pillow"},{"floor":9,"key":"Blood Vial"}],"event_choices":[{"damage_healed":0,"gold_gain":0,"player_choice":"Leave","damage_taken":0,"max_hp_gain":0,"max_hp_loss":0,"event_name":"The Cleric","floor":5,"gold_loss":0},{"damage_healed":0,"gold_gain":0,"player_choice":"Searched \u00270\u0027 times","damage_taken":0,"max_hp_gain":0,"max_hp_loss":0,"event_name":"Dead Adventurer","floor":10,"gold_loss":0},{"damage_healed":0,"gold_gain":0,"player_choice":"Bought 3 Potions","damage_taken":0,"max_hp_gain":0,"max_hp_loss":0,"event_name":"The Woman in Blue","floor":12,"gold_loss":0},{"damage_healed":0,"gold_gain":0,"player_choice":"Gave Potion","damage_taken":0,"relics_obtained":["Frozen Egg 2"],"max_hp_gain":0,"max_hp_loss":0,"event_name":"WeMeetAgain","floor":20,"gold_loss":0}],"is_beta":false,"boss_relics":[{"not_picked":["Snecko Eye","Runic Pyramid"],"picked":"Nuclear Battery"}],"items_purged_floors":[],"is_endless":false,"potions_floor_spawned":[2,8,14,16,19,21],"killed_by":"3 Cultists","ascension_level":2}