{"gold_per_floor":[118,138,138,7,27,58,58,78,158,158,190,190,201,232,232,310,310,324,36,53,53,67,67,67],"floor_reached":24,"playtime":856,"items_purged":["Pain"],"score":400,"play_id":"3f71a3cd-884e-4770-8837-582fe58a5f19","local_time":"20190222171855","is_ascension_mode":true,"campfire_choices":[{"data":"Neutralize","floor":7,"key":"SMITH"},{"floor":10,"key":"REST"},{"data":"Phantasmal Killer","floor":12,"key":"SMITH"},{"data":"A Thousand Cuts","floor":15,"key":"SMITH"},{"data":"Glass Knife","floor":23,"key":"SMITH"}],"neow_cost":"NONE","seed_source_timestamp":0,"circlet_count":0,"master_deck":["AscendersBane","Defend_G","Defend_G","Defend_G","Defend_G","Defend_G","Strike_G","Strike_G","Strike_G","Strike_G","Survivor","Neutralize+1","Phantasmal Killer+1","Slice","Predator","Slice","Blade Dance","Caltrops","Envenom","A Thousand Cuts+1","Glass Knife+1","Deflect","Backflip"],"special_seed":0,"relics":["Ring of the Snake","WarpedTongs","Nunchaku","Dodecahedron","Orichalcum","Anchor","Philosopher\u0027s Stone","Shuriken"],"potions_floor_usage":[6,14,16,22],"damage_taken":[{"damage":0,"enemies":"2 Louse","floor":1,"turns":4},{"damage":10,"enemies":"Cultist","floor":2,"turns":5},{"damage":1,"enemies":"Small Slimes","floor":5,"turns":3},{"damage":11,"enemies":"3 Sentries","floor":6,"turns":6},{"damage":5,"enemies":"Red Slaver","floor":8,"turns":3},{"damage":14,"enemies":"Lagavulin","floor":11,"turns":6},{"damage":0,"enemies":"Looter","floor":13,"turns":2},{"damage":19,"enemies":"Gremlin Nob","floor":14,"turns":4},{"damage":8,"enemies":"Hexaghost","floor":16,"turns":7},{"damage":6,"enemies":"Spheric Guardian","floor":18,"turns":3},{"damage":6,"enemies":"Chosen","floor":20,"turns":4},{"damage":15,"enemies":"Snake Plant","floor":22,"turns":3},{"damage":27,"enemies":"Book of Stabbing","floor":24,"turns":4}],"seed_played":"-6703119115090073302","potions_obtained":[{"floor":8,"key":"PowerPotion"},{"floor":11,"key":"LiquidBronze"},{"floor":14,"key":"Strength Potion"},{"floor":22,"key":"Dexterity Potion"}],"is_trial":false,"path_per_floor":["M","M","?","$","M","E","R","M","T","R","E","R","M","E","R","B",null,"M","$","M","?","M","R","E"],"character_chosen":"THE_SILENT","items_purchased":["Poison Potion","Shuriken"],"campfire_rested":1,"item_purchase_floors":[4,19],"current_hp_per_floor":[59,49,49,49,48,37,37,32,32,51,37,37,37,18,18,10,52,46,46,40,40,25,25,0],"gold":67,"neow_bonus":"ONE_RANDOM_RARE_CARD","is_prod":false,"is_daily":false,"chose_seed":false,"campfire_upgraded":4,"win_rate":0,"timestamp":1550855935,"path_taken":["M","M","?","?","M","E","R","M","T","R","E","R","?","E","R","BOSS","M","$","?","?","?","R","E"],"build_version":"2019-01-23","purchased_purges":1,"victory":false,"max_hp_per_floor":[66,66,66,66,66,66,66,66,66,66,66,66,66,66,66,66,66,66,66,66,66,66,66,66],"card_choices":[{"not_picked":["Prepared","Heel Hook","PiercingWail"],"picked":"SKIP","floor":1},{"not_picked":["Cloak And Dagger","Eviscerate"],"picked":"Slice","floor":2},{"not_picked":["Outmaneuver","Deflect"],"picked":"Predator","floor":5},{"not_picked":["Catalyst","Dodge and Roll"],"picked":"Slice","floor":6},{"not_picked":["Reflex","Bouncing Flask"],"picked":"Blade Dance","floor":8},{"not_picked":["Prepared","Distraction"],"picked":"Caltrops","floor":11},{"not_picked":["Sucker Punch","Setup"],"picked":"Envenom","floor":13},{"not_picked":["Blade Dance","Prepared"],"picked":"A Thousand Cuts","floor":14},{"not_picked":["A Thousand Cuts","Burst"],"picked":"Glass Knife","floor":16},{"not_picked":["Quick Slash+1","Dash"],"picked":"Deflect","floor":18},{"not_picked":["Bane","Prepared","Acrobatics"],"picked":"SKIP","floor":20},{"not_picked":["Quick Slash+1","Flechettes"],"picked":"Backflip","floor":22}],"player_experience":200446,"relics_obtained":[{"floor":6,"key":"Nunchaku"},{"floor":9,"key":"Dodecahedron"},{"floor":11,"key":"Orichalcum"},{"floor":14,"key":"Anchor"}],"event_choices":[{"damage_healed":0,"gold_gain":0,"player_choice":"Rummage","damage_taken":0,"relics_obtained":["WarpedTongs"],"max_hp_gain":0,"max_hp_loss":0,"event_name":"Accursed Blacksmith","floor":3,"gold_loss":0,"cards_obtained":["Pain"]},{"cards_removed":["Strike_G"],"damage_healed":0,"gold_gain":0,"player_choice":"Card Removal","damage_taken":0,"max_hp_gain":0,"max_hp_loss":0,"event_name":"Wheel of Change","floor":21,"gold_loss":0}],"is_beta":false,"boss_relics":[{"not_picked":["Lizard Tail","HoveringKite"],"picked":"Philosopher\u0027s Stone"}],"items_purged_floors":[4],"is_endless":false,"potions_floor_spawned":[8,11,13,14,22],"killed_by":"Book of Stabbing","ascension_level":17}