{"gold_per_floor":[118,137,137,214,233,264,264,298,345,356,124,124,136,156,156,235,235,255,180,51,0,0,0,18,38,90,90,90,107,107,134,134,134],"floor_reached":33,"playtime":1106,"items_purged":["Strike_R"],"score":609,"play_id":"5af1729f-a669-4256-8c46-4b8497dc5bfc","local_time":"20190426100112","is_ascension_mode":true,"campfire_choices":[{"data":"Bash","floor":7,"key":"SMITH"},{"floor":12,"key":"REST"},{"data":"Whirlwind","floor":15,"key":"SMITH"},{"floor":23,"key":"DIG"},{"floor":28,"key":"DIG"},{"floor":32,"key":"DIG"}],"neow_cost":"NONE","seed_source_timestamp":48211051754838,"circlet_count":0,"master_deck":["AscendersBane","Strike_R+1","Strike_R","Strike_R","Defend_R","Defend_R","Defend_R","Defend_R","Bash+1","Whirlwind+1","Intimidate","Shockwave","Armaments","Shockwave","Reaper","Immolate","True Grit","Headbutt","Fiend Fire","Parasite","Decay","Decay","Anger+1","Shrug It Off","Corruption","Writhe","Flame Barrier","Disarm"],"relics":["Burning Blood","Blue Candle","Boot","Bag of Preparation","Red Skull","Calling Bell","Vajra","Ornamental Fan","Shovel","Orichalcum","Letter Opener","Ancient Tea Set","MutagenicStrength","PreservedInsect","Blood Vial","Oddly Smooth Stone","Calipers"],"potions_floor_usage":[6,8,16,31],"damage_taken":[{"damage":5,"enemies":"2 Louse","floor":1,"turns":4},{"damage":7,"enemies":"Jaw Worm","floor":2,"turns":3},{"damage":1,"enemies":"Cultist","floor":5,"turns":3},{"damage":14,"enemies":"3 Sentries","floor":6,"turns":3},{"damage":26,"enemies":"Gremlin Nob","floor":8,"turns":4},{"damage":8,"enemies":"Large Slime","floor":10,"turns":5},{"damage":8,"enemies":"Looter","floor":13,"turns":2},{"damage":3,"enemies":"2 Fungi Beasts","floor":14,"turns":2},{"damage":36,"enemies":"The Guardian","floor":16,"turns":15},{"damage":43,"enemies":"Shell Parasite","floor":18,"turns":7},{"damage":0,"enemies":"Spheric Guardian","floor":24,"turns":1},{"damage":6,"enemies":"Snecko","floor":25,"turns":4},{"damage":9,"enemies":"Cultist and Chosen","floor":29,"turns":4},{"damage":30,"enemies":"Slavers","floor":31,"turns":3},{"damage":72,"enemies":"Champ","floor":33,"turns":12}],"seed_played":"5327820867154414483","potions_obtained":[{"floor":1,"key":"SteroidPotion"},{"floor":5,"key":"Strength Potion"},{"floor":8,"key":"GamblersBrew"},{"floor":10,"key":"AttackPotion"},{"floor":24,"key":"SpeedPotion"},{"floor":29,"key":"PowerPotion"}],"is_trial":false,"path_per_floor":["M","M","?","T","M","E","R","E","T","M","$","R","M","M","R","B",null,"M","?","$","?","?","R","M","M","T","?","R","M","T","E","R","B"],"character_chosen":"IRONCLAD","items_purchased":["Immolate","Shrug It Off","Corruption"],"campfire_rested":1,"item_purchase_floors":[11,20,20],"current_hp_per_floor":[76,75,50,50,55,47,47,27,27,25,25,49,47,50,50,27,68,38,38,38,38,38,38,44,44,44,44,44,41,41,64,64,0],"gold":134,"neow_bonus":"TEN_PERCENT_HP_BONUS","is_prod":false,"is_daily":false,"chose_seed":false,"campfire_upgraded":2,"win_rate":0,"timestamp":1556298072,"path_taken":["M","M","?","?","M","E","R","E","T","M","$","R","?","M","R","BOSS","M","?","$","?","?","R","M","M","T","?","R","M","?","E","R","BOSS"],"build_version":"2019-01-23","purchased_purges":1,"victory":false,"max_hp_per_floor":[82,82,82,82,82,82,82,82,82,82,82,82,82,82,82,82,82,82,82,82,82,82,82,82,82,82,82,82,82,82,82,82,82],"card_choices":[{"not_picked":["Shrug It Off","Sentinel"],"picked":"Whirlwind","floor":1},{"not_picked":["Flex","Second Wind"],"picked":"Intimidate","floor":2},{"not_picked":["Second Wind","Cleave"],"picked":"Shockwave","floor":5},{"not_picked":["Body Slam","Sword Boomerang"],"picked":"Armaments","floor":6},{"not_picked":["Iron Wave","Intimidate"],"picked":"Shockwave","floor":8},{"not_picked":["Armaments","Clash"],"picked":"Reaper","floor":10},{"not_picked":["Heavy Blade","Iron Wave"],"picked":"True Grit","floor":13},{"not_picked":["Flex","Body Slam"],"picked":"Headbutt","floor":14},{"not_picked":["Offering","Bludgeon"],"picked":"Fiend Fire","floor":16},{"not_picked":["Clash","Evolve"],"picked":"Anger+1","floor":18},{"not_picked":["Bloodletting","Rampage","Perfected Strike"],"picked":"SKIP","floor":24},{"not_picked":["Shrug It Off","Warcry"],"picked":"Flame Barrier","floor":25},{"not_picked":["Carnage","Seeing Red+1"],"picked":"Disarm","floor":29},{"not_picked":["Iron Wave+1","Thunderclap","Carnage"],"picked":"SKIP","floor":31}],"player_experience":492140,"relics_obtained":[{"floor":4,"key":"Blue Candle"},{"floor":6,"key":"Boot"},{"floor":8,"key":"Bag of Preparation"},{"floor":9,"key":"Red Skull"},{"floor":17,"key":"Vajra"},{"floor":17,"key":"Ornamental Fan"},{"floor":17,"key":"Shovel"},{"floor":23,"key":"Letter Opener"},{"floor":26,"key":"Ancient Tea Set"},{"floor":28,"key":"PreservedInsect"},{"floor":30,"key":"Blood Vial"},{"floor":31,"key":"Oddly Smooth Stone"},{"floor":32,"key":"Calipers"}],"event_choices":[{"damage_healed":0,"gold_gain":0,"player_choice":"Entered Light","damage_taken":25,"max_hp_gain":0,"max_hp_loss":0,"event_name":"Shining Light","floor":3,"gold_loss":0,"cards_upgraded":["Strike_R","Strike_R"]},{"cards_removed":["Strike_R"],"damage_healed":0,"gold_gain":0,"player_choice":"Gave Gold","damage_taken":0,"max_hp_gain":0,"max_hp_loss":0,"event_name":"Beggar","floor":19,"gold_loss":75},{"damage_healed":0,"gold_gain":0,"player_choice":"Paid Fearfully","damage_taken":0,"max_hp_gain":0,"max_hp_loss":0,"event_name":"Masked Bandits","floor":21,"gold_loss":51},{"damage_healed":0,"gold_gain":0,"player_choice":"Opened","damage_taken":0,"relics_obtained":["Orichalcum"],"max_hp_gain":0,"max_hp_loss":0,"event_name":"The Mausoleum","floor":22,"gold_loss":0,"cards_obtained":["Writhe"]},{"damage_healed":0,"gold_gain":0,"player_choice":"Inject Mutagens","damage_taken":0,"relics_obtained":["MutagenicStrength"],"max_hp_gain":0,"max_hp_loss":0,"event_name":"Drug Dealer","floor":27,"gold_loss":0}],"is_beta":false,"boss_relics":[{"not_picked":["Lizard Tail","Busted Crown"],"picked":"Calling Bell"}],"items_purged_floors":[11],"is_endless":false,"potions_floor_spawned":[1,5,8,10,14,24,29],"killed_by":"Champ","ascension_level":17}