{"gold_per_floor":[111,128,144,25,42,75,87,99],"floor_reached":8,"playtime":4932,"items_purged":[],"score":67,"play_id":"dbf798cc-57a7-4b7b-beb0-3163156353d5","local_time":"20190417125210","is_ascension_mode":true,"campfire_choices":[{"floor":7,"key":"DIG"}],"neow_cost":"NONE","seed_source_timestamp":652485854630500,"circlet_count":0,"master_deck":["Strike_B","Strike_B","Strike_B","Strike_B","Defend_B","Defend_B","Defend_B","Defend_B","Zap","Dualcast","Decay","Clumsy","Doubt","Auto Shields","Darkness","BootSequence","Redo","Stack"],"relics":["Calling Bell","Symbiotic Virus","Art of War","Shovel","Vajra","MawBank","Bag of Preparation"],"potions_floor_usage":[8,8],"damage_taken":[{"damage":3,"enemies":"Cultist","floor":1,"turns":3},{"damage":4,"enemies":"Small Slimes","floor":2,"turns":4},{"damage":13,"enemies":"Jaw Worm","floor":3,"turns":4},{"damage":5,"enemies":"2 Fungi Beasts","floor":5,"turns":5},{"damage":29,"enemies":"Lagavulin","floor":6,"turns":7},{"damage":29,"enemies":"3 Sentries","floor":8,"turns":4}],"seed_played":"5679133011343813458","potions_obtained":[{"floor":5,"key":"Energy Potion"},{"floor":6,"key":"AttackPotion"}],"is_trial":false,"path_per_floor":["M","M","M","?","M","E","R","E"],"character_chosen":"DEFECT","items_purchased":[],"campfire_rested":0,"item_purchase_floors":[],"current_hp_per_floor":[72,68,55,55,50,21,21,0],"gold":99,"neow_bonus":"BOSS_RELIC","is_prod":false,"is_daily":false,"chose_seed":false,"campfire_upgraded":0,"win_rate":0,"timestamp":1555498330,"path_taken":["M","M","?","?","?","E","R","E"],"build_version":"2019-01-23","purchased_purges":0,"victory":false,"max_hp_per_floor":[75,75,75,75,75,75,75,75],"card_choices":[{"not_picked":["Streamline","Conserve Battery"],"picked":"Auto Shields","floor":1},{"not_picked":["Redo","Biased Cognition"],"picked":"Darkness","floor":2},{"not_picked":["Rebound","Compile Driver"],"picked":"BootSequence","floor":3},{"not_picked":["Loop","Stack"],"picked":"Redo","floor":5},{"not_picked":["Genetic Algorithm","Gash"],"picked":"Stack","floor":6}],"player_experience":536247,"relics_obtained":[{"floor":0,"key":"Symbiotic Virus"},{"floor":0,"key":"Art of War"},{"floor":0,"key":"Shovel"},{"floor":6,"key":"MawBank"},{"floor":7,"key":"Bag of Preparation"}],"event_choices":[{"damage_healed":0,"gold_gain":0,"player_choice":"Paid Gold","damage_taken":0,"relics_obtained":["Vajra"],"max_hp_gain":0,"max_hp_loss":0,"event_name":"WeMeetAgain","floor":4,"gold_loss":119}],"is_beta":false,"boss_relics":[],"items_purged_floors":[],"is_endless":false,"potions_floor_spawned":[5,6],"killed_by":"3 Sentries","ascension_level":3}