{"gold_per_floor":[109,119,137,152,170,170,201,201,201,212,234,47,47,47,47,47],"floor_reached":16,"playtime":1340,"items_purged":[],"score":112,"play_id":"adc70358-2613-4ac4-99f6-038e35c7c21c","local_time":"20190413235235","is_ascension_mode":true,"campfire_choices":[{"data":"Envenom","floor":6,"key":"SMITH"},{"floor":8,"key":"REST"},{"floor":15,"key":"REST"}],"neow_cost":"PERCENT_DAMAGE","seed_source_timestamp":350098311512400,"circlet_count":0,"master_deck":["Defend_G","Defend_G","Defend_G","Defend_G","Defend_G","Strike_G","Strike_G","Strike_G","Strike_G","Strike_G","Survivor+1","Neutralize","Flash of Steel","Trip+1","Cloak And Dagger","Backflip","Envenom+1","Bane","Bouncing Flask","Bouncing Flask","Catalyst","Deflect","HandOfGreed"],"relics":["Ring of the Snake","War Paint","Orichalcum","Odd Mushroom"],"potions_floor_usage":[7,7],"damage_taken":[{"damage":4,"enemies":"Jaw Worm","floor":1,"turns":4},{"damage":7,"enemies":"2 Louse","floor":2,"turns":3},{"damage":1,"enemies":"Cultist","floor":3,"turns":3},{"damage":6,"enemies":"Lots of Slimes","floor":4,"turns":7},{"damage":12,"enemies":"Large Slime","floor":5,"turns":10},{"damage":7,"enemies":"Gremlin Nob","floor":7,"turns":3},{"damage":7,"enemies":"Exordium Thugs","floor":10,"turns":5},{"damage":24,"enemies":"The Mushroom Lair","floor":11,"turns":6},{"damage":26,"enemies":"Slime Boss","floor":16,"turns":3}],"seed_played":"-5961422613169481441","potions_obtained":[{"floor":2,"key":"Weak Potion"},{"floor":3,"key":"FearPotion"},{"floor":11,"key":"GamblersBrew"}],"is_trial":false,"path_per_floor":["M","M","M","M","M","R","E","R","T","M","?","$","?","$","R","B"],"character_chosen":"THE_SILENT","items_purchased":["HandOfGreed"],"campfire_rested":2,"item_purchase_floors":[12],"current_hp_per_floor":[45,38,37,31,19,19,12,33,33,26,2,2,2,2,23,0],"gold":47,"neow_bonus":"RANDOM_COLORLESS_2","is_prod":false,"is_daily":false,"chose_seed":false,"campfire_upgraded":1,"win_rate":0,"timestamp":1555192355,"path_taken":["M","M","M","M","M","R","E","R","T","M","?","$","?","?","R","BOSS"],"build_version":"2019-01-23","purchased_purges":0,"victory":false,"max_hp_per_floor":[70,70,70,70,70,70,70,70,70,70,70,70,70,70,70,70],"card_choices":[{"not_picked":["Sucker Punch","Backstab"],"picked":"Cloak And Dagger","floor":1},{"not_picked":["Acrobatics","Flying Knee"],"picked":"Backflip","floor":2},{"not_picked":["PiercingWail","Quick Slash"],"picked":"Envenom","floor":3},{"not_picked":["Sucker Punch","PiercingWail"],"picked":"Bane","floor":4},{"not_picked":["Outmaneuver","Quick Slash"],"picked":"Bouncing Flask","floor":5},{"not_picked":["Acrobatics","Bullet Time"],"picked":"Bouncing Flask","floor":7},{"not_picked":["Slice","Prepared"],"picked":"Catalyst","floor":10},{"not_picked":["PiercingWail","Deadly Poison"],"picked":"Deflect","floor":11}],"player_experience":427656,"relics_obtained":[{"floor":7,"key":"War Paint"},{"floor":9,"key":"Orichalcum"},{"floor":11,"key":"Odd Mushroom"}],"event_choices":[{"damage_healed":0,"gold_gain":0,"player_choice":"Fought Mushrooms","damage_taken":0,"max_hp_gain":0,"max_hp_loss":0,"event_name":"Mushrooms","floor":11,"gold_loss":0},{"damage_healed":0,"gold_gain":0,"player_choice":"Ignored","damage_taken":0,"max_hp_gain":0,"max_hp_loss":0,"event_name":"Shining Light","floor":13,"gold_loss":0}],"is_beta":false,"boss_relics":[],"items_purged_floors":[],"is_endless":false,"potions_floor_spawned":[2,3,11],"killed_by":"Slime Boss","ascension_level":2}