{"gold_per_floor":[116,133,133,98,110,110,137,157,157,187,362,94,112,122,122,224,224,242,242,44,44,58,58,8,8,8,42,53,82,102,113,113,211,211,230,244,244,244,260,294,294,325,348,348,381,381,89,104,104,104],"floor_reached":51,"playtime":3481,"items_purged":["Doubt","Strike_B"],"score":994,"play_id":"38992738-f388-4975-a77c-82b7a0a949f7","local_time":"20180812081135","is_ascension_mode":true,"campfire_choices":[{"data":"Zap","floor":6,"key":"SMITH"},{"floor":15,"key":"REST"},{"data":"RitualDagger","floor":23,"key":"SMITH"},{"floor":32,"key":"REST"},{"data":"Echo Form","floor":41,"key":"SMITH"},{"floor":46,"key":"REST"},{"floor":49,"key":"REST"}],"neow_cost":"NONE","seed_source_timestamp":330274427524122,"circlet_count":0,"master_deck":["Strike_B+1","Strike_B+1","Defend_B","Defend_B","Defend_B","Defend_B","Zap+1","Dualcast","Conserve Battery","Cold Snap","Genetic Algorithm","Cold Snap","Genetic Algorithm","Reinforced Body","Aggregate","Melter","Echo Form+1","Electrodynamics","Ball Lightning","RitualDagger+1","Necronomicurse","Redo+1","Hello World+1","Go for the Eyes+1","Conserve Battery","Buffer","Hologram+1","Undo+1","Reboot+1","Mind Blast","Secret Weapon+1","Secret Technique+1","Hologram+1","Loop+1","Defragment","Bandage Up+1","Leap+1","Hologram+1"],"relics":["Cracked Core","Happy Flower","Smiling Mask","The Courier","Dream Catcher","Oddly Smooth Stone","Nuclear Battery","Matryoshka","Necronomicon","Vajra","Pear","Letter Opener","Pen Nib","Snecko Eye","Gremlin Horn","Toxic Egg 2","Whetstone","Bottled Flame","Mummified Hand","Medical Kit"],"potions_floor_usage":[22,30,31,33,40,40,40,50],"damage_taken":[{"damage":0,"enemies":"Cultist","floor":1,"turns":3},{"damage":7,"enemies":"Jaw Worm","floor":2,"turns":4},{"damage":0,"enemies":"2 Louse","floor":5,"turns":3},{"damage":20,"enemies":"Lagavulin","floor":7,"turns":8},{"damage":12,"enemies":"Exordium Thugs","floor":8,"turns":3},{"damage":10,"enemies":"3 Sentries","floor":10,"turns":9},{"damage":0,"enemies":"Large Slime","floor":13,"turns":6},{"damage":0,"enemies":"3 Louse","floor":14,"turns":5},{"damage":0,"enemies":"Slime Boss","floor":16,"turns":12},{"damage":2,"enemies":"Shell Parasite","floor":18,"turns":6},{"damage":0,"enemies":"2 Thieves","floor":22,"turns":3},{"damage":10,"enemies":"Slavers","floor":27,"turns":5},{"damage":0,"enemies":"Snecko","floor":28,"turns":4},{"damage":25,"enemies":"Book of Stabbing","floor":29,"turns":7},{"damage":12,"enemies":"Cultist and Chosen","floor":30,"turns":4},{"damage":16,"enemies":"Snake Plant","floor":31,"turns":3},{"damage":18,"enemies":"Collector","floor":33,"turns":12},{"damage":0,"enemies":"Flame Bruiser 1 Orb","floor":35,"turns":6},{"damage":5,"enemies":"3 Darklings","floor":36,"turns":3},{"damage":0,"enemies":"Sphere and 2 Shapes","floor":39,"turns":4},{"damage":0,"enemies":"Nemesis","floor":40,"turns":9},{"damage":9,"enemies":"2 Orb Walkers","floor":42,"turns":5},{"damage":27,"enemies":"Nemesis","floor":45,"turns":11},{"damage":0,"enemies":"4 Shapes","floor":48,"turns":2},{"damage":21,"enemies":"Awakened One","floor":50,"turns":15}],"seed_played":"-2387670923074629360","potions_obtained":[{"floor":2,"key":"Energy Potion"},{"floor":10,"key":"SkillPotion"},{"floor":14,"key":"Fire Potion"},{"floor":28,"key":"PowerPotion"},{"floor":30,"key":"LiquidBronze"},{"floor":33,"key":"Block Potion"},{"floor":36,"key":"FearPotion"},{"floor":39,"key":"Regen Potion"},{"floor":40,"key":"Poison Potion"}],"is_trial":false,"path_per_floor":["M","M","?","$","M","R","E","M","T","E","?","$","M","M","R","B",null,"M","?","$","?","M","R","$","$","T","E","M","E","M","M","R","B",null,"M","M","?","?","M","E","R","E","T","?","E","R","$","M","R","B"],"character_chosen":"DEFECT","items_purchased":["Genetic Algorithm","Oddly Smooth Stone","Reinforced Body","Aggregate","Matryoshka","Defragment","Bandage Up+1","Medical Kit"],"campfire_rested":4,"item_purchase_floors":[4,12,12,12,20,47,47,47],"current_hp_per_floor":[75,68,73,73,73,73,53,41,41,31,31,31,31,31,55,55,80,78,72,72,56,56,56,56,56,66,56,56,31,19,3,30,12,90,90,85,85,85,85,90,90,81,81,71,44,71,71,71,90,69],"gold":104,"neow_bonus":"RANDOM_COMMON_RELIC","is_prod":false,"is_daily":false,"chose_seed":false,"campfire_upgraded":3,"win_rate":0,"timestamp":1534086695,"path_taken":["M","M","?","?","M","R","E","M","T","E","?","$","?","M","R","BOSS","M","?","$","?","M","R","?","$","T","E","M","E","M","M","R","BOSS","M","M","?","?","M","E","R","E","T","?","E","R","?","M","R","BOSS"],"build_version":"2018-08-09","purchased_purges":2,"victory":true,"max_hp_per_floor":[75,75,80,80,80,80,80,80,80,80,80,80,80,80,80,80,80,80,80,80,80,80,80,80,80,90,90,90,90,90,90,90,90,90,90,90,90,90,90,90,90,90,90,90,90,90,90,90,90,90],"card_choices":[{"not_picked":["Streamline","Reinforced Body"],"picked":"Conserve Battery","floor":1},{"not_picked":["White Noise","Go for the Eyes"],"picked":"Cold Snap","floor":2},{"not_picked":["Beam Cell","Gash"],"picked":"Cold Snap","floor":5},{"not_picked":["Reinforced Body","Chill","Coolheaded"],"picked":"SKIP","floor":7},{"not_picked":["Heatsinks","Reprogram"],"picked":"Genetic Algorithm","floor":8},{"not_picked":["Beam Cell","Static Discharge","Streamline"],"picked":"SKIP","floor":10},{"not_picked":["Stack","Tempest"],"picked":"Melter","floor":13},{"not_picked":["Double Energy","Coolheaded","Steam Power"],"picked":"SKIP","floor":14},{"not_picked":["Sweeping Beam","Recycle"],"picked":"Echo Form","floor":15},{"not_picked":["Amplify","Meteor Strike"],"picked":"Electrodynamics","floor":16},{"not_picked":["Barrage","Lockon"],"picked":"Ball Lightning","floor":18},{"not_picked":["Rebound","Turbo","Aggregate+1"],"picked":"SKIP","floor":22},{"not_picked":["Streamline","Compile Driver"],"picked":"Redo+1","floor":27},{"not_picked":["Turbo","Blizzard"],"picked":"Hello World+1","floor":28},{"not_picked":["White Noise","Steam","Rainbow"],"picked":"SKIP","floor":29},{"not_picked":["Steam Power+1","Turbo","Aggregate+1"],"picked":"SKIP","floor":30},{"not_picked":["Melter","Chaos"],"picked":"Go for the Eyes+1","floor":31},{"not_picked":["Gash+1","Redo+1"],"picked":"Conserve Battery","floor":32},{"not_picked":["Multi-Cast","Seek"],"picked":"Buffer","floor":33},{"not_picked":["Leap+1","Genetic Algorithm"],"picked":"Hologram+1","floor":35},{"not_picked":["Beam Cell+1","Lockon+1","FTL"],"picked":"SKIP","floor":36},{"not_picked":["Sweeping Beam+1","Steam+1","Rebound"],"picked":"SKIP","floor":39},{"not_picked":["BootSequence+1","Recycle+1"],"picked":"Undo+1","floor":40},{"not_picked":["Coolheaded+1","Recycle"],"picked":"Reboot","floor":42},{"not_picked":["Blind+1","Swift Strike"],"picked":"Mind Blast","floor":44},{"not_picked":["Dark Shackles+1","Finesse+1"],"picked":"Secret Weapon+1","floor":44},{"not_picked":["Deep Breath+1","Mind Blast"],"picked":"Secret Technique+1","floor":44},{"not_picked":["Barrage+1","Meteor Strike"],"picked":"Hologram+1","floor":45},{"not_picked":["Reprogram+1","Hologram+1"],"picked":"Loop+1","floor":46},{"not_picked":["Self Repair+1","Melter+1"],"picked":"Leap+1","floor":48},{"not_picked":["Steam+1","Static Discharge+1"],"picked":"Hologram+1","floor":49}],"player_experience":43884,"relics_obtained":[{"floor":7,"key":"Smiling Mask"},{"floor":9,"key":"The Courier"},{"floor":10,"key":"Dream Catcher"},{"floor":21,"key":"Necronomicon"},{"floor":26,"key":"Vajra"},{"floor":26,"key":"Pear"},{"floor":27,"key":"Letter Opener"},{"floor":29,"key":"Pen Nib"},{"floor":40,"key":"Gremlin Horn"},{"floor":42,"key":"Toxic Egg 2"},{"floor":43,"key":"Whetstone"},{"floor":43,"key":"Bottled Flame"},{"floor":45,"key":"Mummified Hand"}],"event_choices":[{"event_name":"Big Fish","player_choice":"Donut","floor":3,"damage_taken":0},{"event_name":"Liars Game","player_choice":"agreed","floor":11,"damage_taken":0},{"event_name":"Nest","player_choice":"Joined the Cult","floor":19,"damage_taken":0},{"event_name":"Cursed Tome","player_choice":"Obtained Book","floor":21,"damage_taken":0},{"event_name":"Bonfire Elementals","player_choice":"BASIC","floor":37,"damage_taken":0},{"event_name":"Tomb of Lord Red Mask","player_choice":"Ignored","floor":38,"damage_taken":0},{"event_name":"SensoryStone","player_choice":"Memory 3","floor":44,"damage_taken":0}],"is_beta":false,"boss_relics":[{"not_picked":["Eternal Feather","Lizard Tail"],"picked":"Nuclear Battery"},{"not_picked":["Black Star","Calling Bell"],"picked":"Snecko Eye"}],"items_purged_floors":[12,24],"is_endless":false,"potions_floor_spawned":[2,10,14,28,30,33,36,39,40],"ascension_level":2}