{"gold_per_floor":[119,119,129,4,24,24,43,77,101,101,101,115,131,163,163,261,261,272,187,112,112,127,127,152,152],"floor_reached":25,"playtime":15305,"items_purged":["Strike_B"],"score":300,"play_id":"38c99db5-b89f-46c6-bd2e-37200dc5397a","local_time":"20190430194135","is_ascension_mode":true,"campfire_choices":[{"data":"Creative AI","floor":6,"key":"SMITH"},{"data":"Conserve Battery","floor":11,"key":"SMITH"},{"data":"Defragment","floor":15,"key":"SMITH"},{"data":"Conserve Battery","floor":23,"key":"SMITH"}],"neow_cost":"NONE","seed_source_timestamp":56258777497200,"circlet_count":0,"master_deck":["Strike_B","Strike_B","Defend_B","Defend_B","Defend_B","Zap","Dualcast","Creative AI+1","Conserve Battery+1","Glacier","Conserve Battery+1","Defragment+1","Reinforced Body","Rainbow","Glacier"],"relics":["Cracked Core","Bag of Preparation","DataDisk","Regal Pillow","Shuriken","Inserter","Pear","Ancient Tea Set"],"potions_floor_usage":[16,25,25],"damage_taken":[{"damage":8,"enemies":"2 Louse","floor":1,"turns":2},{"damage":11,"enemies":"Cultist","floor":3,"turns":4},{"damage":0,"enemies":"Jaw Worm","floor":5,"turns":4},{"damage":4,"enemies":"Blue Slaver","floor":7,"turns":5},{"damage":2,"enemies":"Lagavulin","floor":8,"turns":8},{"damage":0,"enemies":"Large Slime","floor":12,"turns":8},{"damage":7,"enemies":"3 Louse","floor":13,"turns":6},{"damage":5,"enemies":"3 Sentries","floor":14,"turns":9},{"damage":4,"enemies":"The Guardian","floor":16,"turns":11},{"damage":0,"enemies":"Shell Parasite","floor":18,"turns":11},{"damage":21,"enemies":"2 Thieves","floor":20,"turns":5},{"damage":6,"enemies":"Centurion and Healer","floor":22,"turns":8},{"damage":34,"enemies":"Book of Stabbing","floor":24,"turns":11},{"damage":21,"enemies":"3 Cultists","floor":25,"turns":7}],"seed_played":"4423880138385469849","potions_obtained":[{"floor":5,"key":"Swift Potion"},{"floor":7,"key":"EssenceOfSteel"},{"floor":13,"key":"FocusPotion"},{"floor":14,"key":"Strength Potion"},{"floor":18,"key":"Poison Potion"}],"is_trial":false,"path_per_floor":["M","?","M","$","M","R","M","E","T","?","R","M","M","E","R","B",null,"M","?","M","?","M","R","E","M"],"character_chosen":"DEFECT","items_purchased":["Conserve Battery"],"campfire_rested":0,"item_purchase_floors":[4],"current_hp_per_floor":[60,60,49,49,49,49,45,43,43,43,43,43,36,31,31,27,63,63,73,52,52,46,46,12,0],"gold":152,"neow_bonus":"REMOVE_CARD","is_prod":false,"is_daily":false,"chose_seed":false,"campfire_upgraded":4,"win_rate":0,"timestamp":1556646095,"path_taken":["M","?","M","$","M","R","?","E","T","?","R","?","M","E","R","BOSS","M","?","M","?","M","R","E","M"],"build_version":"2019-01-23","purchased_purges":1,"victory":false,"max_hp_per_floor":[75,75,75,75,75,75,75,75,75,75,75,75,75,75,75,75,75,75,85,85,85,85,85,85,85],"card_choices":[{"not_picked":["Steam","Barrage","Go for the Eyes"],"picked":"SKIP","floor":1},{"not_picked":["Streamline","Turbo"],"picked":"Creative AI","floor":3},{"not_picked":["Leap","Go for the Eyes","Steam"],"picked":"SKIP","floor":5},{"not_picked":["Turbo","Defragment"],"picked":"Glacier","floor":7},{"not_picked":["Skim","Hello World"],"picked":"Conserve Battery","floor":8},{"not_picked":["Hello World","Turbo"],"picked":"Defragment","floor":12},{"not_picked":["Tempest","Barrage","Hello World"],"picked":"SKIP","floor":13},{"not_picked":["Auto Shields","Tempest"],"picked":"Reinforced Body","floor":14},{"not_picked":["Meteor Strike","Machine Learning"],"picked":"Rainbow","floor":16},{"not_picked":["Ball Lightning","Conserve Battery","Heatsinks"],"picked":"SKIP","floor":18},{"not_picked":["FTL","Skim","Beam Cell+1"],"picked":"SKIP","floor":20},{"not_picked":["Steam","Ball Lightning+1","Lockon+1"],"picked":"SKIP","floor":22},{"not_picked":["Redo","Darkness","Beam Cell"],"picked":"SKIP","floor":24}],"player_experience":899042,"relics_obtained":[{"floor":8,"key":"Bag of Preparation"},{"floor":9,"key":"DataDisk"},{"floor":14,"key":"Shuriken"},{"floor":24,"key":"Ancient Tea Set"}],"event_choices":[{"cards_removed":["Defend_B"],"damage_healed":0,"gold_gain":0,"player_choice":"Purged","damage_taken":0,"max_hp_gain":0,"max_hp_loss":0,"event_name":"Purifier","floor":2,"gold_loss":0},{"damage_healed":0,"gold_gain":0,"player_choice":"Gave Potion","damage_taken":0,"relics_obtained":["Regal Pillow"],"max_hp_gain":0,"max_hp_loss":0,"event_name":"WeMeetAgain","floor":10,"gold_loss":0},{"damage_healed":0,"gold_gain":0,"player_choice":"Obtained Relic","damage_taken":0,"relics_obtained":["Pear"],"max_hp_gain":0,"max_hp_loss":0,"event_name":"Addict","floor":19,"gold_loss":85},{"damage_healed":0,"gold_gain":0,"player_choice":"Read","damage_taken":0,"max_hp_gain":0,"max_hp_loss":0,"event_name":"The Library","floor":21,"gold_loss":0,"cards_obtained":["Glacier"]}],"is_beta":false,"boss_relics":[{"not_picked":["Velvet Choker","Eternal Feather"],"picked":"Inserter"}],"items_purged_floors":[4],"is_endless":false,"potions_floor_spawned":[5,7,13,14,18],"killed_by":"3 Cultists","ascension_level":6}