{"gold_per_floor":[117,117,67,9,184,211,211,243,296,330,340,360,387,387,387,489,489,506,165,178,194,205,234,234,234,234,260,280,295,210,235,235,235],"floor_reached":33,"playtime":1982,"items_purged":[],"score":627,"play_id":"42be1125-9c6e-41e0-90b6-dbc3a2c23680","local_time":"20190404192826","is_ascension_mode":true,"campfire_choices":[{"data":"Bash","floor":7,"key":"SMITH"},{"data":"Disarm","floor":15,"key":"SMITH"},{"data":"Body Slam","floor":24,"key":"SMITH"},{"floor":32,"key":"REST"}],"neow_cost":"NONE","seed_source_timestamp":433206746171459,"circlet_count":0,"master_deck":["Strike_R","Strike_R","Defend_R","Defend_R","Defend_R+1","Defend_R","Bash+1","Cleave","Shrug It Off","Battle Trance+1","Second Wind","Disarm+1","Disarm","Barricade","Warcry+1","Feel No Pain","Rampage","Metallicize","Metallicize","Pommel Strike+1","Feel No Pain+1","Pommel Strike+1","Body Slam+1","Shockwave","Clothesline","Metallicize","Shrug It Off+1","Reckless Charge"],"relics":["Burning Blood","NeowsBlessing","The Courier","Centennial Puzzle","Bag of Preparation","Boot","Kunai","PreservedInsect","Mark of Pain","Lantern","Ancient Tea Set","Singing Bowl","War Paint","Charon\u0027s Ashes","Champion Belt"],"potions_floor_usage":[10,10,16,16,23,29,33,33,33],"damage_taken":[{"damage":0,"enemies":"Jaw Worm","floor":1,"turns":1},{"damage":0,"enemies":"3 Sentries","floor":6,"turns":1},{"damage":0,"enemies":"Gremlin Nob","floor":8,"turns":1},{"damage":4,"enemies":"3 Sentries","floor":10,"turns":10},{"damage":0,"enemies":"Small Slimes","floor":11,"turns":3},{"damage":0,"enemies":"2 Louse","floor":12,"turns":3},{"damage":0,"enemies":"The Guardian","floor":16,"turns":21},{"damage":6,"enemies":"Chosen","floor":18,"turns":8},{"damage":3,"enemies":"3 Byrds","floor":20,"turns":8},{"damage":7,"enemies":"Cultist and Chosen","floor":21,"turns":10},{"damage":3,"enemies":"Centurion and Healer","floor":22,"turns":10},{"damage":58,"enemies":"Slavers","floor":23,"turns":8},{"damage":12,"enemies":"Gremlin Leader","floor":27,"turns":8},{"damage":11,"enemies":"Snake Plant","floor":28,"turns":6},{"damage":22,"enemies":"3 Cultists","floor":29,"turns":7},{"damage":0,"enemies":"Book of Stabbing","floor":31,"turns":5},{"damage":57,"enemies":"Collector","floor":33,"turns":6}],"seed_played":"-6285845916920753383","potions_obtained":[{"floor":1,"key":"SkillPotion"},{"floor":6,"key":"GamblersBrew"},{"floor":11,"key":"Swift Potion"},{"floor":16,"key":"Regen Potion"},{"floor":22,"key":"Ancient Potion"},{"floor":27,"key":"BloodPotion"},{"floor":28,"key":"SpeedPotion"},{"floor":31,"key":"AttackPotion"}],"is_trial":false,"path_per_floor":["M","?","?","$","?","E","R","E","T","E","M","M","T","?","R","B",null,"M","$","M","M","M","E","R","?","T","E","M","M","?","E","R","B"],"character_chosen":"IRONCLAD","items_purchased":["Shrug It Off","AttackPotion","Feel No Pain","Rampage","Metallicize","Metallicize","Lantern"],"campfire_rested":1,"item_purchase_floors":[4,4,19,19,19,19,19],"current_hp_per_floor":[78,66,66,66,66,72,72,78,78,80,80,80,80,73,73,79,80,80,80,80,79,80,43,43,43,43,37,34,26,26,32,56,0],"gold":235,"neow_bonus":"THREE_ENEMY_KILL","is_prod":false,"is_daily":false,"chose_seed":false,"campfire_upgraded":3,"win_rate":0,"timestamp":1554431306,"path_taken":["M","?","?","$","?","E","R","E","T","E","M","M","?","?","R","BOSS","M","$","M","M","M","E","R","?","T","E","M","M","?","E","R","BOSS"],"build_version":"2019-01-23","purchased_purges":0,"victory":false,"max_hp_per_floor":[80,80,80,80,80,80,80,80,80,80,80,80,80,80,80,80,80,80,80,80,80,80,80,80,80,80,80,82,82,82,82,82,82],"card_choices":[{"not_picked":["Second Wind","Feel No Pain"],"picked":"Cleave","floor":1},{"not_picked":["Armaments","Blood for Blood"],"picked":"Battle Trance","floor":6},{"not_picked":["Body Slam","Clash"],"picked":"Second Wind","floor":8},{"not_picked":["Infernal Blade","Cleave"],"picked":"Disarm","floor":10},{"not_picked":["Sentinel","Second Wind"],"picked":"Disarm","floor":11},{"not_picked":["Intimidate","Havoc","Warcry"],"picked":"SKIP","floor":12},{"not_picked":["Brutality","Demon Form"],"picked":"Barricade","floor":16},{"not_picked":["Dual Wield","Heavy Blade"],"picked":"Warcry+1","floor":18},{"not_picked":["Twin Strike+1","Fire Breathing"],"picked":"Pommel Strike+1","floor":20},{"not_picked":["Rage","Anger"],"picked":"Feel No Pain+1","floor":21},{"not_picked":["Inflame","Armaments"],"picked":"Pommel Strike+1","floor":22},{"not_picked":["Battle Trance","Twin Strike"],"picked":"Body Slam","floor":23},{"not_picked":["Sword Boomerang","Blood for Blood+1"],"picked":"Metallicize","floor":27},{"not_picked":["Thunderclap","Rampage+1","Clash+1"],"picked":"Singing Bowl","floor":28},{"not_picked":["Warcry","True Grit"],"picked":"Shrug It Off+1","floor":29},{"not_picked":["Rupture+1","Limit Break"],"picked":"Reckless Charge","floor":31}],"player_experience":162639,"relics_obtained":[{"floor":6,"key":"Centennial Puzzle"},{"floor":8,"key":"Bag of Preparation"},{"floor":9,"key":"Boot"},{"floor":10,"key":"Kunai"},{"floor":13,"key":"PreservedInsect"},{"floor":23,"key":"Ancient Tea Set"},{"floor":26,"key":"Singing Bowl"},{"floor":27,"key":"War Paint"},{"floor":31,"key":"Champion Belt"}],"event_choices":[{"damage_healed":0,"gold_gain":0,"player_choice":"Success","damage_taken":12,"relics_obtained":["The Courier"],"max_hp_gain":0,"max_hp_loss":0,"event_name":"Scrap Ooze","floor":2,"gold_loss":0},{"cards_removed":["Strike_R"],"damage_healed":0,"gold_gain":0,"player_choice":"Card Removal","damage_taken":0,"max_hp_gain":0,"max_hp_loss":0,"event_name":"The Cleric","floor":3,"gold_loss":50},{"damage_healed":0,"gold_gain":175,"player_choice":"AGREE","damage_taken":0,"max_hp_gain":0,"max_hp_loss":0,"event_name":"Liars Game","floor":5,"gold_loss":0,"cards_obtained":["Doubt"]},{"cards_removed":["Doubt"],"damage_healed":0,"gold_gain":0,"player_choice":"Card Removal","damage_taken":7,"max_hp_gain":0,"max_hp_loss":0,"event_name":"Golden Wing","floor":14,"gold_loss":0},{"damage_healed":0,"gold_gain":0,"cards_transformed":["Strike_R","Strike_R"],"player_choice":"Became Test Subject","damage_taken":0,"max_hp_gain":0,"max_hp_loss":0,"event_name":"Drug Dealer","floor":25,"gold_loss":0,"cards_obtained":["Shockwave","Clothesline"]},{"damage_healed":0,"gold_gain":0,"player_choice":"Obtained Relic","damage_taken":0,"relics_obtained":["Charon\u0027s Ashes"],"max_hp_gain":0,"max_hp_loss":0,"event_name":"Addict","floor":30,"gold_loss":85}],"is_beta":false,"boss_relics":[{"not_picked":["Black Blood","Velvet Choker"],"picked":"Mark of Pain"}],"items_purged_floors":[],"is_endless":false,"potions_floor_spawned":[1,6,11,16,22,27,28,31],"killed_by":"Collector","ascension_level":8}