{"gold_per_floor":[214,225,239,90,100,100,127,144,144,144,52,52,116,116,116,213,213,228,241,241,241,254,254,75,89,89,89,122,122,122,156,156,260,260,285,172,172,22,42,77,77,77,129,157,168,184,201,236,236,236],"floor_reached":51,"playtime":4252,"items_purged":["Strike_B","Strike_B","Doubt","Regret"],"score":943,"play_id":"6ae1c68a-fad4-4ae3-99ef-8b8dec2f7f5a","local_time":"20190327211213","is_ascension_mode":true,"campfire_choices":[{"data":"Zap","floor":6.0,"key":"SMITH"},{"data":"Beam Cell","floor":10.0,"key":"SMITH"},{"data":"Buffer","floor":15.0,"key":"SMITH"},{"data":"Go for the Eyes","floor":23.0,"key":"SMITH"},{"data":"Sunder","floor":27.0,"key":"SMITH"},{"data":"Chill","floor":29.0,"key":"SMITH"},{"data":"Dualcast","floor":32.0,"key":"SMITH"},{"data":"FTL","floor":41.0,"key":"SMITH"},{"floor":49,"key":"REST"}],"neow_cost":"NONE","seed_source_timestamp":0,"circlet_count":0,"master_deck":["Strike_B","Defend_B+1","Defend_B","Defend_B","Zap+1","Dualcast+1","Streamline+1","Conserve Battery","Buffer+1","Auto Shields+1","Beam Cell+1","FTL+1","Go for the Eyes+1","PanicButton","Self Repair+1","All For One","Chill+1","Skim","Machine Learning+1","Sunder+1","Go for the Eyes","Conserve Battery+1","Reprogram+1","All For One","Shame","Injury","Bandage Up+1","Conserve Battery+1","Madness+1","Madness+1","Beam Cell+1","Parasite","Go for the Eyes+1","Beam Cell"],"special_seed":0,"relics":["Cracked Core","Meat on the Bone","Mango","Frozen Egg 2","Thread and Needle","Philosopher\u0027s Stone","Toxic Egg 2","Sundial","Ice Cream","Calling Bell","MawBank","Singing Bowl","Incense Burner","War Paint","Bag of Marbles","Cables","Gremlin Horn"],"potions_floor_usage":[48],"damage_taken":[{"damage":5.0,"enemies":"Small Slimes","floor":1.0,"turns":3.0},{"damage":1.0,"enemies":"2 Louse","floor":2.0,"turns":2.0},{"damage":2.0,"enemies":"Jaw Worm","floor":3.0,"turns":3.0},{"damage":1.0,"enemies":"2 Fungi Beasts","floor":5.0,"turns":3.0},{"damage":18.0,"enemies":"Gremlin Nob","floor":7.0,"turns":4.0},{"damage":0.0,"enemies":"Looter","floor":8.0,"turns":3.0},{"damage":0.0,"enemies":"Lagavulin Event","floor":13.0,"turns":5.0},{"damage":22.0,"enemies":"Hexaghost","floor":16.0,"turns":11.0},{"damage":0.0,"enemies":"Chosen","floor":18.0,"turns":4.0},{"damage":0.0,"enemies":"Shell Parasite","floor":19.0,"turns":4.0},{"damage":19.0,"enemies":"Snake Plant","floor":22.0,"turns":5.0},{"damage":3.0,"enemies":"Cultist and Chosen","floor":25.0,"turns":6.0},{"damage":12.0,"enemies":"Book of Stabbing","floor":28.0,"turns":4.0},{"damage":1.0,"enemies":"Gremlin Leader","floor":31.0,"turns":6.0},{"damage":29.0,"enemies":"Automaton","floor":33.0,"turns":10.0},{"damage":10.0,"enemies":"Orb Walker","floor":35.0,"turns":4.0},{"damage":3.0,"enemies":"3 Darklings","floor":39.0,"turns":5.0},{"damage":12.0,"enemies":"Nemesis","floor":40.0,"turns":5.0},{"damage":0.0,"enemies":"Giant Head","floor":44.0,"turns":7.0},{"damage":14.0,"enemies":"Writhing Mass","floor":45.0,"turns":7.0},{"damage":4.0,"enemies":"Maw","floor":46.0,"turns":8.0},{"damage":4,"enemies":"3 Darklings","floor":47,"turns":5},{"damage":38,"enemies":"Reptomancer","floor":48,"turns":6},{"damage":24,"enemies":"Awakened One","floor":50,"turns":11}],"seed_played":"-1089508902252717831","potions_obtained":[{"floor":3.0,"key":"AttackPotion"},{"floor":8.0,"key":"SpeedPotion"},{"floor":13.0,"key":"Fire Potion"},{"floor":18.0,"key":"Fire Potion"},{"floor":25.0,"key":"EssenceOfSteel"},{"floor":28.0,"key":"Energy Potion"},{"floor":31.0,"key":"SpeedPotion"},{"floor":39.0,"key":"Block Potion"},{"floor":45.0,"key":"Dexterity Potion"}],"is_trial":false,"path_per_floor":["M","M","M","$","M","R","E","M","T","R","$","?","?","?","R","B",null,"M","M","?","?","M","R","$","M","T","R","E","R","$","E","R","B",null,"M","$","?","$","M","E","R","?","T","E","M","M","M","E","R","B",null],"character_chosen":"DEFECT","items_purchased":["Auto Shields","PanicButton","Sunder"],"campfire_rested":1,"item_purchase_floors":[4,11,24],"current_hp_per_floor":[70,69,67,67,66,66,48,48,62,62,62,55,55,55,55,45,89,89,89,89,89,80,80,80,87,87,87,75,75,75,84,84,65,89,91,91,91,91,93,87,87,75,75,91,92,93,95,65,94,73],"gold":236,"neow_bonus":"HUNDRED_GOLD","is_prod":false,"is_daily":false,"chose_seed":false,"campfire_upgraded":8,"win_rate":0,"timestamp":1553688733,"path_taken":["M","M","M","$","M","R","E","M","T","R","$","?","?","?","R","BOSS","M","M","?","?","?","R","$","M","T","R","E","R","$","E","R","BOSS","M","$","?","$","M","E","R","?","T","E","M","M","M","E","R","BOSS"],"build_version":"2019-01-23","purchased_purges":4,"victory":true,"max_hp_per_floor":[75,75,75,75,75,75,75,75,89,89,89,89,89,89,89,89,89,89,89,89,89,89,89,89,89,89,89,89,89,89,89,89,89,89,91,91,91,91,93,93,93,93,93,93,93,93,95,97,97,97],"card_choices":[{"not_picked":["Force Field","Aggregate"],"picked":"Streamline","floor":1.0},{"not_picked":["Streamline","Coolheaded"],"picked":"Conserve Battery","floor":2.0},{"not_picked":["Darkness","Sweeping Beam"],"picked":"Buffer","floor":3.0},{"not_picked":["Ball Lightning","Steam"],"picked":"Beam Cell","floor":5.0},{"not_picked":["Double Energy","Consume"],"picked":"FTL","floor":7.0},{"not_picked":["Cold Snap","White Noise"],"picked":"Go for the Eyes","floor":8.0},{"not_picked":["Sweeping Beam","Hello World+1"],"picked":"Self Repair+1","floor":13.0},{"not_picked":["Thunder Strike","Echo Form+1"],"picked":"All For One","floor":16.0},{"not_picked":["Steam","Coolheaded+1"],"picked":"Chill","floor":18.0},{"not_picked":["Leap","Go for the Eyes"],"picked":"Skim","floor":19.0},{"not_picked":["Aggregate+1","Reinforced Body"],"picked":"Machine Learning+1","floor":22.0},{"not_picked":["Hologram+1","Redo"],"picked":"Go for the Eyes","floor":25.0},{"not_picked":["Cold Snap","Compile Driver+1"],"picked":"Conserve Battery+1","floor":28.0},{"not_picked":["Barrage+1","Compile Driver"],"picked":"Reprogram+1","floor":31.0},{"not_picked":["Buffer+1","Seek+1"],"picked":"All For One","floor":33.0},{"not_picked":["Sweeping Beam","Defragment+1","Cold Snap"],"picked":"Singing Bowl","floor":35.0},{"not_picked":["Swift Strike","Master of Strategy+1"],"picked":"Bandage Up+1","floor":37.0},{"not_picked":["Sweeping Beam","Rebound","Undo+1"],"picked":"Singing Bowl","floor":39.0},{"not_picked":["Steam+1","Ball Lightning"],"picked":"Conserve Battery+1","floor":40.0},{"not_picked":["Fusion+1","Chill+1"],"picked":"Beam Cell+1","floor":44.0},{"not_picked":["Buffer+1","Rebound"],"picked":"Go for the Eyes+1","floor":45.0},{"not_picked":["Hologram+1","BootSequence+1"],"picked":"Beam Cell","floor":46},{"not_picked":["Defragment+1","Undo+1","Beam Cell"],"picked":"Singing Bowl","floor":47},{"not_picked":["Force Field+1","Conserve Battery+1","Aggregate+1"],"picked":"Singing Bowl","floor":48}],"player_experience":172535,"relics_obtained":[{"floor":7.0,"key":"Meat on the Bone"},{"floor":9.0,"key":"Mango"},{"floor":26.0,"key":"Toxic Egg 2"},{"floor":28.0,"key":"Sundial"},{"floor":31.0,"key":"Ice Cream"},{"floor":34.0,"key":"MawBank"},{"floor":34.0,"key":"Singing Bowl"},{"floor":34.0,"key":"Incense Burner"},{"floor":40.0,"key":"War Paint"},{"floor":43.0,"key":"Bag of Marbles"},{"floor":44.0,"key":"Cables"},{"floor":48,"key":"Gremlin Horn"}],"event_choices":[{"cards_removed":["Defend_B"],"damage_healed":0.0,"max_hp_gain":0.0,"max_hp_loss":0.0,"gold_gain":0.0,"event_name":"Golden Wing","player_choice":"Card Removal","floor":12.0,"gold_loss":0.0,"damage_taken":7.0},{"damage_healed":0.0,"max_hp_gain":0.0,"max_hp_loss":0.0,"gold_gain":0.0,"event_name":"Dead Adventurer","player_choice":"Searched \u00272\u0027 times","floor":13.0,"gold_loss":0.0,"damage_taken":0.0,"relics_obtained":["Frozen Egg 2"]},{"damage_healed":0.0,"max_hp_gain":0.0,"max_hp_loss":0.0,"gold_gain":0.0,"event_name":"Big Fish","player_choice":"Box","floor":14.0,"gold_loss":0.0,"damage_taken":0.0,"relics_obtained":["Thread and Needle"],"cards_obtained":["Regret"]},{"cards_removed":["Strike_B"],"damage_healed":0.0,"max_hp_gain":0.0,"max_hp_loss":0.0,"gold_gain":0.0,"event_name":"Back to Basics","player_choice":"Elegance","floor":20.0,"gold_loss":0.0,"damage_taken":0.0},{"damage_healed":0.0,"max_hp_gain":0.0,"max_hp_loss":0.0,"gold_gain":0.0,"event_name":"Accursed Blacksmith","player_choice":"Forge","floor":21.0,"gold_loss":0.0,"damage_taken":0.0,"cards_upgraded":["Streamline"]},{"damage_healed":0.0,"max_hp_gain":0.0,"max_hp_loss":0.0,"gold_gain":0.0,"event_name":"SensoryStone","player_choice":"Memory 1","floor":37.0,"gold_loss":0.0,"damage_taken":0.0},{"damage_healed":0.0,"max_hp_gain":0.0,"max_hp_loss":0.0,"gold_gain":0.0,"event_name":"Winding Halls","player_choice":"Embrace Madness","floor":42.0,"gold_loss":0.0,"damage_taken":12.0,"cards_obtained":["Madness","Madness"]}],"is_beta":false,"boss_relics":[{"not_picked":["Lizard Tail","Pandora\u0027s Box"],"picked":"Philosopher\u0027s Stone"},{"not_picked":["Inserter","Velvet Choker"],"picked":"Calling Bell"}],"items_purged_floors":[4,24,36,38],"is_endless":false,"potions_floor_spawned":[3,8,13,18,25,28,31,39,45],"ascension_level":3}