{"gold_per_floor":[118,131,149,169,184,184,218,218,265,294,294,324,324,324],"floor_reached":14,"playtime":571,"items_purged":[],"score":160,"play_id":"fa101d19-c3e1-474e-8855-f00cb73b9dfd","local_time":"20190420134734","is_ascension_mode":true,"campfire_choices":[{"data":"Spot Weakness","floor":6.0,"key":"SMITH"},{"data":"Bash","floor":8.0,"key":"SMITH"},{"floor":13,"key":"REST"}],"neow_cost":"NONE","seed_source_timestamp":0,"circlet_count":0,"master_deck":["AscendersBane","Strike_R","Strike_R","Strike_R","Strike_R","Strike_R","Defend_R","Defend_R","Defend_R","Defend_R","Bash+1","Hemokinesis","Headbutt","Reaper","Fire Breathing","Spot Weakness+1","Pummel+1","Headbutt","Sword Boomerang"],"special_seed":0,"relics":["Burning Blood","Juzu Bracelet","Dream Catcher","Odd Mushroom","Dodecahedron"],"potions_floor_usage":[10],"damage_taken":[{"damage":4.0,"enemies":"Cultist","floor":1.0,"turns":3.0},{"damage":3.0,"enemies":"Small Slimes","floor":2.0,"turns":2.0},{"damage":5.0,"enemies":"Jaw Worm","floor":3.0,"turns":3.0},{"damage":46.0,"enemies":"Lots of Slimes","floor":4.0,"turns":5.0},{"damage":10.0,"enemies":"Large Slime","floor":5.0,"turns":6.0},{"damage":48.0,"enemies":"3 Sentries","floor":7.0,"turns":10.0},{"damage":31,"enemies":"The Mushroom Lair","floor":10,"turns":4},{"damage":33,"enemies":"Lagavulin","floor":12,"turns":6},{"damage":40,"enemies":"3 Sentries","floor":14,"turns":7}],"seed_played":"-5591488269550776859","potions_obtained":[{"floor":2.0,"key":"Ancient Potion"},{"floor":3.0,"key":"Weak Potion"},{"floor":5.0,"key":"Strength Potion"},{"floor":10,"key":"Dexterity Potion"}],"is_trial":false,"path_per_floor":["M","M","M","M","M","R","E","R","T","?","?","E","R","E"],"character_chosen":"IRONCLAD","items_purchased":[],"campfire_rested":1,"item_purchase_floors":[],"current_hp_per_floor":[74,77,80,52,58,58,48,48,48,41,41,14,38,0],"gold":324,"neow_bonus":"THREE_CARDS","is_prod":false,"is_daily":false,"chose_seed":false,"campfire_upgraded":2,"win_rate":0,"timestamp":1555793254,"path_taken":["M","M","M","M","M","R","E","R","T","?","?","E","R","E"],"build_version":"2019-01-23","purchased_purges":0,"victory":false,"max_hp_per_floor":[80,80,80,80,80,80,80,80,80,80,80,80,80,80],"card_choices":[{"not_picked":["Sever Soul","Heavy Blade"],"picked":"Hemokinesis","floor":0.0},{"not_picked":["Pommel Strike","Iron Wave"],"picked":"Headbutt","floor":1.0},{"not_picked":["Hemokinesis","Entrench"],"picked":"Reaper","floor":2.0},{"not_picked":["Wild Strike","Perfected Strike"],"picked":"Fire Breathing","floor":3.0},{"not_picked":["Sword Boomerang","Flex","Warcry"],"picked":"SKIP","floor":4.0},{"not_picked":["Thunderclap","Headbutt"],"picked":"Spot Weakness","floor":5.0},{"not_picked":["Sword Boomerang","Twin Strike"],"picked":"Pummel","floor":7.0},{"not_picked":["Dropkick","Intimidate"],"picked":"Headbutt","floor":10},{"not_picked":["Rage","Infernal Blade"],"picked":"Sword Boomerang","floor":12}],"player_experience":281529,"relics_obtained":[{"floor":7.0,"key":"Juzu Bracelet"},{"floor":9.0,"key":"Dream Catcher"},{"floor":10,"key":"Odd Mushroom"},{"floor":12,"key":"Dodecahedron"}],"event_choices":[{"damage_healed":0,"gold_gain":0,"player_choice":"Fought Mushrooms","damage_taken":0,"max_hp_gain":0,"max_hp_loss":0,"event_name":"Mushrooms","floor":10,"gold_loss":0},{"damage_healed":0,"gold_gain":0,"player_choice":"Upgraded","damage_taken":0,"max_hp_gain":0,"max_hp_loss":0,"event_name":"Upgrade Shrine","floor":11,"gold_loss":0,"cards_upgraded":["Pummel"]}],"is_beta":false,"boss_relics":[],"items_purged_floors":[],"is_endless":false,"potions_floor_spawned":[2,3,5,10],"killed_by":"3 Sentries","ascension_level":12}