{"gold_per_floor":[110,29,46,46,56,86,86,118,143,175,130],"floor_reached":11,"playtime":565,"items_purged":[],"score":155,"play_id":"b74920cf-7cee-44e6-9670-00f1b615dc29","local_time":"20190312200816","is_ascension_mode":true,"campfire_choices":[{"floor":7,"key":"REST"}],"neow_cost":"NONE","seed_source_timestamp":92805210745409,"circlet_count":0,"master_deck":["AscendersBane","Strike_R","Strike_R","Strike_R","Strike_R","Strike_R","Defend_R","Defend_R","Defend_R","Defend_R","Bash","Cleave","Battle Trance+1","Evolve","Disarm","Impervious+1","Immolate","Spot Weakness"],"relics":["Burning Blood","PreservedInsect","Bronze Scales","Pen Nib","War Paint","Torii"],"potions_floor_usage":[8,11],"damage_taken":[{"damage":1,"enemies":"Cultist","floor":1,"turns":4},{"damage":6,"enemies":"2 Louse","floor":3,"turns":3},{"damage":18,"enemies":"Small Slimes","floor":5,"turns":4},{"damage":44,"enemies":"Gremlin Nob","floor":6,"turns":5},{"damage":29,"enemies":"Lagavulin","floor":8,"turns":7},{"damage":10,"enemies":"3 Sentries","floor":10,"turns":2},{"damage":19,"enemies":"Exordium Thugs","floor":11,"turns":3}],"seed_played":"2708461188562485397","potions_obtained":[{"floor":6,"key":"EssenceOfSteel"},{"floor":10,"key":"Block Potion"}],"is_trial":false,"path_per_floor":["M","$","M","$","M","E","R","E","T","E","M"],"character_chosen":"IRONCLAD","items_purchased":["Battle Trance"],"campfire_rested":1,"item_purchase_floors":[2],"current_hp_per_floor":[73,73,73,73,61,23,45,22,22,18,0],"gold":130,"neow_bonus":"RANDOM_COMMON_RELIC","is_prod":false,"is_daily":false,"chose_seed":false,"campfire_upgraded":0,"win_rate":0,"timestamp":1552421296,"path_taken":["M","$","M","?","M","E","R","E","T","E","M"],"build_version":"2019-01-23","purchased_purges":0,"victory":false,"max_hp_per_floor":[75,75,75,75,75,75,75,75,75,75,75],"card_choices":[{"not_picked":["Sword Boomerang","Pummel"],"picked":"Cleave","floor":1},{"not_picked":["Pommel Strike","Headbutt"],"picked":"Evolve","floor":3},{"not_picked":["Armaments","Warcry"],"picked":"Disarm","floor":5},{"not_picked":["Perfected Strike","Havoc"],"picked":"Impervious","floor":6},{"not_picked":["Fire Breathing","Second Wind"],"picked":"Immolate","floor":8},{"not_picked":["Flame Barrier","Seeing Red"],"picked":"Spot Weakness","floor":10}],"player_experience":1552813,"relics_obtained":[{"floor":6,"key":"Bronze Scales"},{"floor":8,"key":"Pen Nib"},{"floor":9,"key":"War Paint"},{"floor":10,"key":"Torii"}],"event_choices":[],"is_beta":false,"boss_relics":[],"items_purged_floors":[],"is_endless":false,"potions_floor_spawned":[6,10],"killed_by":"Exordium Thugs","ascension_level":14}