{"gold_per_floor":[117,117,117,137,154,154,179,198,225,225,241,241,259,293,293,394,394,413,503,139,156,156,185,185,201,226,226,243,254,62,62],"floor_reached":31,"playtime":1677,"items_purged":["Strike_B"],"score":394,"play_id":"925b5e24-48cd-4c14-a1df-9815dcc627c5","local_time":"20190322211130","is_ascension_mode":true,"campfire_choices":[{"data":"Sunder","floor":6.0,"key":"SMITH"},{"floor":10.0,"key":"REST"},{"data":"Zap","floor":12.0,"key":"SMITH"},{"data":"Dualcast","floor":15.0,"key":"SMITH"},{"floor":24,"key":"REST"},{"floor":27,"key":"REST"}],"neow_cost":"NONE","seed_source_timestamp":0,"circlet_count":0,"master_deck":["Strike_B+1","Strike_B+1","Defend_B+1","Defend_B+1","Defend_B+1","Defend_B+1","Zap+1","Dualcast+1","Dramatic Entrance+1","Storm","Sunder+1","Redo","Ball Lightning","Cold Snap","Ball Lightning","Go for the Eyes","Machine Learning","Conserve Battery","Static Discharge","Auto Shields","Ball Lightning+1","Seek","Skim","Heatsinks"],"special_seed":0,"relics":["Cracked Core","Vajra","Strawberry","Whetstone","Oddly Smooth Stone","Inserter","Centennial Puzzle","Ancient Tea Set","Bag of Marbles","MealTicket"],"potions_floor_usage":[23,25,29,31],"damage_taken":[{"damage":7.0,"enemies":"2 Louse","floor":1.0,"turns":2.0},{"damage":1.0,"enemies":"Cultist","floor":4.0,"turns":3.0},{"damage":0.0,"enemies":"Small Slimes","floor":5.0,"turns":2.0},{"damage":15.0,"enemies":"3 Sentries","floor":7.0,"turns":6.0},{"damage":10.0,"enemies":"Gremlin Gang","floor":8.0,"turns":2.0},{"damage":0.0,"enemies":"3 Louse","floor":11.0,"turns":2.0},{"damage":5.0,"enemies":"Large Slime","floor":13.0,"turns":3.0},{"damage":0.0,"enemies":"Gremlin Nob","floor":14.0,"turns":2.0},{"damage":32.0,"enemies":"Hexaghost","floor":16.0,"turns":9.0},{"damage":22.0,"enemies":"2 Thieves","floor":18.0,"turns":3.0},{"damage":6.0,"enemies":"Chosen","floor":21.0,"turns":4.0},{"damage":11,"enemies":"Slavers","floor":23,"turns":2},{"damage":1,"enemies":"Snecko","floor":25,"turns":3},{"damage":18,"enemies":"Snake Plant","floor":28,"turns":3},{"damage":20,"enemies":"Shelled Parasite and Fungi","floor":29,"turns":6},{"damage":27,"enemies":"Snecko","floor":31,"turns":4}],"seed_played":"-1195472109592457884","potions_obtained":[{"floor":7.0,"key":"Dexterity Potion"},{"floor":8.0,"key":"Dexterity Potion"},{"floor":11.0,"key":"Fire Potion"},{"floor":14.0,"key":"PowerPotion"},{"floor":21.0,"key":"Swift Potion"},{"floor":29,"key":"FocusPotion"}],"is_trial":false,"path_per_floor":["?","?","M","?","M","?"],"character_chosen":"DEFECT","items_purchased":["Centennial Puzzle","Static Discharge","Auto Shields","MealTicket"],"campfire_rested":3,"item_purchase_floors":[20,20,20,30],"current_hp_per_floor":[61,54,54,53,53,53,45,35,35,59,59,59,54,54,54,22,67,45,29,29,23,23,12,36,35,35,59,41,21,21,0],"gold":62,"neow_bonus":"RANDOM_COLORLESS","is_prod":false,"is_daily":false,"chose_seed":false,"campfire_upgraded":3,"win_rate":0,"timestamp":1553310690,"path_taken":["M","?","?","M","?","R","E","M","T","R","M","R","M","E","R","BOSS","M","?","$","?","?","E","R","M","T","R","M","M","$","M"],"build_version":"2019-01-23","purchased_purges":1,"victory":false,"max_hp_per_floor":[75,75,75,75,75,75,82,82,82,82,82,82,82,82,82,82,82,82,82,82,82,82,82,82,82,82,82,82,82,82,82],"card_choices":[{"not_picked":["Compile Driver","Consume"],"picked":"Redo","floor":1.0},{"not_picked":["Stack","Force Field"],"picked":"Storm","floor":4.0},{"not_picked":["Recycle","Rip and Tear"],"picked":"Sunder","floor":5.0},{"not_picked":["Stack","Rip and Tear"],"picked":"Redo","floor":7.0},{"not_picked":["Scrape","Hello World"],"picked":"Ball Lightning","floor":8.0},{"not_picked":["Multi-Cast","Hello World"],"picked":"Cold Snap","floor":11.0},{"not_picked":["Recycle","Steam"],"picked":"Ball Lightning","floor":13.0},{"not_picked":["Beam Cell","Recycle"],"picked":"Go for the Eyes","floor":14.0},{"not_picked":["Rainbow","Amplify"],"picked":"Machine Learning","floor":16.0},{"not_picked":["Reprogram","Streamline"],"picked":"Conserve Battery","floor":18.0},{"not_picked":["Lockon","Tempest"],"picked":"Ball Lightning+1","floor":21.0},{"not_picked":["Auto Shields+1","Static Discharge"],"picked":"Seek","floor":23},{"not_picked":["Go for the Eyes","Lockon","Sweeping Beam+1"],"picked":"SKIP","floor":25},{"not_picked":["Go for the Eyes+1","Conserve Battery"],"picked":"Skim","floor":28},{"not_picked":["Gash+1","Ball Lightning+1"],"picked":"Heatsinks","floor":29}],"player_experience":350040,"relics_obtained":[{"floor":7.0,"key":"Strawberry"},{"floor":9.0,"key":"Whetstone"},{"floor":14.0,"key":"Oddly Smooth Stone"},{"floor":23,"key":"Ancient Tea Set"},{"floor":26,"key":"Bag of Marbles"}],"event_choices":[{"cards_removed":["Strike_B"],"damage_healed":0.0,"max_hp_gain":0.0,"max_hp_loss":0.0,"gold_gain":0.0,"event_name":"Golden Wing","player_choice":"Card Removal","floor":2.0,"gold_loss":0.0,"damage_taken":7.0},{"cards_removed":["Redo"],"damage_healed":0.0,"max_hp_gain":0.0,"max_hp_loss":0.0,"gold_gain":0.0,"event_name":"WeMeetAgain","player_choice":"Gave Card","floor":3.0,"gold_loss":0.0,"damage_taken":0.0,"relics_obtained":["Vajra"]},{"damage_healed":0.0,"max_hp_gain":0.0,"max_hp_loss":0.0,"gold_gain":90.0,"event_name":"Knowing Skull","player_choice":"GOLD ","floor":19.0,"potions_obtained":[],"gold_loss":0.0,"damage_taken":16.0,"cards_obtained":[]},{"damage_healed":0.0,"max_hp_gain":0.0,"max_hp_loss":0.0,"gold_gain":0.0,"event_name":"Back to Basics","player_choice":"Simplicity","floor":22.0,"gold_loss":0.0,"damage_taken":0.0,"cards_upgraded":["Strike_B","Defend_B","Defend_B","Defend_B","Defend_B"]}],"is_beta":false,"boss_relics":[{"not_picked":["Astrolabe","Orrery"],"picked":"Inserter"}],"items_purged_floors":[20],"is_endless":false,"potions_floor_spawned":[7,8,11,14,21,29],"killed_by":"Snecko","ascension_level":7}