{"gold_per_floor":[112,112,133,146,71,71,26,57,57,75,96,96,271,32,32,156,156,170,170,189,202,78,78,118,118,170,170],"floor_reached":27,"playtime":2400,"items_purged":["Armaments","Defend_R+1"],"score":243,"play_id":"a247f5b8-f5c9-437a-bcbc-3ffe06621c6a","local_time":"20190317182622","is_ascension_mode":true,"campfire_choices":[{"floor":6,"key":"REST"},{"floor":12,"key":"REST"},{"data":"Demon Form","floor":15,"key":"SMITH"},{"floor":23,"key":"REST"},{"floor":25,"key":"REST"}],"neow_cost":"PERCENT_DAMAGE","seed_source_timestamp":355680448223187,"circlet_count":0,"master_deck":["Strike_R+1","Strike_R+1","Strike_R+1","Strike_R+1","Strike_R+1","Defend_R+1","Defend_R+1","Defend_R+1","Bash","Demon Form+1","Injury","Dual Wield","Twin Strike","Shrug It Off","Battle Trance","Shrug It Off","Sword Boomerang","Doubt","Offering","Thunderclap+1","Flex","Sword Boomerang+1","Armaments","Shrug It Off"],"relics":["Burning Blood","Golden Idol","Blue Candle","Gremlin Horn","Pantograph","Eternal Feather","Question Card"],"potions_floor_usage":[16,16,21,21,21],"damage_taken":[{"damage":7,"enemies":"Small Slimes","floor":1,"turns":5},{"damage":4,"enemies":"2 Louse","floor":3,"turns":5},{"damage":17,"enemies":"Jaw Worm","floor":4,"turns":7},{"damage":46,"enemies":"Gremlin Nob","floor":8,"turns":5},{"damage":10,"enemies":"Blue Slaver","floor":10,"turns":5},{"damage":5,"enemies":"Looter","floor":11,"turns":4},{"damage":54,"enemies":"The Guardian","floor":16,"turns":11},{"damage":58,"enemies":"Spheric Guardian","floor":18,"turns":8},{"damage":16,"enemies":"Shell Parasite","floor":20,"turns":8},{"damage":15,"enemies":"Snake Plant","floor":21,"turns":3},{"damage":29,"enemies":"Gremlin Leader","floor":24,"turns":5},{"damage":59,"enemies":"Book of Stabbing","floor":27,"turns":6}],"seed_played":"8250295901802255163","potions_obtained":[{"floor":4,"key":"Block Potion"},{"floor":8,"key":"SteroidPotion"},{"floor":16,"key":"Strength Potion"},{"floor":18,"key":"FearPotion"},{"floor":20,"key":"Explosive Potion"}],"is_trial":false,"path_per_floor":["M","?","M","M","$","R","$","E","T","M","M","R","?","$","R","B",null,"M","?","M","M","$","R","E","R","T","E"],"character_chosen":"IRONCLAD","items_purchased":["Shrug It Off","Pantograph","Armaments"],"campfire_rested":4,"item_purchase_floors":[7,14,22],"current_hp_per_floor":[55,55,57,46,46,70,70,30,30,26,27,51,51,51,51,28,80,28,28,18,9,9,45,22,58,58,0],"gold":170,"neow_bonus":"THREE_RARE_CARDS","is_prod":false,"is_daily":false,"chose_seed":false,"campfire_upgraded":1,"win_rate":0,"timestamp":1552868782,"path_taken":["M","?","M","M","$","R","$","E","T","M","M","R","?","$","R","BOSS","M","?","M","M","$","R","E","R","T","E"],"build_version":"2019-01-23","purchased_purges":2,"victory":false,"max_hp_per_floor":[80,80,80,80,80,80,80,80,80,80,80,80,80,80,80,80,80,80,80,80,80,80,80,80,80,80,80],"card_choices":[{"not_picked":["Juggernaut","Impervious"],"picked":"Demon Form","floor":0},{"not_picked":["Perfected Strike","Body Slam"],"picked":"Armaments","floor":1},{"not_picked":["Pommel Strike","Sever Soul"],"picked":"Dual Wield","floor":3},{"not_picked":["Pommel Strike","Evolve"],"picked":"Twin Strike","floor":4},{"not_picked":["Anger","Inflame"],"picked":"Battle Trance","floor":8},{"not_picked":["Warcry","Whirlwind"],"picked":"Shrug It Off","floor":10},{"not_picked":["Rupture","Uppercut"],"picked":"Sword Boomerang","floor":11},{"not_picked":["Double Tap","Brutality"],"picked":"Offering","floor":16},{"not_picked":["Burning Pact","Cleave"],"picked":"Thunderclap+1","floor":18},{"not_picked":["Evolve","Perfected Strike"],"picked":"Flex","floor":20},{"not_picked":["Carnage","Pommel Strike"],"picked":"Sword Boomerang+1","floor":21},{"not_picked":["Havoc+1","Perfected Strike"],"picked":"Shrug It Off","floor":24}],"player_experience":242948,"relics_obtained":[{"floor":8,"key":"Blue Candle"},{"floor":9,"key":"Gremlin Horn"},{"floor":24,"key":"Question Card"}],"event_choices":[{"damage_healed":0,"gold_gain":0,"player_choice":"Take Wound","damage_taken":0,"relics_obtained":["Golden Idol"],"max_hp_gain":0,"max_hp_loss":0,"event_name":"Golden Idol","floor":2,"gold_loss":0,"cards_obtained":["Injury"]},{"damage_healed":0,"gold_gain":175,"player_choice":"AGREE","damage_taken":0,"max_hp_gain":0,"max_hp_loss":0,"event_name":"Liars Game","floor":13,"gold_loss":0,"cards_obtained":["Doubt"]},{"damage_healed":0,"gold_gain":0,"player_choice":"Simplicity","damage_taken":0,"max_hp_gain":0,"max_hp_loss":0,"event_name":"Back to Basics","floor":19,"gold_loss":0,"cards_upgraded":["Strike_R","Strike_R","Strike_R","Strike_R","Strike_R","Defend_R","Defend_R","Defend_R","Defend_R"]}],"is_beta":false,"boss_relics":[{"not_picked":["Coffee Dripper","Runic Dome"],"picked":"Eternal Feather"}],"items_purged_floors":[5,22],"is_endless":false,"potions_floor_spawned":[4,8,16,18,20],"killed_by":"Book of Stabbing","ascension_level":1}