{"gold_per_floor":[112,128,195,4,18,50,61,61,61,61,81,115,140,162,174,286,298,321,346,371,402,424,467,498,540,578,590,517,529,553,596,608,719,731,757,259,259,359,359,385,385,410,410,410,426,426,439,107,107,107],"floor_reached":51,"playtime":2404,"items_purged":["Strike_G","Strike_G"],"score":877,"play_id":"f8106cfe-a2c2-459c-bd2a-96b29fd81dd9","local_time":"20190310154048","is_ascension_mode":false,"campfire_choices":[{"data":"Crippling Poison","floor":8,"key":"SMITH"},{"data":"Neutralize","floor":10,"key":"SMITH"},{"data":"Backstab","floor":15,"key":"SMITH"},{"floor":27,"key":"REST"},{"data":"Malaise","floor":32,"key":"SMITH"},{"data":"Enlightenment","floor":41,"key":"SMITH"},{"data":"Glass Knife","floor":46,"key":"SMITH"},{"floor":49,"key":"REST"}],"neow_cost":"NONE","seed_source_timestamp":745120308856098,"circlet_count":0,"master_deck":["Defend_G","Defend_G","Defend_G","Defend_G","Defend_G","Strike_G+1","Survivor","Neutralize+1","Crippling Poison+1","Bane","Choke+1","Backstab+1","Bouncing Flask","Deadly Poison","Poisoned Stab","Dodge and Roll","Malaise+1","Backflip","Dodge and Roll+1","Glass Knife+1","Dagger Throw","Calculated Gamble+1","Leg Sweep","Sucker Punch+1","Bouncing Flask","Acrobatics","Venomology","Flying Knee","Well Laid Plans","Enlightenment+1","Madness","Madness","Caltrops","Deadly Poison+1","PiercingWail+1","Dash+1","Backflip","Caltrops","Mind Blast","Escape Plan+1"],"relics":["Ring of the Snake","Bag of Marbles","Happy Flower","Ninja Scroll","MawBank","Empty Cage","Orichalcum","Pantograph","PreservedInsect","Blood Vial","Dream Catcher","Runic Pyramid","Mummified Hand","Ginger","Mercury Hourglass","Sundial","Dodecahedron","Whetstone"],"potions_floor_usage":[6,11,11,18,18,21,23,23,25,31,33,33,33,33,33,33,40,42,42,47,50,50],"damage_taken":[{"damage":0,"enemies":"2 Louse","floor":1,"turns":5},{"damage":5,"enemies":"Jaw Worm","floor":2,"turns":4},{"damage":0,"enemies":"Cultist","floor":5,"turns":2},{"damage":2,"enemies":"Gremlin Nob","floor":6,"turns":4},{"damage":0,"enemies":"2 Fungi Beasts","floor":7,"turns":2},{"damage":3,"enemies":"Gremlin Gang","floor":11,"turns":3},{"damage":8,"enemies":"Lagavulin","floor":12,"turns":4},{"damage":0,"enemies":"3 Louse","floor":14,"turns":1},{"damage":9,"enemies":"The Guardian","floor":16,"turns":8},{"damage":0,"enemies":"Spheric Guardian","floor":18,"turns":4},{"damage":6,"enemies":"Chosen","floor":19,"turns":3},{"damage":4,"enemies":"Snecko","floor":20,"turns":6},{"damage":0,"enemies":"Shelled Parasite and Fungi","floor":21,"turns":3},{"damage":7,"enemies":"Sentry and Sphere","floor":22,"turns":5},{"damage":13,"enemies":"Gremlin Leader","floor":23,"turns":9},{"damage":1,"enemies":"Centurion and Healer","floor":24,"turns":5},{"damage":18,"enemies":"Book of Stabbing","floor":25,"turns":6},{"damage":6,"enemies":"Snake Plant","floor":30,"turns":5},{"damage":0,"enemies":"Gremlin Leader","floor":31,"turns":2},{"damage":63,"enemies":"Champ","floor":33,"turns":13},{"damage":0,"enemies":"3 Shapes","floor":35,"turns":3},{"damage":1,"enemies":"Mind Bloom Boss Battle","floor":38,"turns":9},{"damage":0,"enemies":"Nemesis","floor":40,"turns":7},{"damage":17,"enemies":"Reptomancer","floor":42,"turns":6},{"damage":9,"enemies":"Orb Walker","floor":45,"turns":3},{"damage":8,"enemies":"Maw","floor":47,"turns":8},{"damage":64,"enemies":"Donu and Deca","floor":50,"turns":12}],"seed_played":"38899265716811323","potions_obtained":[{"floor":1,"key":"Explosive Potion"},{"floor":2,"key":"EssenceOfSteel"},{"floor":5,"key":"EntropicBrew"},{"floor":14,"key":"EntropicBrew"},{"floor":18,"key":"Fruit Juice"},{"floor":21,"key":"Strength Potion"},{"floor":24,"key":"Regen Potion"},{"floor":29,"key":"Dexterity Potion"},{"floor":29,"key":"Explosive Potion"},{"floor":30,"key":"AttackPotion"},{"floor":31,"key":"FearPotion"},{"floor":33,"key":"Explosive Potion"},{"floor":38,"key":"GhostInAJar"},{"floor":45,"key":"SkillPotion"},{"floor":47,"key":"FairyPotion"}],"is_trial":false,"path_per_floor":["M","M","?","$","M","E","M","R","T","R","M","E","T","M","R","B",null,"M","M","M","M","M","E","M","E","T","R","?","?","M","E","R","B",null,"M","$","?","?","?","E","R","E","T","?","M","R","M","$","R","B",null],"character_chosen":"THE_SILENT","items_purchased":["Backstab","Bouncing Flask","Mummified Hand","Well Laid Plans","Enlightenment","Backflip","Caltrops","Mind Blast","Whetstone"],"campfire_rested":2,"item_purchase_floors":[4,4,36,36,36,48,48,48,48],"current_hp_per_floor":[70,65,65,65,65,63,63,63,63,63,60,52,52,52,52,43,70,75,69,65,65,58,45,44,41,41,63,63,63,59,61,61,27,75,75,75,66,74,74,75,75,58,58,58,51,51,60,60,75,11],"gold":107,"neow_bonus":"THREE_CARDS","is_prod":false,"is_daily":false,"chose_seed":false,"campfire_upgraded":6,"win_rate":0.0,"timestamp":1552257648,"path_taken":["M","M","?","$","M","E","M","R","T","R","M","E","?","M","R","BOSS","M","M","M","M","?","E","M","E","T","R","?","?","?","E","R","BOSS","M","$","?","?","?","E","R","E","T","?","M","R","M","$","R","BOSS"],"build_version":"2019-01-23","purchased_purges":2,"victory":true,"max_hp_per_floor":[70,70,70,70,70,70,70,70,70,70,70,70,70,70,70,70,70,75,75,75,75,75,75,75,75,75,75,75,75,75,75,75,75,75,75,75,75,75,75,75,75,75,75,75,75,75,75,75,75,75],"card_choices":[{"not_picked":["Flying Knee","Backflip"],"picked":"Crippling Poison","floor":0},{"not_picked":["Dodge and Roll","Backflip"],"picked":"Bane","floor":1},{"not_picked":["Underhanded Strike","Prepared"],"picked":"Choke","floor":2},{"not_picked":["Terror","Backstab"],"picked":"Deadly Poison","floor":5},{"not_picked":["Bullet Time","Sucker Punch"],"picked":"Quick Slash","floor":6},{"not_picked":["Quick Slash","Underhanded Strike"],"picked":"Poisoned Stab","floor":7},{"not_picked":["Acrobatics","Backflip","Finisher"],"picked":"SKIP","floor":11},{"not_picked":["Quick Slash","Backflip","Outmaneuver"],"picked":"SKIP","floor":12},{"not_picked":["Quick Slash","Poisoned Stab"],"picked":"Dodge and Roll","floor":14},{"not_picked":["Venomology","Bullet Time"],"picked":"Malaise","floor":16},{"not_picked":["Poisoned Stab","Slice+1"],"picked":"Backflip","floor":18},{"not_picked":["Dagger Spray","Well Laid Plans"],"picked":"Dodge and Roll+1","floor":19},{"not_picked":["Reflex","Caltrops"],"picked":"Glass Knife","floor":20},{"not_picked":["Underhanded Strike+1","Blade Dance"],"picked":"Dagger Throw","floor":21},{"not_picked":["Prepared","Tactician"],"picked":"Calculated Gamble+1","floor":22},{"not_picked":["Acrobatics","Flechettes"],"picked":"Leg Sweep","floor":23},{"not_picked":["Bane","Blade Dance"],"picked":"Sucker Punch+1","floor":24},{"not_picked":["Venomology","Backflip"],"picked":"Bouncing Flask","floor":25},{"not_picked":["Deadly Poison","Dagger Spray+1","Expertise"],"picked":"SKIP","floor":30},{"not_picked":["Underhanded Strike","Bane"],"picked":"Acrobatics","floor":31},{"not_picked":["Glass Knife","Burst"],"picked":"Venomology","floor":33},{"not_picked":["Dagger Throw+1","Quick Slash"],"picked":"Flying Knee","floor":35},{"not_picked":["Phantasmal Killer","Slice"],"picked":"Caltrops","floor":40},{"not_picked":["Expertise","Poisoned Stab"],"picked":"Deadly Poison+1","floor":42},{"not_picked":["Dagger Throw","Quick Slash+1"],"picked":"PiercingWail+1","floor":45},{"not_picked":["Acrobatics+1","Bane+1"],"picked":"Dash+1","floor":47},{"not_picked":["Predator","Prepared"],"picked":"Escape Plan+1","floor":49}],"player_experience":6546,"relics_obtained":[{"floor":6,"key":"Bag of Marbles"},{"floor":9,"key":"Happy Flower"},{"floor":12,"key":"Ninja Scroll"},{"floor":13,"key":"MawBank"},{"floor":23,"key":"Orichalcum"},{"floor":25,"key":"Pantograph"},{"floor":26,"key":"PreservedInsect"},{"floor":31,"key":"Dream Catcher"},{"floor":38,"key":"Ginger"},{"floor":40,"key":"Mercury Hourglass"},{"floor":42,"key":"Sundial"},{"floor":43,"key":"Dodecahedron"}],"event_choices":[{"damage_healed":0,"gold_gain":67,"player_choice":"Gained Gold","damage_taken":0,"max_hp_gain":0,"max_hp_loss":0,"event_name":"Golden Wing","floor":3,"gold_loss":0},{"damage_healed":0,"gold_gain":0,"player_choice":"Obtained Relic","damage_taken":0,"relics_obtained":["Blood Vial"],"max_hp_gain":0,"max_hp_loss":0,"event_name":"Addict","floor":28,"gold_loss":85},{"damage_healed":0,"gold_gain":0,"player_choice":"Got Potions","damage_taken":0,"max_hp_gain":0,"max_hp_loss":0,"event_name":"Lab","floor":29,"gold_loss":0},{"damage_healed":0,"gold_gain":0,"player_choice":"Embrace Madness","damage_taken":9,"max_hp_gain":0,"max_hp_loss":0,"event_name":"Winding Halls","floor":37,"gold_loss":0,"cards_obtained":["Madness","Madness"]},{"damage_healed":0,"gold_gain":0,"player_choice":"Fight","damage_taken":0,"max_hp_gain":0,"max_hp_loss":0,"event_name":"MindBloom","floor":38,"gold_loss":0},{"damage_healed":0,"gold_gain":0,"player_choice":"Ignored","damage_taken":0,"max_hp_gain":0,"max_hp_loss":0,"event_name":"Tomb of Lord Red Mask","floor":39,"gold_loss":0},{"cards_removed":["Quick Slash"],"damage_healed":0,"gold_gain":0,"player_choice":"Removed Attack","damage_taken":0,"max_hp_gain":0,"max_hp_loss":0,"event_name":"Falling","floor":44,"gold_loss":0}],"is_beta":false,"boss_relics":[{"not_picked":["Busted Crown","Fusion Hammer"],"picked":"Empty Cage"},{"not_picked":["Eternal Feather","Tiny House"],"picked":"Runic Pyramid"}],"items_purged_floors":[4,36],"is_endless":false,"potions_floor_spawned":[1,2,5,14,16,18,21,24,30,31,33,38,40,45,47],"ascension_level":0}