{"gold_per_floor":[119,138,153,170,190,190,225,225,225,225,252,327,327,339,339,438,438,453,466,466,486,515,515,548,42,67,79,79,110,110,70,70,70],"floor_reached":33,"playtime":1533,"items_purged":["Zap"],"score":398,"play_id":"8ca87ef8-0d8f-47d3-b620-d93dcff8f728","local_time":"20190420203009","is_ascension_mode":true,"campfire_choices":[{"data":"Chaos","floor":6,"key":"SMITH"},{"floor":8,"key":"REST"},{"data":"Chaos","floor":10,"key":"SMITH"},{"floor":15,"key":"REST"},{"floor":23,"key":"REST"},{"floor":28,"key":"REST"},{"floor":30,"key":"REST"},{"floor":32,"key":"REST"}],"neow_cost":"NONE","seed_source_timestamp":644034136591884,"circlet_count":0,"master_deck":["Strike_B+1","Defend_B","Defend_B","Defend_B","Dualcast","Streamline+1","Chaos+1","Chaos+1","Redo","Melter","Consume","Sweeping Beam","Compile Driver","Seek","Hyperbeam+1","Glacier+1","Static Discharge+1","Electrodynamics","Capacitor","Ball Lightning","Biased Cognition","Turbo","Conserve Battery","Defragment"],"relics":["Cracked Core","Strawberry","Darkstone Periapt","Blood Vial","Bag of Preparation","Astrolabe","Red Mask","Symbiotic Virus","Ginger","Whetstone","Ancient Tea Set","Happy Flower"],"potions_floor_usage":[4,11,11,11,16,16,27,29,33],"damage_taken":[{"damage":0,"enemies":"Small Slimes","floor":1,"turns":3},{"damage":0,"enemies":"2 Louse","floor":2,"turns":3},{"damage":1,"enemies":"Cultist","floor":3,"turns":3},{"damage":20,"enemies":"Exordium Wildlife","floor":4,"turns":4},{"damage":6,"enemies":"Blue Slaver","floor":5,"turns":4},{"damage":31,"enemies":"3 Sentries","floor":7,"turns":8},{"damage":6,"enemies":"Gremlin Nob","floor":11,"turns":3},{"damage":0,"enemies":"Large Slime","floor":14,"turns":2},{"damage":36,"enemies":"The Guardian","floor":16,"turns":9},{"damage":0,"enemies":"Spheric Guardian","floor":18,"turns":1},{"damage":23,"enemies":"2 Thieves","floor":19,"turns":3},{"damage":40,"enemies":"Snake Plant","floor":21,"turns":4},{"damage":12,"enemies":"Masked Bandits","floor":22,"turns":2},{"damage":29,"enemies":"Gremlin Leader","floor":24,"turns":5},{"damage":10,"enemies":"Snecko","floor":27,"turns":3},{"damage":26,"enemies":"Book of Stabbing","floor":29,"turns":2},{"damage":82,"enemies":"Champ","floor":33,"turns":9}],"seed_played":"8578113448524842468","potions_obtained":[{"floor":2,"key":"FearPotion"},{"floor":3,"key":"Energy Potion"},{"floor":7,"key":"EntropicBrew"},{"floor":11,"key":"SkillPotion"},{"floor":21,"key":"Ancient Potion"},{"floor":24,"key":"AttackPotion"},{"floor":27,"key":"AttackPotion"},{"floor":29,"key":"Dexterity Potion"}],"is_trial":false,"path_per_floor":["M","M","M","M","M","R","E","R","T","R","E","?","?","M","R","B",null,"M","M","?","M","?","R","E","$","T","M","R","E","R","$","R","B"],"character_chosen":"DEFECT","items_purchased":["Ginger","Whetstone","Defragment"],"campfire_rested":6,"item_purchase_floors":[25,25,31],"current_hp_per_floor":[75,75,74,54,48,48,17,41,41,41,37,26,26,28,52,18,66,68,47,74,36,26,50,23,23,23,15,39,15,39,39,63,0],"gold":70,"neow_bonus":"RANDOM_COMMON_RELIC","is_prod":false,"is_daily":false,"chose_seed":false,"campfire_upgraded":2,"win_rate":0,"timestamp":1555759809,"path_taken":["M","M","M","M","M","R","E","R","T","R","E","?","?","?","R","BOSS","M","M","?","M","?","R","E","$","T","M","R","E","R","$","R","BOSS"],"build_version":"2019-01-23","purchased_purges":1,"victory":false,"max_hp_per_floor":[82,82,82,82,82,82,82,82,82,82,82,82,82,82,82,82,82,82,82,82,82,82,82,82,82,82,82,82,82,82,82,82,82],"card_choices":[{"not_picked":["Coolheaded","Conserve Battery"],"picked":"Streamline","floor":1},{"not_picked":["Force Field","Leap"],"picked":"Chaos","floor":2},{"not_picked":["Sweeping Beam","Beam Cell"],"picked":"Chaos","floor":3},{"not_picked":["Doom and Gloom","Barrage","Turbo"],"picked":"SKIP","floor":4},{"not_picked":["Genetic Algorithm","Reinforced Body"],"picked":"Redo","floor":5},{"not_picked":["Reprogram","Aggregate"],"picked":"Melter","floor":7},{"not_picked":["Sweeping Beam","Core Surge"],"picked":"Consume","floor":11},{"not_picked":["Tempest","Go for the Eyes"],"picked":"Compile Driver","floor":14},{"not_picked":["Reboot","Thunder Strike"],"picked":"Seek","floor":16},{"not_picked":["Barrage","Beam Cell+1","Rebound"],"picked":"SKIP","floor":18},{"not_picked":["Reinforced Body","Stack"],"picked":"Electrodynamics","floor":19},{"not_picked":["Stack","Redo"],"picked":"Capacitor","floor":21},{"not_picked":["Redo","Coolheaded"],"picked":"Ball Lightning","floor":22},{"not_picked":["Aggregate+1","FTL"],"picked":"Biased Cognition","floor":24},{"not_picked":["Steam Power","Leap"],"picked":"Turbo","floor":27},{"not_picked":["Beam Cell","Meteor Strike"],"picked":"Conserve Battery","floor":29}],"player_experience":374044,"relics_obtained":[{"floor":7,"key":"Darkstone Periapt"},{"floor":9,"key":"Blood Vial"},{"floor":11,"key":"Bag of Preparation"},{"floor":22,"key":"Red Mask"},{"floor":24,"key":"Symbiotic Virus"},{"floor":26,"key":"Ancient Tea Set"},{"floor":29,"key":"Happy Flower"}],"event_choices":[{"damage_healed":0,"gold_gain":75,"player_choice":"Gather Gold","damage_taken":11,"max_hp_gain":0,"max_hp_loss":0,"event_name":"World of Goop","floor":12,"gold_loss":0},{"damage_healed":0,"gold_gain":0,"cards_transformed":["Strike_B"],"player_choice":"Transformed","damage_taken":0,"max_hp_gain":0,"max_hp_loss":0,"event_name":"Transmorgrifier","floor":13,"gold_loss":0,"cards_obtained":["Sweeping Beam"]},{"damage_healed":27,"gold_gain":0,"player_choice":"Heal","damage_taken":0,"max_hp_gain":0,"max_hp_loss":0,"event_name":"The Library","floor":20,"gold_loss":0},{"damage_healed":0,"gold_gain":0,"player_choice":"Fought Bandits","damage_taken":0,"max_hp_gain":0,"max_hp_loss":0,"event_name":"Masked Bandits","floor":22,"gold_loss":0}],"is_beta":false,"boss_relics":[{"not_picked":["Cursed Key","Snecko Eye"],"picked":"Astrolabe"}],"items_purged_floors":[25],"is_endless":false,"potions_floor_spawned":[2,3,7,11,21,24,27,29],"killed_by":"Champ","ascension_level":7}