{"gold_per_floor":[113,8,21,21,40,71,71,83,107,107,107,126,5,22,22,93,93,109,109],"floor_reached":19,"playtime":697,"items_purged":[],"score":296,"play_id":"f26dd52b-7a5b-44af-9447-10ce09584071","local_time":"20190415124154","is_ascension_mode":true,"campfire_choices":[{"floor":7,"key":"REST"},{"floor":10,"key":"REST"},{"data":"Spot Weakness","floor":15,"key":"SMITH"}],"neow_cost":"NONE","seed_source_timestamp":119790233614242,"circlet_count":0,"master_deck":["AscendersBane","Strike_R","Strike_R","Strike_R","Strike_R","Defend_R","Defend_R","Defend_R","Defend_R","Bash","Exhume","Pommel Strike","Inflame","Shrug It Off","Armaments","Flame Barrier","Uppercut","Cleave","Demon Form","Spot Weakness+1","Feel No Pain","Sword Boomerang","True Grit","Reaper","Carnage"],"relics":["Burning Blood","Boot","Juzu Bracelet","Coffee Dripper"],"potions_floor_usage":[6,8,16,19],"damage_taken":[{"damage":10,"enemies":"2 Louse","floor":1,"turns":3},{"damage":6,"enemies":"Cultist","floor":3,"turns":4},{"damage":7,"enemies":"Small Slimes","floor":5,"turns":3},{"damage":37,"enemies":"3 Sentries","floor":6,"turns":10},{"damage":34,"enemies":"Exordium Thugs","floor":8,"turns":7},{"damage":9,"enemies":"3 Louse","floor":12,"turns":4},{"damage":8,"enemies":"Blue Slaver","floor":14,"turns":4},{"damage":26,"enemies":"The Guardian","floor":16,"turns":9},{"damage":45,"enemies":"3 Byrds","floor":18,"turns":6},{"damage":45,"enemies":"Masked Bandits","floor":19,"turns":3}],"seed_played":"604719916357712808","potions_obtained":[{"floor":3,"key":"Energy Potion"},{"floor":4,"key":"Energy Potion"},{"floor":4,"key":"Weak Potion"},{"floor":5,"key":"PowerPotion"},{"floor":8,"key":"Block Potion"},{"floor":18,"key":"Energy Potion"}],"is_trial":false,"path_per_floor":["M","$","M","?","M","E","R","M","T","R","?","M","$","M","R","B",null,"M","?"],"character_chosen":"IRONCLAD","items_purchased":["Inflame","Shrug It Off","Feel No Pain","Sword Boomerang"],"campfire_rested":2,"item_purchase_floors":[2,2,13,13],"current_hp_per_floor":[64,64,64,64,63,32,54,26,26,48,48,45,45,43,43,23,62,43,0],"gold":109,"neow_bonus":"ONE_RANDOM_RARE_CARD","is_prod":false,"is_daily":false,"chose_seed":false,"campfire_upgraded":1,"win_rate":0,"timestamp":1555357314,"path_taken":["M","$","M","?","M","E","R","?","T","R","?","M","?","M","R","BOSS","M","?"],"build_version":"2019-01-23","purchased_purges":0,"victory":false,"max_hp_per_floor":[75,75,75,75,75,75,75,75,75,75,75,75,75,75,75,75,75,75,75],"card_choices":[{"not_picked":["Wild Strike","Rage"],"picked":"Pommel Strike","floor":1},{"not_picked":["Flex","Warcry"],"picked":"Armaments","floor":3},{"not_picked":["Clash","Spot Weakness"],"picked":"Flame Barrier","floor":5},{"not_picked":["Battle Trance","Warcry"],"picked":"Uppercut","floor":6},{"not_picked":["Evolve","Impervious"],"picked":"Cleave","floor":8},{"not_picked":["Ghostly Armor","Warcry"],"picked":"Spot Weakness","floor":12},{"not_picked":["Havoc","Perfected Strike"],"picked":"True Grit","floor":14},{"not_picked":["Double Tap","Bludgeon"],"picked":"Reaper","floor":16},{"not_picked":["Pommel Strike","Flex"],"picked":"Carnage","floor":18}],"player_experience":433474,"relics_obtained":[{"floor":6,"key":"Boot"},{"floor":9,"key":"Juzu Bracelet"}],"event_choices":[{"damage_healed":0,"gold_gain":0,"player_choice":"Got Potions","damage_taken":0,"max_hp_gain":0,"max_hp_loss":0,"event_name":"Lab","floor":4,"gold_loss":0},{"damage_healed":0,"gold_gain":0,"cards_transformed":["Strike_R"],"player_choice":"Transformed","damage_taken":0,"max_hp_gain":0,"max_hp_loss":0,"event_name":"Transmorgrifier","floor":11,"gold_loss":0,"cards_obtained":["Demon Form"]},{"damage_healed":0,"gold_gain":0,"player_choice":"Fought Bandits","damage_taken":0,"max_hp_gain":0,"max_hp_loss":0,"event_name":"Masked Bandits","floor":19,"gold_loss":0}],"is_beta":false,"boss_relics":[{"not_picked":["Runic Cube","Cursed Key"],"picked":"Coffee Dripper"}],"items_purged_floors":[],"is_endless":false,"potions_floor_spawned":[3,5,8,18],"killed_by":"Masked Bandits","ascension_level":15}