{"gold_per_floor":[115,125,138,213,226,226,226,226,226,226,226,238,264,284,284,383,383,349,274,274,294,309,309,328,328],"floor_reached":25,"playtime":1420,"items_purged":["Strike_B"],"score":205,"play_id":"cbbdd4e0-0205-4d28-845d-0d4f75ee3053","local_time":"20190222144024","is_ascension_mode":false,"campfire_choices":[{"data":"Defend_B","floor":6,"key":"SMITH"},{"data":"Defend_B","floor":11,"key":"SMITH"},{"floor":15,"key":"REST"},{"floor":23,"key":"REST"}],"neow_cost":"NONE","seed_source_timestamp":162729477509755,"circlet_count":0,"master_deck":["Strike_B","Strike_B","Defend_B","Defend_B","Defend_B+1","Defend_B+1","Zap","Dualcast","Genetic Algorithm","Cold Snap","Cold Snap","Fission","Gash"],"relics":["Cracked Core","Juzu Bracelet","Mummified Hand","Cables","Gremlin Horn","White Beast Statue"],"potions_floor_usage":[16,16,22,22,25],"damage_taken":[{"damage":7,"enemies":"2 Louse","floor":1,"turns":2},{"damage":0,"enemies":"Small Slimes","floor":2,"turns":2},{"damage":1,"enemies":"Cultist","floor":3,"turns":4},{"damage":4,"enemies":"Exordium Wildlife","floor":5,"turns":5},{"damage":3,"enemies":"Blue Slaver","floor":12,"turns":4},{"damage":10,"enemies":"3 Sentries","floor":13,"turns":8},{"damage":0,"enemies":"3 Louse","floor":14,"turns":3},{"damage":18,"enemies":"Slime Boss","floor":16,"turns":21},{"damage":27,"enemies":"2 Thieves","floor":18,"turns":5},{"damage":0,"enemies":"Spheric Guardian","floor":21,"turns":11},{"damage":13,"enemies":"Centurion and Healer","floor":22,"turns":17},{"damage":39,"enemies":"3 Cultists","floor":24,"turns":7},{"damage":14,"enemies":"Book of Stabbing","floor":25,"turns":2}],"seed_played":"-8033307842904194529","potions_obtained":[{"floor":3,"key":"SkillPotion"},{"floor":13,"key":"Explosive Potion"},{"floor":14,"key":"FearPotion"},{"floor":18,"key":"FearPotion"},{"floor":21,"key":"Weak Potion"},{"floor":22,"key":"Dexterity Potion"},{"floor":24,"key":"Energy Potion"}],"is_trial":false,"path_per_floor":["M","M","M","?","M","R","?","?","T","?","R","M","E","M","R","B",null,"M","$","?","M","M","R","M","E"],"character_chosen":"DEFECT","items_purchased":[],"campfire_rested":2,"item_purchase_floors":[],"current_hp_per_floor":[68,68,67,56,52,52,57,57,57,32,32,29,19,19,43,25,80,53,53,38,38,25,50,11,0],"gold":328,"neow_bonus":"RANDOM_COMMON_RELIC","is_prod":false,"is_daily":false,"chose_seed":false,"campfire_upgraded":2,"win_rate":0,"timestamp":1550875224,"path_taken":["M","M","M","?","M","R","?","?","T","?","R","M","E","M","R","BOSS","M","$","?","M","M","R","M","E"],"build_version":"2019-01-23","purchased_purges":1,"victory":false,"max_hp_per_floor":[75,75,75,75,75,75,80,80,80,80,80,80,80,80,80,80,80,80,80,85,85,85,85,85,85],"card_choices":[{"not_picked":["Beam Cell","White Noise","Rebound"],"picked":"SKIP","floor":1},{"not_picked":["Recycle","Aggregate"],"picked":"Genetic Algorithm","floor":2},{"not_picked":["Compile Driver","Barrage"],"picked":"Cold Snap","floor":3},{"not_picked":["Lockon","Defragment","Capacitor"],"picked":"SKIP","floor":5},{"not_picked":["Leap","Streamline","Steam"],"picked":"SKIP","floor":12},{"not_picked":["Barrage","Hologram"],"picked":"Cold Snap","floor":13},{"not_picked":["Genetic Algorithm","Hologram","Leap"],"picked":"SKIP","floor":14},{"not_picked":["Biased Cognition","Meteor Strike"],"picked":"Fission","floor":16},{"not_picked":["Leap","Redo","Scrape"],"picked":"SKIP","floor":18},{"not_picked":["Barrage","Steam","Genetic Algorithm"],"picked":"SKIP","floor":21},{"not_picked":["Barrage","Hologram"],"picked":"Gash","floor":22},{"not_picked":["Recycle","Rebound","Machine Learning"],"picked":"SKIP","floor":24}],"player_experience":430414,"relics_obtained":[{"floor":9,"key":"Mummified Hand"},{"floor":13,"key":"Gremlin Horn"}],"event_choices":[{"damage_healed":0,"gold_gain":75,"player_choice":"Gather Gold","damage_taken":11,"max_hp_gain":0,"max_hp_loss":0,"event_name":"World of Goop","floor":4,"gold_loss":0},{"damage_healed":0,"gold_gain":0,"player_choice":"Donut","damage_taken":0,"max_hp_gain":5,"max_hp_loss":0,"event_name":"Big Fish","floor":7,"gold_loss":0},{"cards_removed":["Strike_B"],"damage_healed":0,"gold_gain":0,"player_choice":"Offered Basic","damage_taken":0,"max_hp_gain":0,"max_hp_loss":0,"event_name":"Bonfire Elementals","floor":8,"gold_loss":0},{"damage_healed":0,"gold_gain":0,"player_choice":"Success","damage_taken":25,"relics_obtained":["Cables"],"max_hp_gain":0,"max_hp_loss":0,"event_name":"Scrap Ooze","floor":10,"gold_loss":0},{"damage_healed":0,"gold_gain":0,"player_choice":"Shed Blood","damage_taken":20,"max_hp_gain":5,"max_hp_loss":0,"event_name":"Forgotten Altar","floor":20,"gold_loss":0}],"is_beta":false,"boss_relics":[{"not_picked":["Snecko Eye","Velvet Choker"],"picked":"White Beast Statue"}],"items_purged_floors":[19],"is_endless":false,"potions_floor_spawned":[3,13,14,18,21,22,24],"killed_by":"Book of Stabbing","ascension_level":0}