{"gold_per_floor":[20,32,46,46,65,95,95,127,176,176,176,202,45,45,45,45],"floor_reached":16,"playtime":1138,"items_purged":["Strike_R"],"score":201,"play_id":"2fd3b054-38b6-4aac-af33-c1ae88bead1b","local_time":"20190324175806","is_ascension_mode":true,"campfire_choices":[{"data":"Bash","floor":7,"key":"SMITH"},{"floor":10,"key":"REST"},{"floor":15,"key":"REST"}],"neow_cost":"NO_GOLD","seed_source_timestamp":0,"circlet_count":0,"master_deck":["AscendersBane","Strike_R","Strike_R","Strike_R","Strike_R","Defend_R","Defend_R","Defend_R","Defend_R","Bash+1","Shrug It Off","Pommel Strike","Seeing Red","Metallicize","Pummel"],"special_seed":0,"relics":["Burning Blood","Turnip","Bag of Marbles","Self Forming Clay","Omamori","Anchor","Pen Nib"],"potions_floor_usage":[6,6],"damage_taken":[{"damage":1,"enemies":"Cultist","floor":1,"turns":4},{"damage":0,"enemies":"Small Slimes","floor":2,"turns":4},{"damage":9,"enemies":"Jaw Worm","floor":3,"turns":5},{"damage":7,"enemies":"3 Louse","floor":5,"turns":6},{"damage":23,"enemies":"3 Sentries","floor":6,"turns":12},{"damage":40,"enemies":"Lagavulin","floor":8,"turns":6},{"damage":29,"enemies":"Gremlin Nob","floor":12,"turns":4},{"damage":59,"enemies":"Slime Boss","floor":16,"turns":8}],"seed_played":"-5745546026456865764","potions_obtained":[{"floor":1,"key":"PowerPotion"},{"floor":2,"key":"Ancient Potion"},{"floor":5,"key":"Explosive Potion"}],"is_trial":false,"path_per_floor":["M","M","M","?","M","E","R","E","T","R","?","E","$","?","R","B"],"character_chosen":"IRONCLAD","items_purchased":["Pummel"],"campfire_rested":2,"item_purchase_floors":[13],"current_hp_per_floor":[73,75,72,72,71,54,54,20,20,42,42,19,19,24,48,0],"gold":45,"neow_bonus":"ONE_RARE_RELIC","is_prod":false,"is_daily":false,"chose_seed":false,"campfire_upgraded":1,"win_rate":0,"timestamp":1553450286,"path_taken":["M","M","?","?","M","E","R","E","T","R","?","E","?","?","R","BOSS"],"build_version":"2019-01-23","purchased_purges":1,"victory":false,"max_hp_per_floor":[75,75,75,75,75,75,75,75,75,75,75,75,75,80,80,80],"card_choices":[{"not_picked":["Reckless Charge","Sword Boomerang","Wild Strike"],"picked":"SKIP","floor":1},{"not_picked":["Wild Strike","Heavy Blade"],"picked":"Shrug It Off","floor":2},{"not_picked":["Flex","Dropkick","Shrug It Off"],"picked":"SKIP","floor":3},{"not_picked":["Warcry","Clash","Combust"],"picked":"SKIP","floor":5},{"not_picked":["Infernal Blade","Headbutt"],"picked":"Pommel Strike","floor":6},{"not_picked":["Body Slam","Warcry"],"picked":"Seeing Red","floor":8},{"not_picked":["Clash","Wild Strike"],"picked":"Metallicize","floor":12}],"player_experience":1623204,"relics_obtained":[{"floor":6,"key":"Bag of Marbles"},{"floor":8,"key":"Self Forming Clay"},{"floor":9,"key":"Omamori"},{"floor":12,"key":"Pen Nib"}],"event_choices":[{"damage_healed":0,"gold_gain":0,"player_choice":"Leave","damage_taken":0,"max_hp_gain":0,"max_hp_loss":0,"event_name":"The Cleric","floor":4,"gold_loss":0},{"damage_healed":0,"gold_gain":0,"player_choice":"Searched \u00271\u0027 times","damage_taken":0,"relics_obtained":["Anchor"],"max_hp_gain":0,"max_hp_loss":0,"event_name":"Dead Adventurer","floor":11,"gold_loss":0},{"damage_healed":0,"gold_gain":0,"player_choice":"Donut","damage_taken":0,"max_hp_gain":5,"max_hp_loss":0,"event_name":"Big Fish","floor":14,"gold_loss":0}],"is_beta":false,"boss_relics":[],"items_purged_floors":[13],"is_endless":false,"potions_floor_spawned":[1,2,5],"killed_by":"Slime Boss","ascension_level":14}