{"gold_per_floor":[114,130,80,80,95,122,78,90,90,90,90,124,124,19,19,19],"floor_reached":16,"playtime":1400,"items_purged":[],"score":151,"play_id":"be74291f-ef29-4385-b997-799d6ec3ef63","local_time":"20190419101105","is_ascension_mode":true,"campfire_choices":[{"floor":10,"key":"REST"},{"data":"Blade Dance","floor":13,"key":"SMITH"},{"data":"Footwork","floor":15,"key":"SMITH"}],"neow_cost":"TEN_PERCENT_HP_LOSS","seed_source_timestamp":62047588635400,"circlet_count":0,"master_deck":["Defend_G","Defend_G","Defend_G+1","Defend_G","Defend_G","Strike_G+1","Strike_G","Strike_G","Strike_G","Survivor","Neutralize","Slice","Backflip","Footwork+1","Venomology","Blade Dance+1","Acrobatics","Dodge and Roll","Dagger Spray"],"relics":["Ring of the Snake","Nunchaku","Incense Burner","Letter Opener","Pantograph"],"potions_floor_usage":[12,12,16],"damage_taken":[{"damage":0,"enemies":"2 Louse","floor":1,"turns":5},{"damage":1,"enemies":"Small Slimes","floor":2,"turns":4},{"damage":0,"enemies":"Jaw Worm","floor":5,"turns":5},{"damage":22,"enemies":"3 Sentries","floor":6,"turns":13},{"damage":0,"enemies":"2 Fungi Beasts","floor":8,"turns":6},{"damage":25,"enemies":"Gremlin Nob","floor":12,"turns":6},{"damage":48,"enemies":"Hexaghost","floor":16,"turns":16}],"seed_played":"191383427742329623","potions_obtained":[{"floor":5,"key":"GamblersBrew"},{"floor":8,"key":"SpeedPotion"}],"is_trial":false,"path_per_floor":["?","?","?","?"],"character_chosen":"THE_SILENT","items_purchased":["Dodge and Roll","Dagger Spray"],"campfire_rested":1,"item_purchase_floors":[14,14],"current_hp_per_floor":[63,62,62,49,49,27,27,27,27,45,45,20,20,20,20,0],"gold":19,"neow_bonus":"ONE_RARE_RELIC","is_prod":false,"is_daily":false,"chose_seed":false,"campfire_upgraded":2,"win_rate":0,"timestamp":1555690265,"path_taken":["M","M","?","?","M","E","?","M","T","R","?","E","R","$","R","BOSS"],"build_version":"2019-01-23","purchased_purges":0,"victory":false,"max_hp_per_floor":[63,63,63,63,63,63,63,63,63,63,63,63,63,63,63,63],"card_choices":[{"not_picked":["Escape Plan","Bane"],"picked":"Slice","floor":1},{"not_picked":["Prepared","Escape Plan"],"picked":"Backflip","floor":2},{"not_picked":["Slice","Backflip"],"picked":"Footwork","floor":5},{"not_picked":["Calculated Gamble","Tactician"],"picked":"Venomology","floor":6},{"not_picked":["Reflex","Underhanded Strike"],"picked":"Blade Dance","floor":8},{"not_picked":["Eviscerate","All Out Attack"],"picked":"Acrobatics","floor":12}],"player_experience":582953,"relics_obtained":[{"floor":6,"key":"Incense Burner"},{"floor":9,"key":"Letter Opener"},{"floor":12,"key":"Pantograph"}],"event_choices":[{"cards_removed":["Strike_G"],"damage_healed":0,"gold_gain":0,"player_choice":"Card Removal","damage_taken":0,"max_hp_gain":0,"max_hp_loss":0,"event_name":"The Cleric","floor":3,"gold_loss":50},{"damage_healed":0,"gold_gain":0,"player_choice":"Entered Light","damage_taken":13,"max_hp_gain":0,"max_hp_loss":0,"event_name":"Shining Light","floor":4,"gold_loss":0,"cards_upgraded":["Defend_G","Strike_G"]},{"damage_healed":0,"gold_gain":0,"player_choice":"Left Gold","damage_taken":0,"max_hp_gain":0,"max_hp_loss":0,"event_name":"World of Goop","floor":7,"gold_loss":44},{"damage_healed":0,"gold_gain":0,"player_choice":"Ignored","damage_taken":0,"max_hp_gain":0,"max_hp_loss":0,"event_name":"Golden Wing","floor":11,"gold_loss":0}],"is_beta":false,"boss_relics":[],"items_purged_floors":[],"is_endless":false,"potions_floor_spawned":[5,8],"killed_by":"Hexaghost","ascension_level":8}