{"gold_per_floor":[216,391,408,423,25,25,50,50,100,100,129,129,229,245,245,341,341,357,369,382,402,402,402,402,402,480,494,525,525,525,26,26,125,125,138,238,238,15,30,30,30,30,30,43,43,73,73,91,91,91],"floor_reached":51,"playtime":5029,"items_purged":[],"score":936,"play_id":"d5cfb701-cf67-4d76-b482-eaeac8625d72","local_time":"20190502173202","is_ascension_mode":true,"campfire_choices":[{"data":"Clothesline","floor":6,"key":"SMITH"},{"floor":8,"key":"REST"},{"data":"Iron Wave","floor":12,"key":"SMITH"},{"floor":15,"key":"REST"},{"floor":23,"key":"REST"},{"data":"Armaments","floor":25,"key":"SMITH"},{"data":"Bash","floor":30,"key":"SMITH"},{"data":"True Grit","floor":32,"key":"SMITH"},{"data":"Spot Weakness","floor":40,"key":"SMITH"},{"data":"Juggernaut","floor":45,"key":"SMITH"},{"data":"Entrench","floor":47,"key":"SMITH"},{"floor":49,"key":"REST"}],"neow_cost":"NONE","seed_source_timestamp":1208044008694800,"circlet_count":0,"master_deck":["Strike_R+1","Strike_R+1","Strike_R+1","Strike_R+1","Defend_R+1","Defend_R+1","Defend_R+1","Defend_R+1","Bash+1","Disarm","Clothesline+1","Offering","Dramatic Entrance","Iron Wave+1","Pommel Strike","Anger","Whirlwind","Spot Weakness+1","Armaments+1","Pommel Strike+1","Feel No Pain","Warcry+1","Battle Trance","Juggernaut+1","True Grit+1","Shrug It Off","Double Tap","Havoc","Immolate","Bandage Up","Entrench+1","Intimidate"],"relics":["Burning Blood","StoneCalendar","Regal Pillow","Boot","Self Forming Clay","Mark of Pain","Pantograph","Vajra","TheAbacus","Busted Crown","Pocketwatch","Bag of Preparation","Molten Egg 2","Dodecahedron"],"potions_floor_usage":[16,21,28,33,33,33,44,46],"damage_taken":[{"damage":4,"enemies":"Small Slimes","floor":1,"turns":4},{"damage":11,"enemies":"Cultist","floor":3,"turns":5},{"damage":10,"enemies":"Jaw Worm","floor":4,"turns":5},{"damage":40,"enemies":"3 Sentries","floor":7,"turns":7},{"damage":19,"enemies":"Gremlin Nob","floor":11,"turns":4},{"damage":8,"enemies":"Blue Slaver","floor":14,"turns":4},{"damage":21,"enemies":"Slime Boss","floor":16,"turns":7},{"damage":8,"enemies":"Shell Parasite","floor":18,"turns":5},{"damage":17,"enemies":"Spheric Guardian","floor":19,"turns":3},{"damage":19,"enemies":"Snake Plant","floor":20,"turns":5},{"damage":30,"enemies":"Shelled Parasite and Fungi","floor":21,"turns":5},{"damage":9,"enemies":"Centurion and Healer","floor":27,"turns":7},{"damage":16,"enemies":"Book of Stabbing","floor":28,"turns":5},{"damage":68,"enemies":"Champ","floor":33,"turns":11},{"damage":13,"enemies":"Orb Walker","floor":35,"turns":3},{"damage":15,"enemies":"Mind Bloom Boss Battle","floor":36,"turns":7},{"damage":4,"enemies":"3 Shapes","floor":39,"turns":5},{"damage":28,"enemies":"Transient","floor":44,"turns":5},{"damage":22,"enemies":"Nemesis","floor":46,"turns":5},{"damage":9,"enemies":"Spire Growth","floor":48,"turns":3},{"damage":61,"enemies":"Awakened One","floor":50,"turns":12}],"seed_played":"5533808799308019311","potions_obtained":[{"floor":1,"key":"SneckoOil"},{"floor":7,"key":"Ancient Potion"},{"floor":14,"key":"PowerPotion"},{"floor":19,"key":"Fire Potion"},{"floor":21,"key":"Dexterity Potion"},{"floor":33,"key":"SpeedPotion"},{"floor":44,"key":"GamblersBrew"}],"is_trial":false,"path_per_floor":["?","?","?","M","M","?","?","?","?","?","?","?"],"character_chosen":"IRONCLAD","items_purchased":["StoneCalendar","Dramatic Entrance","Juggernaut","TheAbacus","True Grit","Dexterity Potion","Shrug It Off","Bag of Preparation","Immolate"],"campfire_rested":4,"item_purchase_floors":[5,5,31,31,31,31,31,38,38],"current_hp_per_floor":[74,74,69,65,65,65,31,70,70,63,50,50,50,48,80,65,76,74,63,50,26,26,65,65,65,65,62,52,52,52,52,52,15,64,57,71,71,71,73,73,73,73,73,55,55,43,43,40,79,29],"gold":91,"neow_bonus":"HUNDRED_GOLD","is_prod":false,"is_daily":false,"chose_seed":false,"campfire_upgraded":8,"win_rate":0,"timestamp":1556839922,"path_taken":["M","?","M","M","$","R","E","R","T","?","E","R","?","?","R","BOSS","M","M","M","?","?","R","?","R","T","M","E","?","R","$","R","BOSS","M","?","?","$","M","R","?","?","T","M","R","E","R","M","R","BOSS"],"build_version":"2019-01-23","purchased_purges":0,"victory":true,"max_hp_per_floor":[80,80,80,80,80,80,80,80,80,80,80,80,80,80,80,80,80,80,80,80,80,80,80,80,80,80,80,80,80,80,80,80,80,80,80,80,80,80,80,80,80,80,80,80,80,80,80,80,80,80],"card_choices":[{"not_picked":["Pummel","Thunderclap"],"picked":"Disarm","floor":1},{"not_picked":["Sword Boomerang","Clash"],"picked":"Clothesline","floor":3},{"not_picked":["Shrug It Off","Wild Strike"],"picked":"Offering","floor":4},{"not_picked":["Wild Strike","Havoc"],"picked":"Iron Wave","floor":7},{"not_picked":["Barricade","Fire Breathing"],"picked":"Pommel Strike","floor":11},{"not_picked":["Armaments","Clothesline"],"picked":"Anger","floor":14},{"not_picked":["Intimidate","Armaments"],"picked":"Whirlwind","floor":18},{"not_picked":["Second Wind","Headbutt"],"picked":"Spot Weakness","floor":19},{"not_picked":["Infernal Blade","Pommel Strike"],"picked":"Armaments","floor":20},{"not_picked":["Seeing Red","Perfected Strike"],"picked":"Pommel Strike+1","floor":21},{"not_picked":["Body Slam","Wild Strike+1"],"picked":"Warcry+1","floor":27},{"not_picked":["Sever Soul","Carnage"],"picked":"Battle Trance","floor":28},{"not_picked":["Offering","Dark Embrace"],"picked":"Double Tap","floor":33},{"not_picked":["Clothesline"],"picked":"SKIP","floor":35},{"not_picked":[],"picked":"Havoc","floor":36},{"not_picked":["Rupture"],"picked":"SKIP","floor":39},{"not_picked":[],"picked":"Bandage Up","floor":42},{"not_picked":["Havoc+1"],"picked":"SKIP","floor":44},{"not_picked":[],"picked":"Entrench","floor":46},{"not_picked":[],"picked":"Intimidate","floor":48}],"player_experience":608670,"relics_obtained":[{"floor":7,"key":"Regal Pillow"},{"floor":9,"key":"Boot"},{"floor":11,"key":"Self Forming Clay"},{"floor":26,"key":"Pantograph"},{"floor":28,"key":"Vajra"},{"floor":36,"key":"Pocketwatch"},{"floor":43,"key":"Molten Egg 2"},{"floor":46,"key":"Dodecahedron"}],"event_choices":[{"damage_healed":0,"gold_gain":175,"player_choice":"AGREE","damage_taken":0,"max_hp_gain":0,"max_hp_loss":0,"event_name":"Liars Game","floor":2,"gold_loss":0,"cards_obtained":["Doubt"]},{"cards_removed":["Doubt"],"damage_healed":0,"gold_gain":0,"player_choice":"Card Removal","damage_taken":7,"max_hp_gain":0,"max_hp_loss":0,"event_name":"Golden Wing","floor":10,"gold_loss":0},{"damage_healed":0,"gold_gain":100,"player_choice":"Pray","damage_taken":0,"max_hp_gain":0,"max_hp_loss":0,"event_name":"Golden Shrine","floor":13,"gold_loss":0},{"damage_healed":0,"gold_gain":0,"player_choice":"Simplicity","damage_taken":0,"max_hp_gain":0,"max_hp_loss":0,"event_name":"Back to Basics","floor":22,"gold_loss":0,"cards_upgraded":["Strike_R","Strike_R","Strike_R","Strike_R","Strike_R","Defend_R","Defend_R","Defend_R","Defend_R"]},{"damage_healed":0,"gold_gain":0,"player_choice":"Read","damage_taken":0,"max_hp_gain":0,"max_hp_loss":0,"event_name":"The Library","floor":24,"gold_loss":0,"cards_obtained":["Feel No Pain"]},{"damage_healed":0,"gold_gain":0,"player_choice":"Ignored","damage_taken":0,"max_hp_gain":0,"max_hp_loss":0,"event_name":"Ghosts","floor":29,"gold_loss":0},{"damage_healed":0,"gold_gain":0,"player_choice":"Fight","damage_taken":0,"max_hp_gain":0,"max_hp_loss":0,"event_name":"MindBloom","floor":36,"gold_loss":0},{"cards_removed":["Strike_R"],"damage_healed":0,"gold_gain":0,"player_choice":"Removed Attack","damage_taken":0,"max_hp_gain":0,"max_hp_loss":0,"event_name":"Falling","floor":37,"gold_loss":0},{"damage_healed":0,"gold_gain":0,"player_choice":"Ignored","damage_taken":0,"max_hp_gain":0,"max_hp_loss":0,"event_name":"Mysterious Sphere","floor":41,"gold_loss":0},{"damage_healed":0,"gold_gain":0,"player_choice":"Memory 1","damage_taken":0,"max_hp_gain":0,"max_hp_loss":0,"event_name":"SensoryStone","floor":42,"gold_loss":0}],"is_beta":false,"boss_relics":[{"not_picked":["Coffee Dripper","Sozu"],"picked":"Mark of Pain"},{"not_picked":["Orrery","Philosopher\u0027s Stone"],"picked":"Busted Crown"}],"items_purged_floors":[],"is_endless":false,"potions_floor_spawned":[1,7,14,19,21,33,44],"ascension_level":8}