{"path_per_floor":["M","?","?","?","M","R","$","R","T","R","$","M","M","T","R","B",null,"M","?","M","$","M","?","?","$","T","R","M","M","M","M","R"],"character_chosen":"THE_SILENT","items_purchased":["Panache","Quick Slash","Quick Slash","Prepared","Noxious Fumes"],"gold_per_floor":[113,113,288,238,250,250,5,5,5,5,5,19,31,31,31,133,133,149,149,165,66,82,82,82,14,14,14,29,47,61,79,79],"floor_reached":33,"campfire_rested":1,"playtime":3089,"current_hp_per_floor":[70,70,70,70,63,63,63,63,70,70,70,69,56,56,77,38,77,65,65,64,64,66,50,50,50,50,58,52,48,39,47,57],"items_purged":[],"gold":79,"play_id":"dc37295e-6620-4047-99f6-6c48b091444c","is_prod":false,"is_daily":false,"is_ascension_mode":false,"campfire_upgraded":5,"path_taken":["M","?","?","?","?","R","?","R","T","R","$","M","M","?","R","BOSS","M","?","?","$","M","?","?","$","T","R","?","M","M","M","R","BOSS"],"build_version":"2018-02-01-PROD3","purchased_purges":0,"victory":false,"master_deck":["Defend_G","Defend_G","Defend_G","Defend_G","Defend_G","Strike_G","Strike_G","Strike_G","Survivor","Neutralize+1","Prepared","Slice+1","Footwork+1","Panache","Quick Slash","Flying Knee","Quick Slash","Phantasmal Killer+1","Backstab","Footwork","Quick Slash","Prepared","Sucker Punch+1","Noxious Fumes","Deflect+1","Slice+1","Backflip+1"],"max_hp_per_floor":[70,70,70,70,70,70,70,70,77,77,77,77,77,77,77,77,77,77,77,77,77,77,77,77,77,77,77,77,77,77,77,77],"relics":["Ring of the Snake","Strawberry","Bird Faced Urn","Eternal Feather","Nilry\u0027s Codex","Ancient Tea Set","Mercury Hourglass"],"card_choices":[{"not_picked":["Bane","Bouncing Flask"],"picked":"Prepared"},{"not_picked":["Backstab","Dash"],"picked":"Slice"},{"not_picked":["Quick Slash","Backflip"],"picked":"Footwork"},{"not_picked":["Footwork","Quick Slash"],"picked":"Flying Knee"},{"not_picked":["Bane","Dagger Throw"],"picked":"Quick Slash"},{"not_picked":["Corpse Explosion","Bullet Time"],"picked":"Phantasmal Killer"},{"not_picked":["Flechettes","Skewer"],"picked":"Backstab"},{"not_picked":["Predator","Leg Sweep"],"picked":"Footwork"},{"not_picked":["Skewer","Dodge and Roll"],"picked":"Sucker Punch"},{"not_picked":["Poisoned Stab","Prepared"],"picked":"Deflect"},{"not_picked":["Flying Knee","Sucker Punch"],"picked":"Slice"},{"not_picked":["Flying Knee","Outmaneuver"],"picked":"Backflip"}],"player_experience":32004,"potions_floor_usage":[22,30,31,31,33,33],"damage_taken":[{"damage":0,"enemies":"Jaw Worm","floor":1,"turns":4},{"damage":7,"enemies":"Blue Slaver","floor":5,"turns":7},{"damage":1,"enemies":"2 Louse","floor":12,"turns":3},{"damage":13,"enemies":"2 Fungi Beasts","floor":13,"turns":4},{"damage":39,"enemies":"The Guardian","floor":16,"turns":12},{"damage":12,"enemies":"Shell Parasite","floor":18,"turns":10},{"damage":5,"enemies":"3 Byrds","floor":20,"turns":5},{"damage":4,"enemies":"Centurion and Healer","floor":22,"turns":10},{"damage":14,"enemies":"Sentry and Sphere","floor":28,"turns":5},{"damage":14,"enemies":"Snake Plant","floor":29,"turns":4},{"damage":15,"enemies":"Chosen and Byrds","floor":30,"turns":4},{"damage":2,"enemies":"Sentry and Sphere","floor":31,"turns":5},{"damage":75,"enemies":"Champ","floor":33,"turns":12}],"event_choices":[{"event_name":"Purifier","player_choice":"One Purge","floor":2,"damage_taken":0},{"event_name":"Liars Game","player_choice":"agreed","floor":3,"damage_taken":0},{"event_name":"The Cleric","player_choice":"Card Removal","floor":4,"damage_taken":0},{"event_name":"Bonfire Elementals","player_choice":"BASIC","floor":19,"damage_taken":0},{"event_name":"Cursed Tome","player_choice":"Obtained Book","floor":23,"damage_taken":0},{"event_name":"The Mausoleum","player_choice":"Yes","floor":24,"damage_taken":0}],"boss_relics":[{"not_picked":["Snecko Eye","White Beast Statue"],"picked":"Eternal Feather"}],"potions_floor_spawned":[1,18,28,29,30,31],"seed_played":"5891706468260489923","killed_by":"Champ","ascension_level":0,"is_trial":false}