{"gold_per_floor":[10,20,35,50,150,150,181,200,223,242,242,272,272,303,303,402,402,421,435,447,447,467,495,151,151],"floor_reached":25,"playtime":1169,"items_purged":["Writhe"],"score":381,"play_id":"8255a76d-63b5-4d7f-b8fd-93114bb285c1","local_time":"20190326202952","is_ascension_mode":true,"campfire_choices":[{"data":"Perfected Strike","floor":6,"key":"SMITH"},{"data":"Disarm","floor":13,"key":"SMITH"},{"data":"Uppercut","floor":15,"key":"SMITH"}],"neow_cost":"NO_GOLD","seed_source_timestamp":500838730532922,"circlet_count":0,"master_deck":["Strike_R","Strike_R","Strike_R","Strike_R","Strike_R","Defend_R","Defend_R","Defend_R","Defend_R","Bash","Feed","Perfected Strike+1","Feel No Pain","Juggernaut","Pommel Strike","Flex","Disarm+1","Uppercut+1","Limit Break","Perfected Strike","Perfected Strike","Warcry","True Grit","Pommel Strike","Headbutt+1","Inflame","Pommel Strike","Armaments+1","Perfected Strike"],"relics":["Burning Blood","Self Forming Clay","Oddly Smooth Stone","Red Skull","Bag of Marbles","Orrery","Boot","Centennial Puzzle","PrismaticShard"],"potions_floor_usage":[12,23,23,23,25,25],"damage_taken":[{"damage":9,"enemies":"Jaw Worm","floor":1,"turns":4},{"damage":1,"enemies":"Cultist","floor":2,"turns":3},{"damage":10,"enemies":"2 Louse","floor":3,"turns":3},{"damage":10,"enemies":"2 Fungi Beasts","floor":4,"turns":3},{"damage":34,"enemies":"Gremlin Nob","floor":7,"turns":5},{"damage":12,"enemies":"Lots of Slimes","floor":8,"turns":5},{"damage":0,"enemies":"Large Slime","floor":10,"turns":4},{"damage":19,"enemies":"Lagavulin","floor":12,"turns":6},{"damage":15,"enemies":"3 Sentries","floor":14,"turns":6},{"damage":20,"enemies":"The Guardian","floor":16,"turns":8},{"damage":20,"enemies":"Spheric Guardian","floor":18,"turns":4},{"damage":4,"enemies":"Chosen","floor":19,"turns":4},{"damage":16,"enemies":"Snake Plant","floor":20,"turns":4},{"damage":22,"enemies":"Centurion and Healer","floor":22,"turns":5},{"damage":45,"enemies":"Gremlin Leader","floor":23,"turns":7},{"damage":38,"enemies":"Book of Stabbing","floor":25,"turns":4}],"seed_played":"-3434107969666890274","potions_obtained":[{"floor":2,"key":"Strength Potion"},{"floor":7,"key":"Fire Potion"},{"floor":8,"key":"SkillPotion"},{"floor":14,"key":"GamblersBrew"},{"floor":19,"key":"Energy Potion"},{"floor":23,"key":"PowerPotion"}],"is_trial":false,"path_per_floor":["M","M","M","M","?","R","E","M","T","M","$","E","R","E","R","B",null,"M","M","M","?","M","E","$","E"],"character_chosen":"IRONCLAD","items_purchased":["Regen Potion","PrismaticShard"],"campfire_rested":0,"item_purchase_floors":[24,24],"current_hp_per_floor":[80,86,85,84,84,84,59,56,56,62,62,49,49,43,43,32,86,72,77,67,67,54,15,15,0],"gold":151,"neow_bonus":"THREE_RARE_CARDS","is_prod":false,"is_daily":false,"chose_seed":false,"campfire_upgraded":3,"win_rate":0,"timestamp":1553657392,"path_taken":["M","M","M","M","?","R","E","?","T","M","$","E","R","E","R","BOSS","M","M","M","?","M","E","$","E"],"build_version":"2019-01-23","purchased_purges":1,"victory":false,"max_hp_per_floor":[83,86,89,92,92,92,95,98,98,98,98,98,98,101,101,104,104,104,107,107,107,110,110,110,110],"card_choices":[{"not_picked":["Juggernaut","Offering"],"picked":"Feed","floor":0},{"not_picked":["Iron Wave","Havoc"],"picked":"Perfected Strike","floor":1},{"not_picked":["Ghostly Armor","True Grit"],"picked":"Feel No Pain","floor":2},{"not_picked":["Seeing Red","Warcry","True Grit"],"picked":"SKIP","floor":3},{"not_picked":["Twin Strike","Wild Strike"],"picked":"Juggernaut","floor":4},{"not_picked":["Clash","Carnage"],"picked":"Pommel Strike","floor":7},{"not_picked":["Havoc","Evolve"],"picked":"Flex","floor":8},{"not_picked":["Iron Wave","Anger","Sever Soul"],"picked":"SKIP","floor":10},{"not_picked":["Pommel Strike","Flex"],"picked":"Disarm","floor":12},{"not_picked":["Reaper","Clothesline"],"picked":"Uppercut","floor":14},{"not_picked":["Berserk","Immolate"],"picked":"Limit Break","floor":16},{"not_picked":["Anger","Sentinel"],"picked":"Perfected Strike","floor":17},{"not_picked":["Body Slam","Heavy Blade"],"picked":"Perfected Strike","floor":17},{"not_picked":["Bloodletting","Clothesline"],"picked":"Warcry","floor":17},{"not_picked":["Thunderclap","Burning Pact"],"picked":"True Grit","floor":17},{"not_picked":["Fiend Fire","Anger"],"picked":"Pommel Strike","floor":17},{"not_picked":["Iron Wave","Clothesline"],"picked":"Headbutt+1","floor":18},{"not_picked":["Immolate","Flex+1"],"picked":"Inflame","floor":19},{"not_picked":["Twin Strike","Clash+1"],"picked":"Pommel Strike","floor":20},{"not_picked":["Pommel Strike","Cleave+1"],"picked":"Armaments+1","floor":22},{"not_picked":["Searing Blow+1","Headbutt"],"picked":"Perfected Strike","floor":23}],"player_experience":77207,"relics_obtained":[{"floor":7,"key":"Self Forming Clay"},{"floor":9,"key":"Oddly Smooth Stone"},{"floor":12,"key":"Red Skull"},{"floor":14,"key":"Bag of Marbles"},{"floor":23,"key":"Centennial Puzzle"}],"event_choices":[{"damage_healed":0,"gold_gain":100,"player_choice":"Pray","damage_taken":0,"max_hp_gain":0,"max_hp_loss":0,"event_name":"Golden Shrine","floor":5,"gold_loss":0},{"damage_healed":0,"gold_gain":0,"player_choice":"Opened","damage_taken":0,"relics_obtained":["Boot"],"max_hp_gain":0,"max_hp_loss":0,"event_name":"The Mausoleum","floor":21,"gold_loss":0,"cards_obtained":["Writhe"]}],"is_beta":false,"boss_relics":[{"not_picked":["Empty Cage","Runic Dome"],"picked":"Orrery"}],"items_purged_floors":[24],"is_endless":false,"potions_floor_spawned":[2,7,8,14,19,20,23],"killed_by":"Book of Stabbing","ascension_level":5}