{"gold_per_floor":[109,126,96,112,129,159,159,171,171,171,185,185,260,260,260,356,356,374,374,388,388,388,388,419,434,513,541,561,561,580,135,135,135],"floor_reached":33,"playtime":4725,"items_purged":[],"score":390,"play_id":"72905655-36ec-41ac-872f-e48034b163bc","local_time":"20190327184832","is_ascension_mode":true,"campfire_choices":[{"floor":10,"key":"REST"},{"floor":12,"key":"REST"},{"floor":15,"key":"REST"},{"floor":23,"key":"REST"},{"floor":29,"key":"REST"},{"floor":32,"key":"REST"}],"neow_cost":"NONE","seed_source_timestamp":50966739844891,"circlet_count":0,"master_deck":["Strike_B","Strike_B","Strike_B","Strike_B","Defend_B","Defend_B","Defend_B","Defend_B","Zap","Dualcast","Consume","Sunder+1","Ball Lightning","Ball Lightning","Ball Lightning","Leap","Darkness+1","Amplify+1","Doom and Gloom","Beam Cell+1","Chill+1","Tempest+1","Loop","Defragment","Mayhem"],"relics":["Cracked Core","Boot","Toxic Egg 2","Snecko Eye","CultistMask","DataDisk","Sundial","Cables"],"potions_floor_usage":[5,7,20,20,24,24,28,33,33,33],"damage_taken":[{"damage":1,"enemies":"2 Louse","floor":1,"turns":3},{"damage":6,"enemies":"Cultist","floor":2,"turns":3},{"damage":9,"enemies":"Small Slimes","floor":4,"turns":4},{"damage":6,"enemies":"3 Louse","floor":5,"turns":2},{"damage":35,"enemies":"Lagavulin","floor":6,"turns":5},{"damage":0,"enemies":"Gremlin Gang","floor":7,"turns":1},{"damage":10,"enemies":"Exordium Thugs","floor":8,"turns":4},{"damage":4,"enemies":"3 Louse","floor":11,"turns":2},{"damage":50,"enemies":"Hexaghost","floor":16,"turns":8},{"damage":16,"enemies":"Shell Parasite","floor":18,"turns":3},{"damage":24,"enemies":"3 Byrds","floor":20,"turns":4},{"damage":27,"enemies":"Book of Stabbing","floor":24,"turns":4},{"damage":18,"enemies":"Snecko","floor":25,"turns":4},{"damage":10,"enemies":"Gremlin Leader","floor":27,"turns":5},{"damage":0,"enemies":"Cultist and Chosen","floor":28,"turns":3},{"damage":21,"enemies":"Centurion and Healer","floor":30,"turns":3},{"damage":55,"enemies":"Automaton","floor":33,"turns":6}],"seed_played":"-8155977574601803486","potions_obtained":[{"floor":1,"key":"GamblersBrew"},{"floor":3,"key":"Weak Potion"},{"floor":3,"key":"SmokeBomb"},{"floor":6,"key":"Energy Potion"},{"floor":8,"key":"Explosive Potion"},{"floor":20,"key":"Block Potion"},{"floor":27,"key":"Poison Potion"}],"is_trial":false,"path_per_floor":["?","M","?","?","?","M","?","?","M","$"],"character_chosen":"DEFECT","items_purchased":["Defragment","Energy Potion","LiquidBronze","SkillPotion","Mayhem"],"campfire_rested":6,"item_purchase_floors":[31,31,31,31,31],"current_hp_per_floor":[74,68,68,59,53,18,18,8,8,32,28,52,41,46,72,22,71,55,55,31,31,31,57,30,12,12,2,2,28,7,7,33,0],"gold":135,"neow_bonus":"TEN_PERCENT_HP_BONUS","is_prod":false,"is_daily":false,"chose_seed":false,"campfire_upgraded":0,"win_rate":0,"timestamp":1553734112,"path_taken":["M","M","?","?","M","E","M","M","T","R","M","R","?","?","R","BOSS","M","?","?","?","?","R","E","?","T","E","M","R","M","?","R","BOSS"],"build_version":"2019-01-23","purchased_purges":0,"victory":false,"max_hp_per_floor":[82,82,82,82,82,82,82,82,82,82,82,82,82,87,87,87,87,87,87,87,87,87,87,87,87,87,87,87,87,87,87,87,87],"card_choices":[{"not_picked":["Cold Snap","Stack"],"picked":"Consume","floor":1},{"not_picked":["Stack","Reinforced Body"],"picked":"Sunder","floor":2},{"not_picked":["Turbo","Conserve Battery"],"picked":"Ball Lightning","floor":4},{"not_picked":["Chill","Steam"],"picked":"Ball Lightning","floor":5},{"not_picked":["Steam","Reinforced Body"],"picked":"Ball Lightning","floor":6},{"not_picked":["Streamline","Gash"],"picked":"Leap","floor":8},{"not_picked":["Leap+1","Doom and Gloom"],"picked":"Darkness+1","floor":11},{"not_picked":["Seek+1","Reboot+1"],"picked":"Amplify+1","floor":16},{"not_picked":["Skim+1","Steam+1"],"picked":"Doom and Gloom","floor":18},{"not_picked":["Steam+1","Stack+1"],"picked":"Beam Cell+1","floor":20},{"not_picked":["FTL","Rebound","Sweeping Beam+1"],"picked":"SKIP","floor":24},{"not_picked":["Lockon","Redo+1"],"picked":"Chill+1","floor":25},{"not_picked":["Recycle+1","Genetic Algorithm+1"],"picked":"Tempest+1","floor":27},{"not_picked":["Doom and Gloom","Steam+1"],"picked":"Loop","floor":28},{"not_picked":["Turbo+1","Reboot+1","Beam Cell+1"],"picked":"SKIP","floor":30}],"player_experience":366077,"relics_obtained":[{"floor":6,"key":"Boot"},{"floor":9,"key":"Toxic Egg 2"},{"floor":24,"key":"DataDisk"},{"floor":26,"key":"Sundial"},{"floor":27,"key":"Cables"}],"event_choices":[{"damage_healed":0,"gold_gain":0,"player_choice":"Bought 2 Potions","damage_taken":0,"max_hp_gain":0,"max_hp_loss":0,"event_name":"The Woman in Blue","floor":3,"gold_loss":0},{"damage_healed":0,"gold_gain":75,"player_choice":"Gather Gold","damage_taken":11,"max_hp_gain":0,"max_hp_loss":0,"event_name":"World of Goop","floor":13,"gold_loss":0},{"damage_healed":0,"gold_gain":0,"player_choice":"Donut","damage_taken":0,"max_hp_gain":5,"max_hp_loss":0,"event_name":"Big Fish","floor":14,"gold_loss":0},{"damage_healed":0,"gold_gain":0,"player_choice":"Trade","damage_taken":0,"relics_obtained":["CultistMask"],"max_hp_gain":0,"max_hp_loss":0,"event_name":"FaceTrader","floor":19,"gold_loss":0},{"damage_healed":0,"gold_gain":0,"player_choice":"Ignored","damage_taken":0,"max_hp_gain":0,"max_hp_loss":0,"event_name":"Vampires","floor":21,"gold_loss":0},{"damage_healed":0,"gold_gain":0,"player_choice":"Forge","damage_taken":0,"max_hp_gain":0,"max_hp_loss":0,"event_name":"Accursed Blacksmith","floor":22,"gold_loss":0,"cards_upgraded":["Sunder"]}],"is_beta":false,"boss_relics":[{"not_picked":["Busted Crown","Runic Dome"],"picked":"Snecko Eye"}],"items_purged_floors":[],"is_endless":false,"potions_floor_spawned":[1,4,6,8,20,27],"killed_by":"Automaton","ascension_level":7}