{"gold_per_floor":[113,126,143,161,336,368,368,385,385,40,57],"floor_reached":11,"playtime":425,"items_purged":[],"score":104,"play_id":"c2421286-bf54-41a9-a59d-6070351e2a43","local_time":"20190328153644","is_ascension_mode":true,"campfire_choices":[],"neow_cost":"NONE","seed_source_timestamp":13727792635888,"circlet_count":0,"master_deck":["Strike_R","Strike_R","Strike_R","Strike_R","Strike_R","Defend_R","Defend_R","Defend_R","Defend_R","Bash","Iron Wave","Sword Boomerang","Twin Strike","Doubt","Headbutt","Second Wind","Fiend Fire","Inflame","Armaments","Cleave","Carnage","Uppercut","Flash of Steel","Armaments","Inflame"],"relics":["Burning Blood","Juzu Bracelet","The Courier"],"potions_floor_usage":[],"damage_taken":[{"damage":1,"enemies":"Cultist","floor":1,"turns":3},{"damage":7,"enemies":"2 Louse","floor":2,"turns":4},{"damage":2,"enemies":"Jaw Worm","floor":3,"turns":4},{"damage":9,"enemies":"Blue Slaver","floor":4,"turns":4},{"damage":63,"enemies":"Lagavulin","floor":6,"turns":9},{"damage":11,"enemies":"2 Fungi Beasts","floor":8,"turns":4},{"damage":30,"enemies":"Lots of Slimes","floor":11,"turns":4}],"seed_played":"1592950985901388686","potions_obtained":[{"floor":2,"key":"FairyPotion"},{"floor":4,"key":"Strength Potion"},{"floor":11,"key":"Fire Potion"}],"is_trial":false,"path_per_floor":["M","M","M","M","?","E","?","M","T","$","M"],"character_chosen":"IRONCLAD","items_purchased":["Inflame","Armaments","Cleave","Carnage","Uppercut","Flash of Steel","Armaments"],"campfire_rested":0,"item_purchase_floors":[10,10,10,10,10,10,10],"current_hp_per_floor":[85,84,88,85,85,28,28,23,23,23,8],"gold":57,"neow_bonus":"TEN_PERCENT_HP_BONUS","is_prod":false,"is_daily":false,"chose_seed":false,"campfire_upgraded":0,"win_rate":0,"timestamp":1553809004,"path_taken":["M","M","?","M","?","E","?","M","T","$","M"],"build_version":"2019-01-23","purchased_purges":0,"victory":false,"max_hp_per_floor":[88,88,88,88,88,88,88,88,88,88,88],"card_choices":[{"not_picked":["Havoc","Thunderclap"],"picked":"Iron Wave","floor":1},{"not_picked":["Wild Strike","Pommel Strike"],"picked":"Feel No Pain","floor":2},{"not_picked":["Sentinel","Rupture"],"picked":"Sword Boomerang","floor":3},{"not_picked":["Perfected Strike","Ghostly Armor"],"picked":"Twin Strike","floor":4},{"not_picked":["Clash","Heavy Blade"],"picked":"Headbutt","floor":6},{"not_picked":["Blood for Blood","Body Slam"],"picked":"Fiend Fire","floor":8},{"not_picked":["Flex","Burning Pact"],"picked":"Inflame","floor":11}],"player_experience":348204,"relics_obtained":[{"floor":6,"key":"Juzu Bracelet"},{"floor":9,"key":"The Courier"}],"event_choices":[{"damage_healed":0,"gold_gain":175,"player_choice":"AGREE","damage_taken":0,"max_hp_gain":0,"max_hp_loss":0,"event_name":"Liars Game","floor":5,"gold_loss":0,"cards_obtained":["Doubt"]},{"damage_healed":0,"gold_gain":0,"cards_transformed":["Feel No Pain"],"player_choice":"Change","damage_taken":0,"max_hp_gain":0,"max_hp_loss":0,"event_name":"Living Wall","floor":7,"gold_loss":0,"cards_obtained":["Second Wind"]}],"is_beta":false,"boss_relics":[],"items_purged_floors":[],"is_endless":false,"potions_floor_spawned":[2,4,11],"killed_by":"Lots of Slimes","ascension_level":7}