{"gold_per_floor":[109,125,140,69,19,44,44,63,63,77,112,130,150,175,175,280,280,300,310,329,343,343,343],"floor_reached":23,"playtime":1019,"items_purged":[],"score":339,"play_id":"4c5d720e-a510-4d80-a670-7339cd0614a0","local_time":"20190411165001","is_ascension_mode":true,"campfire_choices":[{"data":"Catalyst","floor":7.0,"key":"SMITH"},{"floor":15.0,"key":"REST"}],"neow_cost":"NONE","seed_source_timestamp":0,"circlet_count":0,"master_deck":["Defend_G","Defend_G+1","Defend_G","Defend_G+1","Defend_G","Strike_G","Strike_G","Strike_G","Strike_G","Survivor","Neutralize","Deadly Poison","Catalyst+1","Flying Knee","Dagger Spray","Deadly Poison","Leg Sweep","Poisoned Stab","Corpse Explosion","Catalyst","Burst","Well Laid Plans+1","Dagger Spray+1","Sucker Punch+1"],"special_seed":0,"relics":["Ring of the Snake","NeowsBlessing","Smiling Mask","War Paint","Ninja Scroll","Bag of Marbles","White Beast Statue"],"potions_floor_usage":[20,21,21],"damage_taken":[{"damage":0.0,"enemies":"Cultist","floor":1.0,"turns":1.0},{"damage":0.0,"enemies":"2 Louse","floor":2.0,"turns":1.0},{"damage":0.0,"enemies":"Small Slimes","floor":3.0,"turns":1.0},{"damage":19.0,"enemies":"Gremlin Nob","floor":6.0,"turns":4.0},{"damage":13.0,"enemies":"Blue Slaver","floor":8.0,"turns":2.0},{"damage":1.0,"enemies":"2 Fungi Beasts","floor":10.0,"turns":4.0},{"damage":26.0,"enemies":"Lagavulin","floor":11.0,"turns":4.0},{"damage":0.0,"enemies":"Looter","floor":12.0,"turns":2.0},{"damage":0.0,"enemies":"Blue Slaver","floor":13.0,"turns":3.0},{"damage":0.0,"enemies":"3 Sentries","floor":14.0,"turns":1.0},{"damage":18,"enemies":"Slime Boss","floor":16,"turns":10},{"damage":11,"enemies":"Shell Parasite","floor":18,"turns":6},{"damage":15,"enemies":"2 Thieves","floor":19,"turns":3},{"damage":0,"enemies":"Centurion and Healer","floor":20,"turns":3},{"damage":5,"enemies":"Sentry and Sphere","floor":21,"turns":5},{"damage":46,"enemies":"Book of Stabbing","floor":23,"turns":6}],"seed_played":"1828811363620069583","potions_obtained":[{"floor":1.0,"key":"FearPotion"},{"floor":3.0,"key":"AttackPotion"},{"floor":6.0,"key":"FearPotion"},{"floor":8.0,"key":"Poison Potion"},{"floor":14.0,"key":"Dexterity Potion"},{"floor":16,"key":"Fire Potion"},{"floor":18,"key":"Strength Potion"},{"floor":20,"key":"SkillPotion"},{"floor":21,"key":"Dexterity Potion"}],"is_trial":false,"path_per_floor":["M","M","M","$","?","E","R","M","T","M","E","M","M","E","R","B",null,"M","M","M","M","?","E"],"character_chosen":"THE_SILENT","items_purchased":["Flying Knee","Dagger Spray"],"campfire_rested":1,"item_purchase_floors":[4,4],"current_hp_per_floor":[63,63,63,63,63,44,44,31,31,30,4,4,4,4,25,7,54,43,28,28,23,46,0],"gold":343,"neow_bonus":"THREE_ENEMY_KILL","is_prod":false,"is_daily":false,"chose_seed":false,"campfire_upgraded":1,"win_rate":0,"timestamp":1555026601,"path_taken":["M","?","M","$","?","E","R","M","T","M","E","M","M","E","R","BOSS","M","M","M","M","?","E"],"build_version":"2019-01-23","purchased_purges":0,"victory":false,"max_hp_per_floor":[70,70,70,70,70,70,70,70,70,70,70,70,70,70,70,70,70,70,70,70,70,70,70],"card_choices":[{"not_picked":["Heel Hook","PiercingWail"],"picked":"Deadly Poison","floor":1.0},{"not_picked":["Prepared","Eviscerate","Underhanded Strike"],"picked":"SKIP","floor":2.0},{"not_picked":["Caltrops","Slice"],"picked":"Catalyst","floor":3.0},{"not_picked":["Concentrate","Setup"],"picked":"Deadly Poison","floor":6.0},{"not_picked":["Backflip","Endless Agony"],"picked":"Leg Sweep","floor":8.0},{"not_picked":["Blur","PiercingWail"],"picked":"Poisoned Stab","floor":10.0},{"not_picked":["After Image","Accuracy"],"picked":"Corpse Explosion","floor":11.0},{"not_picked":["Quick Slash","Masterful Stab","Bane"],"picked":"SKIP","floor":12.0},{"not_picked":["Terror","PiercingWail","Deflect"],"picked":"SKIP","floor":13.0},{"not_picked":["Bouncing Flask","Deflect"],"picked":"Catalyst","floor":14.0},{"not_picked":["Phantasmal Killer","Venomology"],"picked":"Burst","floor":16},{"not_picked":["Backstab","Deflect"],"picked":"Well Laid Plans+1","floor":18},{"not_picked":["Dagger Throw","Blade Dance"],"picked":"Dagger Spray+1","floor":19},{"not_picked":["Dodge and Roll","Skewer","Bane"],"picked":"SKIP","floor":20},{"not_picked":["Infinite Blades","Setup"],"picked":"Sucker Punch+1","floor":21}],"player_experience":208570,"relics_obtained":[{"floor":6.0,"key":"Smiling Mask"},{"floor":9.0,"key":"War Paint"},{"floor":11.0,"key":"Ninja Scroll"},{"floor":14.0,"key":"Bag of Marbles"}],"event_choices":[{"cards_removed":["Strike_G"],"damage_healed":0.0,"max_hp_gain":0.0,"max_hp_loss":0.0,"gold_gain":0.0,"event_name":"The Cleric","player_choice":"Card Removal","floor":5.0,"gold_loss":50.0,"damage_taken":0.0},{"damage_healed":23,"gold_gain":0,"player_choice":"Heal","damage_taken":0,"max_hp_gain":0,"max_hp_loss":0,"event_name":"The Library","floor":22,"gold_loss":0}],"is_beta":false,"boss_relics":[{"not_picked":["Philosopher\u0027s Stone","Ring of the Serpent"],"picked":"White Beast Statue"}],"items_purged_floors":[],"is_endless":false,"potions_floor_spawned":[1,3,6,8,10,14,16,18,19,20,21],"killed_by":"Book of Stabbing","ascension_level":8}