{"gold_per_floor":[116,66,66,66,81,81,112,112,165,192,218,245,213,237,249,261],"floor_reached":16,"playtime":491,"items_purged":[],"score":117,"play_id":"5dcc8482-af7f-426b-98c1-a9dd4155b62a","local_time":"20190321214226","is_ascension_mode":true,"campfire_choices":[{"data":"Havoc","floor":6,"key":"SMITH"},{"data":"Bash","floor":8,"key":"SMITH"},{"floor":15,"key":"REST"}],"neow_cost":"NONE","seed_source_timestamp":156350647562789,"circlet_count":0,"master_deck":["Strike_R","Strike_R","Strike_R","Defend_R","Defend_R","Defend_R","Defend_R","Bash+1","Panacea","Perfected Strike","Havoc+1","Sword Boomerang","Inflame","Armaments","Wild Strike"],"relics":["Burning Blood","Oddly Smooth Stone","MawBank"],"potions_floor_usage":[14,16],"damage_taken":[{"damage":9,"enemies":"Jaw Worm","floor":1,"turns":4},{"damage":0,"enemies":"2 Louse","floor":5,"turns":2},{"damage":34,"enemies":"Gremlin Nob","floor":7,"turns":5},{"damage":0,"enemies":"Small Slimes","floor":10,"turns":3},{"damage":16,"enemies":"3 Louse","floor":11,"turns":4},{"damage":28,"enemies":"Lots of Slimes","floor":12,"turns":5},{"damage":9,"enemies":"Blue Slaver","floor":14,"turns":4},{"damage":54,"enemies":"Hexaghost","floor":16,"turns":9}],"seed_played":"-4188198599065246764","potions_obtained":[{"floor":10,"key":"Fire Potion"},{"floor":11,"key":"SmokeBomb"},{"floor":12,"key":"BloodPotion"}],"is_trial":false,"path_per_floor":["M","?","?","?","M","R","E","R","T","M","M","M","?","M","R","B"],"character_chosen":"IRONCLAD","items_purchased":[],"campfire_rested":1,"item_purchase_floors":[],"current_hp_per_floor":[77,77,77,70,76,76,48,48,48,54,44,22,22,27,51,0],"gold":261,"neow_bonus":"RANDOM_COLORLESS","is_prod":false,"is_daily":false,"chose_seed":false,"campfire_upgraded":2,"win_rate":0,"timestamp":1553226146,"path_taken":["M","?","?","?","M","R","E","R","T","M","M","M","?","M","R","BOSS"],"build_version":"2019-01-23","purchased_purges":0,"victory":false,"max_hp_per_floor":[80,80,80,80,80,80,80,80,80,80,80,80,80,80,80,80],"card_choices":[{"not_picked":["Sword Boomerang","Metallicize"],"picked":"Perfected Strike","floor":1},{"not_picked":["Clash","Heavy Blade"],"picked":"Havoc","floor":5},{"not_picked":["Dual Wield","Thunderclap","Clash"],"picked":"SKIP","floor":7},{"not_picked":["Flex","Havoc"],"picked":"Sword Boomerang","floor":10},{"not_picked":["Wild Strike","Bloodletting"],"picked":"Inflame","floor":11},{"not_picked":["Cleave","Twin Strike"],"picked":"Armaments","floor":12},{"not_picked":["Sword Boomerang","Heavy Blade"],"picked":"Wild Strike","floor":14}],"player_experience":315772,"relics_obtained":[{"floor":7,"key":"Oddly Smooth Stone"},{"floor":9,"key":"MawBank"}],"event_choices":[{"cards_removed":["Strike_R"],"damage_healed":0,"gold_gain":0,"player_choice":"Card Removal","damage_taken":0,"max_hp_gain":0,"max_hp_loss":0,"event_name":"The Cleric","floor":2,"gold_loss":50},{"damage_healed":0,"gold_gain":0,"player_choice":"Ignored","damage_taken":0,"max_hp_gain":0,"max_hp_loss":0,"event_name":"Liars Game","floor":3,"gold_loss":0},{"cards_removed":["Strike_R"],"damage_healed":0,"gold_gain":0,"player_choice":"Card Removal","damage_taken":7,"max_hp_gain":0,"max_hp_loss":0,"event_name":"Golden Wing","floor":4,"gold_loss":0},{"damage_healed":0,"gold_gain":0,"player_choice":"Left Gold","damage_taken":0,"max_hp_gain":0,"max_hp_loss":0,"event_name":"World of Goop","floor":13,"gold_loss":44}],"is_beta":false,"boss_relics":[],"items_purged_floors":[],"is_endless":false,"potions_floor_spawned":[10,11,12],"killed_by":"Hexaghost","ascension_level":3}