{"gold_per_floor":[113,127,145,156,156,156,187,112,135,135,135,150,176,193,193,289,289,300,38,38,38,50,50,62,62,86,86,103,130,150,180,180,279,279,296,311,321,72,72,98,98,110,110,110,120,120,130,130,130,130],"floor_reached":51,"playtime":2802,"items_purged":["Zap","Defend_B"],"score":790,"play_id":"bf944f0a-3005-43df-b255-97e9b9f0798e","local_time":"20181121004006","is_ascension_mode":true,"campfire_choices":[{"data":"Coolheaded","floor":6,"key":"SMITH"},{"floor":11,"key":"REST"},{"data":"Coolheaded","floor":15,"key":"SMITH"},{"data":"Doom and Gloom","floor":23,"key":"SMITH"},{"data":"Conserve Battery","floor":25,"key":"SMITH"},{"data":"Melter","floor":27,"key":"SMITH"},{"data":"Multi-Cast","floor":32,"key":"SMITH"},{"data":"Machine Learning","floor":41,"key":"SMITH"},{"floor":44,"key":"REST"},{"floor":46,"key":"RECALL"},{"floor":49,"key":"REST"}],"neow_cost":"NONE","seed_source_timestamp":446656992709313,"circlet_count":0,"master_deck":["Strike_B","Strike_B","Strike_B","Defend_B","Defend_B","Defend_B+1","Dualcast+1","Doom and Gloom+1","Coolheaded+1","Seek","Darkness+1","Coolheaded+1","Melter+1","Multi-Cast+1","Machine Learning+1","Capacitor","Redo","Conserve Battery+1","BootSequence+1","Seek+1","Auto Shields+1","Darkness+1","Conserve Battery+1","Coolheaded+1","Redo+1","Master of Strategy+1"],"relics":["Velvet Choker","War Paint","Vajra","Oddly Smooth Stone","White Beast Statue","Bottled Flame","MutagenicStrength","DataDisk","Strawberry","Toxic Egg 2","Inserter","Membership Card","Frozen Egg 2","Happy Flower"],"potions_floor_usage":[4,13,16,28,28,30,33,35,37,37,40,42,45,47,50],"damage_taken":[{"damage":1,"enemies":"Jaw Worm","floor":1,"turns":4},{"damage":1,"enemies":"2 Louse","floor":2,"turns":2},{"damage":0,"enemies":"Cultist","floor":3,"turns":4},{"damage":2,"enemies":"Large Slime","floor":4,"turns":4},{"damage":22,"enemies":"Gremlin Nob","floor":7,"turns":4},{"damage":0,"enemies":"Lots of Slimes","floor":12,"turns":2},{"damage":9,"enemies":"3 Sentries","floor":13,"turns":3},{"damage":0,"enemies":"Gremlin Gang","floor":14,"turns":4},{"damage":5,"enemies":"The Guardian","floor":16,"turns":7},{"damage":10,"enemies":"3 Byrds","floor":18,"turns":4},{"damage":0,"enemies":"Spheric Guardian","floor":22,"turns":2},{"damage":0,"enemies":"Snake Plant","floor":24,"turns":2},{"damage":0,"enemies":"3 Cultists","floor":28,"turns":4},{"damage":0,"enemies":"Gremlin Leader","floor":29,"turns":4},{"damage":9,"enemies":"Sentry and Sphere","floor":30,"turns":9},{"damage":0,"enemies":"Book of Stabbing","floor":31,"turns":4},{"damage":17,"enemies":"Champ","floor":33,"turns":9},{"damage":3,"enemies":"3 Shapes","floor":35,"turns":2},{"damage":0,"enemies":"Orb Walker","floor":36,"turns":2},{"damage":0,"enemies":"Transient","floor":37,"turns":5},{"damage":50,"enemies":"Reptomancer","floor":40,"turns":5},{"damage":0,"enemies":"Sphere and 2 Shapes","floor":42,"turns":3},{"damage":0,"enemies":"Maw","floor":45,"turns":5},{"damage":16,"enemies":"Spire Growth","floor":47,"turns":5},{"damage":17,"enemies":"Donu and Deca","floor":50,"turns":8}],"seed_played":"-4814209475617927377","potions_obtained":[{"floor":3,"key":"Fire Potion"},{"floor":4,"key":"FearPotion"},{"floor":12,"key":"Explosive Potion"},{"floor":14,"key":"FairyPotion"},{"floor":18,"key":"Energy Potion"},{"floor":22,"key":"Fire Potion"},{"floor":24,"key":"PowerPotion"},{"floor":28,"key":"Regen Potion"},{"floor":29,"key":"Regen Potion"},{"floor":30,"key":"Energy Potion"},{"floor":33,"key":"SkillPotion"},{"floor":35,"key":"Fire Potion"},{"floor":36,"key":"PowerPotion"},{"floor":37,"key":"Regen Potion"},{"floor":40,"key":"AttackPotion"},{"floor":42,"key":"AttackPotion"},{"floor":45,"key":"SpeedPotion"},{"floor":47,"key":"FocusPotion"}],"is_trial":false,"path_per_floor":["M","M","M","M","?","R","E","$","T","?","R","M","E","M","R","B",null,"M","$","?","?","M","R","M","R","T","R","M","E","M","E","R","B",null,"M","M","M","$","?","E","R","M","T","R","M","R","M","?","R","B",null],"character_chosen":"DEFECT","items_purchased":["Bottled Flame","Membership Card"],"campfire_rested":3,"item_purchase_floors":[19,38],"current_hp_per_floor":[74,73,73,71,76,76,54,54,54,54,78,78,69,69,69,64,80,70,70,70,70,70,70,70,70,70,70,70,77,83,83,83,66,87,84,84,84,84,84,43,43,43,43,69,69,69,53,53,79,62],"gold":130,"neow_bonus":"BOSS_RELIC","is_prod":false,"is_daily":false,"chose_seed":false,"campfire_upgraded":7,"win_rate":0,"timestamp":1542757206,"path_taken":["M","M","M","M","?","R","E","$","T","?","R","M","E","M","R","BOSS","M","$","?","?","M","R","?","R","T","R","?","E","M","E","R","BOSS","M","M","M","$","?","E","R","M","T","R","?","R","M","?","R","BOSS"],"build_version":"2018-11-15","purchased_purges":2,"victory":true,"max_hp_per_floor":[75,75,75,75,80,80,80,80,80,80,80,80,80,80,80,80,80,80,80,80,80,80,80,80,80,80,80,80,87,87,87,87,87,87,87,87,87,87,87,87,87,87,87,87,87,87,87,87,87,87],"card_choices":[{"not_picked":["Stack","Go for the Eyes"],"picked":"Doom and Gloom","floor":1},{"not_picked":["Storm","Turbo"],"picked":"Coolheaded","floor":2},{"not_picked":["Gash","Force Field","Aggregate"],"picked":"SKIP","floor":3},{"not_picked":["Sweeping Beam","Redo"],"picked":"Seek","floor":4},{"not_picked":["Steam","Turbo"],"picked":"Darkness","floor":7},{"not_picked":["Barrage","Leap"],"picked":"Coolheaded","floor":12},{"not_picked":["Tempest","White Noise"],"picked":"Melter","floor":13},{"not_picked":["Turbo","Coolheaded"],"picked":"Multi-Cast","floor":14},{"not_picked":["Rainbow","Amplify"],"picked":"Machine Learning","floor":16},{"not_picked":["Chaos","Beam Cell+1"],"picked":"Capacitor","floor":18},{"not_picked":["Rebound","Compile Driver"],"picked":"Redo","floor":22},{"not_picked":["Blizzard","FTL"],"picked":"Conserve Battery","floor":24},{"not_picked":["Go for the Eyes+1","Streamline","Turbo"],"picked":"SKIP","floor":28},{"not_picked":["Amplify","Hologram"],"picked":"BootSequence+1","floor":29},{"not_picked":["Steam","Scrape","Rebound"],"picked":"SKIP","floor":30},{"not_picked":["Buffer","Rebound","Recycle"],"picked":"SKIP","floor":31},{"not_picked":["Machine Learning","Thunder Strike"],"picked":"Seek+1","floor":33},{"not_picked":["Recycle+1","Steam+1","Redo+1"],"picked":"SKIP","floor":35},{"not_picked":["Steam+1","Compile Driver+1"],"picked":"Auto Shields+1","floor":36},{"not_picked":["Streamline","Turbo+1","Cold Snap"],"picked":"SKIP","floor":37},{"not_picked":["Compile Driver","Scrape+1"],"picked":"Conserve Battery+1","floor":40},{"not_picked":["Cold Snap+1","Conserve Battery+1"],"picked":"Coolheaded+1","floor":42},{"not_picked":["Meteor Strike","Ball Lightning"],"picked":"Redo+1","floor":45},{"not_picked":["Self Repair+1","Blizzard+1","Streamline+1"],"picked":"SKIP","floor":47},{"not_picked":["Blind+1","Dark Shackles+1"],"picked":"Master of Strategy+1","floor":48}],"player_experience":227448,"relics_obtained":[{"floor":7,"key":"War Paint"},{"floor":9,"key":"Vajra"},{"floor":13,"key":"Oddly Smooth Stone"},{"floor":26,"key":"DataDisk"},{"floor":29,"key":"Strawberry"},{"floor":31,"key":"Toxic Egg 2"},{"floor":40,"key":"Frozen Egg 2"},{"floor":43,"key":"Happy Flower"}],"event_choices":[{"damage_healed":0,"gold_gain":0,"player_choice":"Donut","damage_taken":0,"max_hp_gain":5,"max_hp_loss":0,"event_name":"Big Fish","floor":5,"gold_loss":0},{"damage_healed":0,"gold_gain":0,"player_choice":"Forge","damage_taken":0,"max_hp_gain":0,"max_hp_loss":0,"event_name":"Accursed Blacksmith","floor":10,"gold_loss":0,"cards_upgraded":["Darkness"]},{"damage_healed":0,"gold_gain":0,"player_choice":"Inject Mutagens","damage_taken":0,"relics_obtained":["MutagenicStrength"],"max_hp_gain":0,"max_hp_loss":0,"event_name":"Drug Dealer","floor":20,"gold_loss":0},{"cards_removed":["Strike_B"],"damage_healed":0,"gold_gain":0,"player_choice":"Offered Basic","damage_taken":0,"max_hp_gain":0,"max_hp_loss":0,"event_name":"Bonfire Elementals","floor":21,"gold_loss":0},{"damage_healed":0,"gold_gain":0,"player_choice":"Copied","damage_taken":0,"max_hp_gain":0,"max_hp_loss":0,"event_name":"Duplicator","floor":39,"gold_loss":0,"cards_obtained":["Darkness"]},{"damage_healed":0,"gold_gain":0,"player_choice":"Memory 1","damage_taken":0,"max_hp_gain":0,"max_hp_loss":0,"event_name":"SensoryStone","floor":48,"gold_loss":0}],"is_beta":false,"boss_relics":[{"not_picked":["Philosopher\u0027s Stone","Cursed Key"],"picked":"White Beast Statue"},{"not_picked":["Runic Dome","Sozu"],"picked":"Inserter"}],"items_purged_floors":[8,38],"is_endless":false,"potions_floor_spawned":[3,4,12,14,18,22,24,28,29,30,31,33,35,36,37,40,42,45,47],"ascension_level":1}