{"gold_per_floor":[115,127,144,144,163,163,196,212,238,251,251,251,277,277,277,374,374,390,390,375,375,0,12,24],"floor_reached":24,"playtime":1845,"items_purged":[],"score":227,"play_id":"6e0af216-c3ac-47a8-81c4-a3a5d7917f34","local_time":"20190319001915","is_ascension_mode":true,"campfire_choices":[{"data":"Bash","floor":6,"key":"SMITH"},{"data":"Armaments","floor":11,"key":"SMITH"},{"data":"Shrug It Off","floor":15,"key":"SMITH"},{"floor":23,"key":"REST"}],"neow_cost":"NONE","seed_source_timestamp":7740552559904,"circlet_count":0,"master_deck":["Strike_R","Strike_R","Strike_R","Strike_R","Defend_R","Defend_R","Defend_R","Defend_R","Bash+1","Shrug It Off+1","Carnage","Inflame","Clash","Twin Strike","Exhume","Armaments+1","Parasite","Limit Break","Demon Form","True Grit","Clothesline"],"relics":["Burning Blood","Paper Frog","Oddly Smooth Stone","PreservedInsect","Omamori","Black Star","Bronze Scales","MawBank"],"potions_floor_usage":[],"damage_taken":[{"damage":6,"enemies":"2 Louse","floor":1,"turns":2},{"damage":1,"enemies":"Cultist","floor":2,"turns":3},{"damage":0,"enemies":"Small Slimes","floor":3,"turns":3},{"damage":9,"enemies":"Exordium Wildlife","floor":5,"turns":5},{"damage":27,"enemies":"3 Sentries","floor":7,"turns":7},{"damage":8,"enemies":"Red Slaver","floor":8,"turns":2},{"damage":17,"enemies":"Blue Slaver","floor":10,"turns":4},{"damage":28,"enemies":"Gremlin Nob","floor":13,"turns":4},{"damage":42,"enemies":"The Guardian","floor":16,"turns":12},{"damage":74,"enemies":"3 Byrds","floor":18,"turns":9},{"damage":4,"enemies":"2 Thieves","floor":20,"turns":4},{"damage":48,"enemies":"Sentry and Sphere","floor":24,"turns":5}],"seed_played":"-4564803502994316207","potions_obtained":[{"floor":2,"key":"EssenceOfSteel"},{"floor":8,"key":"Swift Potion"},{"floor":10,"key":"SteroidPotion"},{"floor":13,"key":"SpeedPotion"},{"floor":16,"key":"Poison Potion"}],"is_trial":false,"path_per_floor":["M","M","M","?","M","R","E","M","T","M","R","?","E","?","R","B",null,"M","?","M","?","?","R","M"],"character_chosen":"IRONCLAD","items_purchased":[],"campfire_rested":1,"item_purchase_floors":[],"current_hp_per_floor":[88,88,88,88,85,85,64,62,62,51,51,73,51,44,44,8,88,20,20,22,22,22,48,0],"gold":24,"neow_bonus":"TEN_PERCENT_HP_BONUS","is_prod":false,"is_daily":false,"chose_seed":false,"campfire_upgraded":3,"win_rate":0,"timestamp":1552976355,"path_taken":["M","M","M","?","?","R","E","M","T","M","R","?","E","?","R","BOSS","M","?","?","?","?","R","M"],"build_version":"2019-01-23","purchased_purges":0,"victory":false,"max_hp_per_floor":[88,88,88,88,88,88,88,88,88,88,88,88,88,88,88,88,88,88,88,88,88,88,88,88],"card_choices":[{"not_picked":["Heavy Blade","Havoc"],"picked":"Shrug It Off","floor":1},{"not_picked":["Cleave","Anger"],"picked":"Carnage","floor":2},{"not_picked":["Sever Soul","Reckless Charge"],"picked":"Inflame","floor":3},{"not_picked":["Rage","Sever Soul"],"picked":"Clash","floor":5},{"not_picked":["Sword Boomerang","Perfected Strike"],"picked":"Twin Strike","floor":7},{"not_picked":["Burning Pact","Twin Strike"],"picked":"Exhume","floor":8},{"not_picked":["Carnage","Corruption"],"picked":"Armaments","floor":10},{"not_picked":["Heavy Blade","Perfected Strike"],"picked":"Limit Break","floor":13},{"not_picked":["Barricade","Dark Embrace"],"picked":"Demon Form","floor":16},{"not_picked":["Flex","Reckless Charge"],"picked":"True Grit","floor":18},{"not_picked":["Pommel Strike","Iron Wave"],"picked":"Clothesline","floor":20}],"player_experience":271182,"relics_obtained":[{"floor":7,"key":"Oddly Smooth Stone"},{"floor":9,"key":"PreservedInsect"},{"floor":13,"key":"Omamori"},{"floor":19,"key":"Bronze Scales"}],"event_choices":[{"damage_healed":0,"gold_gain":0,"player_choice":"Gave Potion","damage_taken":0,"relics_obtained":["Paper Frog"],"max_hp_gain":0,"max_hp_loss":0,"event_name":"WeMeetAgain","floor":4,"gold_loss":0},{"damage_healed":22,"gold_gain":0,"player_choice":"Healed and dodged fight","damage_taken":0,"max_hp_gain":0,"max_hp_loss":0,"event_name":"Mushrooms","floor":12,"gold_loss":0,"cards_obtained":["Parasite"]},{"cards_removed":["Strike_R"],"damage_healed":0,"gold_gain":0,"player_choice":"Card Removal","damage_taken":7,"max_hp_gain":0,"max_hp_loss":0,"event_name":"Golden Wing","floor":14,"gold_loss":0},{"damage_healed":0,"gold_gain":0,"player_choice":"Relic","damage_taken":0,"max_hp_gain":0,"max_hp_loss":0,"event_name":"Wheel of Change","floor":19,"gold_loss":0},{"damage_healed":0,"gold_gain":0,"player_choice":"Opened","damage_taken":0,"relics_obtained":["MawBank"],"max_hp_gain":0,"max_hp_loss":0,"event_name":"The Mausoleum","floor":21,"gold_loss":0,"cards_obtained":["Writhe"]},{"damage_healed":0,"gold_gain":0,"player_choice":"Paid Fearfully","damage_taken":0,"max_hp_gain":0,"max_hp_loss":0,"event_name":"Masked Bandits","floor":22,"gold_loss":387}],"is_beta":false,"boss_relics":[{"not_picked":["Calling Bell","Cursed Key"],"picked":"Black Star"}],"items_purged_floors":[],"is_endless":false,"potions_floor_spawned":[2,8,10,13,16,18,20],"killed_by":"Sentry and Sphere","ascension_level":2}