{"gold_per_floor":[113,113,127,127,145,180,180,206,233,251,251,277,290,290,290,362,362,377,377,21,38,38,38,64,64,91,107,126,158,105,123,123,201,201,214,228,228,228,240,268,268,303,330,98,98,126,142,167,167,167],"floor_reached":51,"playtime":3059,"items_purged":["Strike_R"],"score":1619,"play_id":"a42a656a-3480-4b3f-af96-2d5dc819495a","local_time":"20190502122444","is_ascension_mode":true,"campfire_choices":[{"data":"Wild Strike","floor":7,"key":"SMITH"},{"data":"True Grit","floor":11,"key":"SMITH"},{"data":"Feel No Pain","floor":15,"key":"SMITH"},{"data":"Fiend Fire","floor":23,"key":"SMITH"},{"floor":25,"key":"REST"},{"data":"Flex","floor":32,"key":"SMITH"},{"floor":41,"key":"REST"},{"data":"Armaments","floor":45,"key":"SMITH"},{"data":"Battle Trance","floor":49,"key":"SMITH"}],"neow_cost":"NONE","seed_source_timestamp":77018722976399,"circlet_count":0,"master_deck":["AscendersBane","Strike_R","Strike_R","Strike_R","Strike_R","Defend_R+1","Defend_R","Defend_R","Defend_R+1","Bash+1","Wild Strike+1","Uppercut+1","True Grit+1","Impervious","Whirlwind","Corruption","Feel No Pain+1","Fiend Fire+1","Armaments+1","Feel No Pain","Thunderclap","Fiend Fire+1","Spot Weakness","Flex+1","Shrug It Off","Reaper","Shrug It Off","Anger","Shrug It Off","Reaper","Havoc+1","Battle Trance+1","Metallicize+1","Inflame+1","Barricade+1","Body Slam","Body Slam+1"],"relics":["Burning Blood","Vajra","Bag of Preparation","Regal Pillow","Happy Flower","Orrery","ClockworkSouvenir","Mummified Hand","PreservedInsect","Charon\u0027s Ashes","Snecko Eye","Frozen Egg 2","Letter Opener","War Paint","Art of War","Question Card"],"potions_floor_usage":[6,8,12,27,29,31,50],"damage_taken":[{"damage":7,"enemies":"Jaw Worm","floor":1,"turns":2},{"damage":1,"enemies":"Cultist","floor":3,"turns":3},{"damage":8,"enemies":"2 Louse","floor":5,"turns":2},{"damage":20,"enemies":"Lagavulin","floor":6,"turns":5},{"damage":18,"enemies":"3 Sentries","floor":8,"turns":7},{"damage":18,"enemies":"Exordium Thugs","floor":10,"turns":5},{"damage":1,"enemies":"Lagavulin","floor":12,"turns":5},{"damage":0,"enemies":"2 Fungi Beasts","floor":13,"turns":2},{"damage":69,"enemies":"Hexaghost","floor":16,"turns":13},{"damage":35,"enemies":"Spheric Guardian","floor":18,"turns":8},{"damage":0,"enemies":"Chosen","floor":21,"turns":5},{"damage":30,"enemies":"Gremlin Leader","floor":24,"turns":7},{"damage":25,"enemies":"3 Cultists","floor":27,"turns":6},{"damage":1,"enemies":"Snake Plant","floor":28,"turns":7},{"damage":20,"enemies":"Book of Stabbing","floor":29,"turns":5},{"damage":10,"enemies":"Chosen and Byrds","floor":31,"turns":7},{"damage":55,"enemies":"Automaton","floor":33,"turns":9},{"damage":0,"enemies":"Orb Walker","floor":35,"turns":1},{"damage":0,"enemies":"3 Darklings","floor":36,"turns":3},{"damage":17,"enemies":"Sphere and 2 Shapes","floor":39,"turns":2},{"damage":50,"enemies":"Giant Head","floor":40,"turns":8},{"damage":0,"enemies":"Reptomancer","floor":42,"turns":4},{"damage":0,"enemies":"Giant Head","floor":46,"turns":6},{"damage":1,"enemies":"Spire Growth","floor":47,"turns":4},{"damage":20,"enemies":"Reptomancer","floor":48,"turns":3},{"damage":36,"enemies":"Awakened One","floor":50,"turns":9}],"seed_played":"-8878269207307132902","potions_obtained":[{"floor":1,"key":"AttackPotion"},{"floor":6,"key":"Poison Potion"},{"floor":8,"key":"FearPotion"},{"floor":18,"key":"AttackPotion"},{"floor":24,"key":"Weak Potion"},{"floor":28,"key":"Regen Potion"},{"floor":39,"key":"SteroidPotion"},{"floor":46,"key":"EssenceOfSteel"}],"is_trial":false,"path_per_floor":["M","?","M","?","M","E","R","E","T","M","R","E","M","?","R","B",null,"M","?","$","M","?","R","E","R","T","M","M","E","$","M","R","B",null,"M","M","?","T","M","E","R","E","T","$","R","E","M","E","R","B",null],"character_chosen":"IRONCLAD","items_purchased":["Spot Weakness","ClockworkSouvenir","Flex","Shrug It Off","Barricade+1"],"campfire_rested":2,"item_purchase_floors":[20,20,20,30,44],"current_hp_per_floor":[67,67,72,72,70,56,56,44,44,32,32,37,43,75,75,12,59,30,30,30,36,51,51,27,64,64,45,55,53,53,63,63,29,64,70,75,75,75,75,39,75,75,75,75,75,75,75,61,61,71],"gold":167,"neow_bonus":"RANDOM_COLORLESS","is_prod":false,"is_daily":false,"chose_seed":false,"campfire_upgraded":7,"win_rate":0,"timestamp":1556825084,"path_taken":["M","?","?","?","M","E","R","E","T","M","R","E","M","?","R","BOSS","M","?","?","M","?","R","E","R","T","M","M","E","$","M","R","BOSS","M","M","?","?","?","E","R","E","T","$","R","E","M","E","R","BOSS"],"build_version":"2019-01-23","purchased_purges":1,"victory":true,"max_hp_per_floor":[75,75,75,75,75,75,75,75,75,75,75,75,75,75,75,75,75,75,75,75,75,75,75,75,75,75,75,75,75,75,75,75,75,75,75,75,75,75,75,75,75,75,75,75,75,75,75,75,75,75],"card_choices":[{"not_picked":["Clash","Havoc"],"picked":"Wild Strike","floor":1},{"not_picked":["Perfected Strike","Power Through"],"picked":"Uppercut","floor":3},{"not_picked":["Clash","Pommel Strike"],"picked":"True Grit","floor":5},{"not_picked":["Infernal Blade","Reckless Charge"],"picked":"Impervious","floor":6},{"not_picked":["Wild Strike","Dual Wield"],"picked":"Whirlwind","floor":8},{"not_picked":["Clash","Flex"],"picked":"Corruption","floor":10},{"not_picked":["Havoc","Reckless Charge","Heavy Blade"],"picked":"SKIP","floor":12},{"not_picked":["Demon Form","Anger"],"picked":"Feel No Pain","floor":13},{"not_picked":["Brutality","Bludgeon"],"picked":"Fiend Fire","floor":16},{"not_picked":["Body Slam","Reckless Charge"],"picked":"Armaments","floor":17},{"not_picked":["Sword Boomerang","Body Slam"],"picked":"Feel No Pain","floor":17},{"not_picked":["Corruption","Clothesline"],"picked":"Thunderclap","floor":17},{"not_picked":["Perfected Strike","Havoc+1"],"picked":"Fiend Fire","floor":18},{"not_picked":["Flex","Anger"],"picked":"Shrug It Off","floor":21},{"not_picked":["Headbutt","Anger+1"],"picked":"Reaper","floor":24},{"not_picked":["Body Slam","Headbutt"],"picked":"Shrug It Off","floor":27},{"not_picked":["Corruption","Feed"],"picked":"Anger","floor":28},{"not_picked":["Havoc","Rampage","Iron Wave"],"picked":"SKIP","floor":29},{"not_picked":["Rupture+1","Anger","Headbutt"],"picked":"SKIP","floor":31},{"not_picked":["Bludgeon","Berserk"],"picked":"Reaper","floor":33},{"not_picked":["Anger","Iron Wave"],"picked":"Havoc+1","floor":35},{"not_picked":["Blood for Blood","Thunderclap","Body Slam"],"picked":"SKIP","floor":36},{"not_picked":["Headbutt","Whirlwind"],"picked":"Battle Trance","floor":39},{"not_picked":["Ghostly Armor","Headbutt+1"],"picked":"Metallicize+1","floor":40},{"not_picked":["Blood for Blood+1","Burning Pact"],"picked":"Inflame+1","floor":42},{"not_picked":["Perfected Strike","Dual Wield","Whirlwind"],"picked":"SKIP","floor":46},{"not_picked":["Sword Boomerang","Havoc"],"picked":"Body Slam","floor":47},{"not_picked":["Corruption+1","Infernal Blade"],"picked":"Body Slam+1","floor":48}],"player_experience":532956,"relics_obtained":[{"floor":6,"key":"Vajra"},{"floor":8,"key":"Bag of Preparation"},{"floor":9,"key":"Regal Pillow"},{"floor":12,"key":"Happy Flower"},{"floor":24,"key":"Mummified Hand"},{"floor":26,"key":"PreservedInsect"},{"floor":29,"key":"Charon\u0027s Ashes"},{"floor":38,"key":"Frozen Egg 2"},{"floor":40,"key":"Letter Opener"},{"floor":42,"key":"War Paint"},{"floor":46,"key":"Art of War"},{"floor":48,"key":"Question Card"}],"event_choices":[{"damage_healed":0,"gold_gain":0,"player_choice":"Upgraded","damage_taken":0,"max_hp_gain":0,"max_hp_loss":0,"event_name":"Upgrade Shrine","floor":2,"gold_loss":0,"cards_upgraded":["Bash"]},{"damage_healed":0,"gold_gain":0,"player_choice":"Grow","damage_taken":0,"max_hp_gain":0,"max_hp_loss":0,"event_name":"Living Wall","floor":4,"gold_loss":0,"cards_upgraded":["Uppercut"]},{"cards_removed":["Dramatic Entrance"],"damage_healed":32,"gold_gain":0,"player_choice":"Offered Uncommon","damage_taken":0,"max_hp_gain":0,"max_hp_loss":0,"event_name":"Bonfire Elementals","floor":14,"gold_loss":0},{"damage_healed":0,"gold_gain":0,"player_choice":"Forge","damage_taken":0,"max_hp_gain":0,"max_hp_loss":0,"event_name":"Accursed Blacksmith","floor":19,"gold_loss":0,"cards_upgraded":["Fiend Fire"]},{"damage_healed":15,"gold_gain":0,"player_choice":"Heal","damage_taken":0,"max_hp_gain":0,"max_hp_loss":0,"event_name":"The Library","floor":22,"gold_loss":0},{"damage_healed":0,"gold_gain":0,"player_choice":"Ignored","damage_taken":0,"max_hp_gain":0,"max_hp_loss":0,"event_name":"Tomb of Lord Red Mask","floor":37,"gold_loss":0}],"is_beta":false,"boss_relics":[{"not_picked":["Black Blood","Eternal Feather"],"picked":"Orrery"},{"not_picked":["Mark of Pain","Philosopher\u0027s Stone"],"picked":"Snecko Eye"}],"items_purged_floors":[44],"is_endless":false,"potions_floor_spawned":[1,6,8,18,24,28,39,46],"ascension_level":17}