{"gold_per_floor":[113,38,38,48,61,87,97,97,124,154,168,223,236,236,236,334,334,351,351,93,105,5,331,351,351,351,351,57,0,32,32,32,129,129,145,145,155,174,89,121,140,15,90,90,107,107,126,136,136,136],"floor_reached":51,"playtime":2014,"items_purged":["Strike_B","Redo","Zap"],"score":928,"play_id":"4c85bd49-2af6-4a5e-b89e-1ef45f4e76ab","local_time":"20190420201320","is_ascension_mode":true,"campfire_choices":[{"data":"Beam Cell","floor":8,"key":"SMITH"},{"data":"FTL","floor":15,"key":"SMITH"},{"data":"Hyperbeam","floor":25,"key":"SMITH"},{"data":"Buffer","floor":27,"key":"SMITH"},{"floor":32,"key":"REST"},{"data":"Forethought","floor":49,"key":"SMITH"}],"neow_cost":"TEN_PERCENT_HP_LOSS","seed_source_timestamp":506368556471805,"circlet_count":0,"master_deck":["Dualcast","Hyperbeam+1","Glacier","Chill","Beam Cell+1","FTL+1","Beam Cell","Buffer+1","Glacier","Beam Cell","Rip and Tear","Hyperbeam+1","Recycle","Reinforced Body","Hyperbeam+1","Echo Form+1","Streamline","Forethought+1","Go for the Eyes+1"],"relics":["Cracked Core","Orichalcum","Art of War","PreservedInsect","Tiny Chest","Pandora\u0027s Box","Unceasing Top","DollysMirror","Old Coin","Cables","Bag of Preparation","Lantern","Frozen Egg 2","Enchiridion","Busted Crown","Centennial Puzzle","Dodecahedron","Darkstone Periapt"],"potions_floor_usage":[18,30,33,50,50,50,50,50],"damage_taken":[{"damage":0,"enemies":"Small Slimes","floor":1,"turns":1},{"damage":0,"enemies":"Cultist","floor":4,"turns":2},{"damage":0,"enemies":"2 Louse","floor":5,"turns":1},{"damage":0,"enemies":"3 Sentries","floor":6,"turns":3},{"damage":0,"enemies":"Blue Slaver","floor":7,"turns":3},{"damage":16,"enemies":"Lagavulin","floor":10,"turns":4},{"damage":0,"enemies":"2 Fungi Beasts","floor":11,"turns":1},{"damage":0,"enemies":"Gremlin Nob","floor":12,"turns":2},{"damage":0,"enemies":"Exordium Thugs","floor":13,"turns":1},{"damage":27,"enemies":"Slime Boss","floor":16,"turns":8},{"damage":5,"enemies":"Shell Parasite","floor":18,"turns":3},{"damage":2,"enemies":"2 Thieves","floor":21,"turns":2},{"damage":0,"enemies":"Gremlin Leader","floor":23,"turns":2},{"damage":0,"enemies":"Snecko","floor":24,"turns":3},{"damage":0,"enemies":"Book of Stabbing","floor":30,"turns":1},{"damage":10,"enemies":"Automaton","floor":33,"turns":6},{"damage":0,"enemies":"3 Darklings","floor":35,"turns":2},{"damage":0,"enemies":"Orb Walker","floor":37,"turns":2},{"damage":0,"enemies":"Transient","floor":38,"turns":5},{"damage":0,"enemies":"Nemesis","floor":40,"turns":3},{"damage":7,"enemies":"Sphere and 2 Shapes","floor":41,"turns":2},{"damage":7,"enemies":"4 Shapes","floor":45,"turns":2},{"damage":0,"enemies":"Transient","floor":47,"turns":5},{"damage":0,"enemies":"Jaw Worm Horde","floor":48,"turns":1},{"damage":52,"enemies":"Time Eater","floor":50,"turns":8}],"seed_played":"6680470453296018401","potions_obtained":[{"floor":1,"key":"Energy Potion"},{"floor":6,"key":"Energy Potion"},{"floor":7,"key":"Dexterity Potion"},{"floor":11,"key":"EntropicBrew"},{"floor":30,"key":"Regen Potion"},{"floor":35,"key":"FearPotion"},{"floor":41,"key":"AttackPotion"}],"is_trial":false,"path_per_floor":["M","$","?","M","M","E","M","R","T","E","M","E","M","?","R","B",null,"M","?","$","M","$","E","M","R","T","R","$","?","E","?","R","B",null,"M","?","M","M","$","E","M","$","T","T","M","?","M","M","R","B",null],"character_chosen":"DEFECT","items_purchased":["DollysMirror","PowerPotion","Bag of Preparation","Lantern","Forethought"],"campfire_rested":1,"item_purchase_floors":[20,20,28,28,39],"current_hp_per_floor":[68,68,68,68,68,68,68,68,68,52,52,52,52,57,57,30,73,68,68,68,66,66,66,66,66,66,66,66,66,66,50,71,61,73,73,73,73,73,73,73,66,66,66,66,59,59,59,59,59,22],"gold":136,"neow_bonus":"THREE_RARE_CARDS","is_prod":false,"is_daily":false,"chose_seed":false,"campfire_upgraded":5,"win_rate":0,"timestamp":1555787600,"path_taken":["M","$","?","?","?","E","M","R","T","E","M","E","?","?","R","BOSS","M","?","$","M","$","E","M","R","T","R","$","?","E","?","R","BOSS","M","?","M","M","$","E","M","?","T","?","M","?","M","M","R","BOSS"],"build_version":"2019-01-23","purchased_purges":3,"victory":true,"max_hp_per_floor":[68,68,68,68,68,68,68,68,68,68,68,68,68,73,73,73,73,73,73,73,73,73,73,73,73,73,73,73,73,73,73,73,73,73,73,73,73,73,73,73,73,73,73,73,73,69,69,69,69,69],"card_choices":[{"not_picked":["Amplify","Creative AI"],"picked":"Hyperbeam","floor":0},{"not_picked":["Streamline","Sweeping Beam"],"picked":"Glacier","floor":1},{"not_picked":["Barrage","Heatsinks","Stack"],"picked":"SKIP","floor":4},{"not_picked":["Compile Driver","Go for the Eyes"],"picked":"Chill","floor":5},{"not_picked":["Ball Lightning","Melter"],"picked":"Beam Cell","floor":6},{"not_picked":["Sweeping Beam","Turbo","Darkness"],"picked":"SKIP","floor":7},{"not_picked":["Barrage","Capacitor","Amplify"],"picked":"SKIP","floor":10},{"not_picked":["Compile Driver","Barrage"],"picked":"FTL","floor":11},{"not_picked":["Redo","Turbo","Stack"],"picked":"SKIP","floor":12},{"not_picked":["Gash","Sunder"],"picked":"Beam Cell","floor":13},{"not_picked":["Meteor Strike","Electrodynamics"],"picked":"Buffer","floor":16},{"not_picked":["Beam Cell","Leap","Barrage+1"],"picked":"SKIP","floor":18},{"not_picked":["Rebound","Gash","Barrage"],"picked":"SKIP","floor":21},{"not_picked":["Cold Snap","Steam","Sweeping Beam"],"picked":"SKIP","floor":23},{"not_picked":["Barrage","Ball Lightning","Chaos"],"picked":"SKIP","floor":24},{"not_picked":["Hologram+1","Leap","Capacitor"],"picked":"SKIP","floor":30},{"not_picked":["Creative AI+1","Hyperbeam"],"picked":"Echo Form+1","floor":33},{"not_picked":["Conserve Battery"],"picked":"SKIP","floor":35},{"not_picked":["Leap"],"picked":"SKIP","floor":37},{"not_picked":["Darkness+1"],"picked":"SKIP","floor":38},{"not_picked":["Redo"],"picked":"SKIP","floor":40},{"not_picked":["Force Field+1"],"picked":"SKIP","floor":41},{"not_picked":["Aggregate"],"picked":"SKIP","floor":45},{"not_picked":[],"picked":"Go for the Eyes+1","floor":47},{"not_picked":["Ball Lightning+1"],"picked":"SKIP","floor":48}],"player_experience":1805563,"relics_obtained":[{"floor":6,"key":"Orichalcum"},{"floor":9,"key":"Art of War"},{"floor":10,"key":"PreservedInsect"},{"floor":12,"key":"Tiny Chest"},{"floor":23,"key":"Old Coin"},{"floor":26,"key":"Cables"},{"floor":30,"key":"Frozen Egg 2"},{"floor":31,"key":"Enchiridion"},{"floor":40,"key":"Centennial Puzzle"},{"floor":43,"key":"Dodecahedron"},{"floor":44,"key":"Darkstone Periapt"}],"event_choices":[{"damage_healed":0,"gold_gain":0,"player_choice":"Upgraded","damage_taken":0,"max_hp_gain":0,"max_hp_loss":0,"event_name":"Upgrade Shrine","floor":3,"gold_loss":0,"cards_upgraded":["Hyperbeam"]},{"damage_healed":0,"gold_gain":0,"player_choice":"Donut","damage_taken":0,"max_hp_gain":5,"max_hp_loss":0,"event_name":"Big Fish","floor":14,"gold_loss":0},{"damage_healed":0,"gold_gain":0,"player_choice":"Opened","damage_taken":0,"relics_obtained":["Unceasing Top"],"max_hp_gain":0,"max_hp_loss":0,"event_name":"The Mausoleum","floor":19,"gold_loss":0},{"damage_healed":0,"gold_gain":0,"player_choice":"Paid Fearfully","damage_taken":0,"max_hp_gain":0,"max_hp_loss":0,"event_name":"Masked Bandits","floor":29,"gold_loss":57},{"damage_healed":0,"gold_gain":0,"player_choice":"Obtained Book","damage_taken":16,"max_hp_gain":0,"max_hp_loss":0,"event_name":"Cursed Tome","floor":31,"gold_loss":0},{"damage_healed":0,"gold_gain":0,"player_choice":"1 cards matched","damage_taken":0,"max_hp_gain":0,"max_hp_loss":0,"event_name":"Match and Keep!","floor":36,"gold_loss":0,"cards_obtained":["Streamline"]},{"damage_healed":0,"gold_gain":0,"player_choice":"Max HP","damage_taken":0,"max_hp_gain":0,"max_hp_loss":4,"event_name":"Winding Halls","floor":46,"gold_loss":0}],"is_beta":false,"boss_relics":[{"not_picked":["Coffee Dripper","Calling Bell"],"picked":"Pandora\u0027s Box"},{"not_picked":["Cursed Key","Nuclear Battery"],"picked":"Busted Crown"}],"items_purged_floors":[2,22,42],"is_endless":false,"potions_floor_spawned":[1,6,7,11,12,16,23,30,35,40,41],"ascension_level":1}