{"gold_per_floor":[216,227,227,246,51,85,85,85,110,136,156,169,169,185,185,281,281,296,11,0,10,110,141,155,190,272,272,284,284,284,312,312,417,417,427,427,407,9,28,28],"floor_reached":40,"playtime":2961,"items_purged":["Strike_R","Strike_R"],"score":578,"play_id":"4f3cd9e2-fa58-4afe-bd39-a51f6da34f91","local_time":"20190321213055","is_ascension_mode":true,"campfire_choices":[{"floor":7,"key":"REST"},{"data":"Flame Barrier","floor":13,"key":"SMITH"},{"data":"Spot Weakness","floor":15,"key":"SMITH"},{"data":"Demon Form","floor":27,"key":"SMITH"},{"data":"Seeing Red","floor":32,"key":"SMITH"}],"neow_cost":"NONE","seed_source_timestamp":0,"circlet_count":0,"master_deck":["Defend_R","Defend_R","Defend_R","Defend_R","Bash+1","Battle Trance","Impervious","Cleave","Reaper+1","Shrug It Off","Flame Barrier+1","Seeing Red+1","Iron Wave","Shrug It Off","Demon Form+1","Inflame+1","Ghostly Armor+1","Sentinel+1","Disarm+1","True Grit","Twin Strike","Uppercut","Headbutt","Power Through","Bludgeon","True Grit+1","Reaper","Impervious","Pummel","Havoc","Heavy Blade+1","Dark Embrace","Good Instincts","Flame Barrier","Disarm","Battle Trance"],"special_seed":0,"relics":["Burning Blood","Orichalcum","Dream Catcher","Gremlin Horn","Astrolabe","Bag of Preparation","Bag of Marbles","Whetstone","Bottled Tornado","Bottled Lightning","Ginger","Orrery","Lantern"],"potions_floor_usage":[25,30,33,40,40],"damage_taken":[{"damage":7,"enemies":"Small Slimes","floor":1,"turns":4},{"damage":16,"enemies":"Jaw Worm","floor":2,"turns":4},{"damage":1,"enemies":"Cultist","floor":4,"turns":3},{"damage":47,"enemies":"Gremlin Nob","floor":6,"turns":6},{"damage":18,"enemies":"3 Sentries","floor":10,"turns":10},{"damage":9,"enemies":"Red Slaver","floor":11,"turns":5},{"damage":7,"enemies":"Lots of Slimes","floor":12,"turns":3},{"damage":2,"enemies":"Exordium Thugs","floor":14,"turns":5},{"damage":44,"enemies":"Hexaghost","floor":16,"turns":10},{"damage":38,"enemies":"Spheric Guardian","floor":18,"turns":10},{"damage":15,"enemies":"2 Thieves","floor":20,"turns":4},{"damage":10,"enemies":"Snake Plant","floor":21,"turns":7},{"damage":27,"enemies":"Gremlin Leader","floor":23,"turns":7},{"damage":1,"enemies":"Snecko","floor":24,"turns":4},{"damage":18,"enemies":"Book of Stabbing","floor":25,"turns":6},{"damage":13,"enemies":"Shelled Parasite and Fungi","floor":28,"turns":8},{"damage":28,"enemies":"3 Cultists","floor":30,"turns":5},{"damage":29,"enemies":"Gremlin Leader","floor":31,"turns":6},{"damage":54,"enemies":"Collector","floor":33,"turns":10},{"damage":34,"enemies":"3 Shapes","floor":35,"turns":6},{"damage":5,"enemies":"Orb Walker","floor":39,"turns":5},{"damage":162,"enemies":"Giant Head","floor":40,"turns":9}],"seed_played":"8700305226977330117","potions_obtained":[{"floor":1,"key":"Weak Potion"},{"floor":2,"key":"SpeedPotion"},{"floor":11,"key":"Weak Potion"},{"floor":16,"key":"SmokeBomb"},{"floor":24,"key":"SteroidPotion"},{"floor":31,"key":"Block Potion"},{"floor":33,"key":"AttackPotion"},{"floor":37,"key":"Ancient Potion"}],"is_trial":false,"path_per_floor":["M","M","?","M","$","E","R","?","T","E","M","M","R","M","R","B",null,"M","$","M","M","?","E","M","E","T","R","M","T","M","E","R","B",null,"M","?","?","$","M","E"],"character_chosen":"IRONCLAD","items_purchased":["Reaper","Shrug It Off","Bag of Preparation","True Grit","Lantern","Flame Barrier","Disarm"],"campfire_rested":1,"item_purchase_floors":[5,5,19,19,38,38,38],"current_hp_per_floor":[79,69,69,74,74,33,57,80,80,76,77,76,76,80,80,60,80,48,48,39,44,44,70,80,68,68,68,72,72,80,77,77,80,80,76,76,76,76,77,0],"gold":28,"neow_bonus":"HUNDRED_GOLD","is_prod":false,"is_daily":false,"chose_seed":false,"campfire_upgraded":4,"win_rate":0,"timestamp":1553225455,"path_taken":["M","M","?","M","$","E","R","?","T","E","M","M","R","?","R","BOSS","M","$","M","M","?","E","M","E","T","R","?","?","M","E","R","BOSS","M","?","?","$","M","E"],"build_version":"2019-01-23","purchased_purges":2,"victory":false,"max_hp_per_floor":[80,80,80,80,80,80,80,80,80,80,80,80,80,80,80,80,80,80,80,80,80,80,80,80,80,80,80,80,80,80,80,80,80,80,80,80,80,80,80,80],"card_choices":[{"not_picked":["Flex","Entrench"],"picked":"Blood for Blood","floor":1},{"not_picked":["Havoc","Iron Wave"],"picked":"Battle Trance","floor":2},{"not_picked":["Clash","Perfected Strike"],"picked":"Cleave","floor":4},{"not_picked":["Iron Wave","Body Slam"],"picked":"Flame Barrier","floor":6},{"not_picked":["Second Wind","Rage"],"picked":"Seeing Red","floor":10},{"not_picked":["Body Slam","Heavy Blade"],"picked":"Iron Wave","floor":11},{"not_picked":["Searing Blow","Sever Soul"],"picked":"Spot Weakness","floor":12},{"not_picked":["Sever Soul","Cleave"],"picked":"Shrug It Off","floor":14},{"not_picked":["Brutality","Exhume"],"picked":"Demon Form","floor":16},{"not_picked":["Blood for Blood","Sword Boomerang+1"],"picked":"Disarm+1","floor":18},{"not_picked":["Burning Pact","Anger"],"picked":"Twin Strike","floor":20},{"not_picked":["Entrench+1","Thunderclap"],"picked":"Uppercut","floor":21},{"not_picked":["Corruption","Perfected Strike+1"],"picked":"Headbutt","floor":23},{"not_picked":["Shrug It Off","Flex"],"picked":"Power Through","floor":24},{"not_picked":["Flex","Cleave"],"picked":"Bludgeon","floor":25},{"not_picked":["Hemokinesis+1","Sever Soul"],"picked":"True Grit+1","floor":28},{"not_picked":["Headbutt","Searing Blow+1"],"picked":"Reaper","floor":31},{"not_picked":["Dark Embrace","Double Tap"],"picked":"Impervious","floor":33},{"not_picked":["Shrug It Off","Second Wind"],"picked":"Pummel","floor":34},{"not_picked":["Body Slam","Sword Boomerang"],"picked":"Havoc","floor":34},{"not_picked":["Clash+1","Perfected Strike"],"picked":"Heavy Blade+1","floor":34},{"not_picked":["Perfected Strike","Sentinel+1"],"picked":"Dark Embrace","floor":35},{"not_picked":["Transmutation","Mayhem"],"picked":"Good Instincts","floor":36},{"not_picked":["Blood for Blood+1","Combust+1"],"picked":"Battle Trance","floor":39}],"player_experience":312811,"relics_obtained":[{"floor":6,"key":"Orichalcum"},{"floor":9,"key":"Dream Catcher"},{"floor":10,"key":"Gremlin Horn"},{"floor":23,"key":"Bag of Marbles"},{"floor":25,"key":"Whetstone"},{"floor":26,"key":"Bottled Tornado"},{"floor":29,"key":"Bottled Lightning"},{"floor":31,"key":"Ginger"}],"event_choices":[{"damage_healed":0,"gold_gain":0,"cards_transformed":["Strike_R"],"player_choice":"Change","damage_taken":0,"max_hp_gain":0,"max_hp_loss":0,"event_name":"Living Wall","floor":3,"gold_loss":0,"cards_obtained":["Impervious"]},{"cards_removed":["Blood for Blood"],"damage_healed":23,"gold_gain":0,"player_choice":"Offered Uncommon","damage_taken":0,"max_hp_gain":0,"max_hp_loss":0,"event_name":"Bonfire Elementals","floor":8,"gold_loss":0},{"damage_healed":0,"gold_gain":100,"player_choice":"Pray","damage_taken":0,"max_hp_gain":0,"max_hp_loss":0,"event_name":"Golden Shrine","floor":22,"gold_loss":0},{"damage_healed":0,"gold_gain":0,"player_choice":"Memory 1","damage_taken":0,"max_hp_gain":0,"max_hp_loss":0,"event_name":"SensoryStone","floor":36,"gold_loss":0},{"damage_healed":0,"gold_gain":0,"player_choice":"Bought 1 Potion","damage_taken":0,"max_hp_gain":0,"max_hp_loss":0,"event_name":"The Woman in Blue","floor":37,"gold_loss":0}],"is_beta":false,"boss_relics":[{"not_picked":["Runic Pyramid","Lizard Tail"],"picked":"Astrolabe"},{"not_picked":["Pandora\u0027s Box","Calling Bell"],"picked":"Orrery"}],"items_purged_floors":[19,38],"is_endless":false,"potions_floor_spawned":[1,2,11,16,18,23,24,31,33,39],"killed_by":"Giant Head","ascension_level":3}