{"gold_per_floor":[20,34,109,121,46,71,85,85,110,130,130,230,230,245,245,340,340,354,5,19,19,19,76,95,95,171,171,189,205,205,59,59,164,164,184,229,255,266,25,25,54,54,77,95,108,122,168,179,179,179,179,179,108,134,134],"floor_reached":55,"playtime":2847,"items_purged":["Strike_R","Strike_R"],"score":811,"play_id":"bc95b3f7-1bdf-4da4-ab66-daeec6343555","local_time":"20190319012434","is_ascension_mode":true,"campfire_choices":[{"data":"Fiend Fire","floor":8,"key":"SMITH"},{"data":"Shockwave","floor":11,"key":"SMITH"},{"data":"Bash","floor":13,"key":"SMITH"},{"data":"Seeing Red","floor":15,"key":"SMITH"},{"floor":27,"key":"REST"},{"floor":30,"key":"REST"},{"data":"Flame Barrier","floor":32,"key":"SMITH"},{"floor":40,"key":"REST"},{"floor":42,"key":"REST"},{"floor":49,"key":"RECALL"},{"data":"Seeing Red","floor":52,"key":"SMITH"}],"neow_cost":"NO_GOLD","seed_source_timestamp":10655117481195,"circlet_count":0,"master_deck":["Strike_R","Strike_R","Strike_R","Defend_R","Defend_R","Defend_R","Defend_R","Bash+1","Shockwave+1","True Grit","Pummel","Seeing Red+1","Fiend Fire+1","Cleave","Sever Soul","Limit Break","Havoc","Clothesline","Armaments","Pommel Strike","Whirlwind","Armaments+1","Uppercut","Flame Barrier+1","RitualDagger","Cleave+1","Feed","Spot Weakness","Seeing Red","Offering","Whirlwind+1","Seeing Red+1","Limit Break","Spot Weakness+1","Whirlwind","Headbutt+1"],"relics":["Burning Blood","Pocketwatch","Boot","Blood Vial","Orrery","Lee\u0027s Waffle","Tiny Chest","Nunchaku","Darkstone Periapt","Red Skull","Runic Cube","Dead Branch","Chemical X","Meat on the Bone","Pen Nib","Strawberry","Paper Frog"],"potions_floor_usage":[6,20,38,44,50,50,54,55],"damage_taken":[{"damage":4,"enemies":"Jaw Worm","floor":1,"turns":4},{"damage":7,"enemies":"2 Louse","floor":2,"turns":3},{"damage":13,"enemies":"Cultist","floor":4,"turns":6},{"damage":22,"enemies":"3 Sentries","floor":6,"turns":7},{"damage":14,"enemies":"Looter","floor":7,"turns":3},{"damage":4,"enemies":"Blue Slaver","floor":10,"turns":2},{"damage":7,"enemies":"Lots of Slimes","floor":14,"turns":2},{"damage":22,"enemies":"The Guardian","floor":16,"turns":8},{"damage":14,"enemies":"Shell Parasite","floor":18,"turns":3},{"damage":0,"enemies":"Spheric Guardian","floor":20,"turns":3},{"damage":48,"enemies":"Slavers","floor":23,"turns":5},{"damage":30,"enemies":"Snake Plant","floor":24,"turns":4},{"damage":23,"enemies":"Shelled Parasite and Fungi","floor":28,"turns":7},{"damage":6,"enemies":"Snecko","floor":29,"turns":4},{"damage":35,"enemies":"Collector","floor":33,"turns":7},{"damage":19,"enemies":"Orb Walker","floor":35,"turns":3},{"damage":41,"enemies":"2 Orb Walkers","floor":36,"turns":3},{"damage":20,"enemies":"3 Darklings","floor":38,"turns":4},{"damage":53,"enemies":"Reptomancer","floor":41,"turns":5},{"damage":18,"enemies":"Jaw Worm Horde","floor":44,"turns":3},{"damage":18,"enemies":"Spire Growth","floor":45,"turns":2},{"damage":12,"enemies":"3 Darklings","floor":46,"turns":2},{"damage":6,"enemies":"Jaw Worm Horde","floor":48,"turns":2},{"damage":51,"enemies":"Time Eater","floor":50,"turns":4},{"damage":72,"enemies":"Shield and Spear","floor":54,"turns":4},{"damage":52,"enemies":"The Heart","floor":55,"turns":2}],"seed_played":"6523547132311562187","potions_obtained":[{"floor":4,"key":"AttackPotion"},{"floor":16,"key":"Explosive Potion"},{"floor":24,"key":"EssenceOfSteel"},{"floor":28,"key":"EssenceOfSteel"},{"floor":29,"key":"Regen Potion"},{"floor":36,"key":"Dexterity Potion"},{"floor":45,"key":"Energy Potion"},{"floor":46,"key":"SteroidPotion"},{"floor":54,"key":"SpeedPotion"}],"is_trial":false,"path_per_floor":["M","M","?","M","$","E","M","R","T","M","R","?","R","M","R","B",null,"M","$","M","?","?","E","M","T","T","R","M","M","R","$","R","B",null,"M","?","T","M","$","R","E","R","T","M","M","M","T","M","R","B",null,"R","$","E","B"],"character_chosen":"IRONCLAD","items_purchased":["Lee\u0027s Waffle","AttackPotion","Red Skull","Chemical X","AttackPotion","Whirlwind"],"campfire_rested":4,"item_purchase_floors":[19,19,31,39,39,53],"current_hp_per_floor":[80,79,68,61,61,45,37,37,37,41,41,41,41,42,42,28,80,72,87,87,87,81,41,19,19,19,45,30,32,58,58,58,31,87,74,41,41,44,44,71,26,53,53,55,57,53,60,62,62,31,97,97,97,43,0],"gold":134,"neow_bonus":"ONE_RARE_RELIC","is_prod":false,"is_daily":false,"chose_seed":false,"campfire_upgraded":6,"win_rate":0,"timestamp":1552980274,"path_taken":["M","M","?","M","$","E","M","R","T","M","R","?","R","M","R","BOSS","M","$","?","?","?","E","M","?","T","R","M","M","R","?","R","BOSS","M","?","?","?","?","R","E","R","T","?","M","M","?","M","R","BOSS","R","$","E","BOSS"],"build_version":"2019-01-23","purchased_purges":2,"victory":false,"max_hp_per_floor":[80,80,80,80,80,80,80,80,80,80,80,80,80,80,80,80,80,80,87,87,87,87,87,87,87,87,87,87,87,87,87,87,87,87,87,87,87,90,90,90,90,90,90,90,90,90,97,97,97,97,97,97,97,97,97],"card_choices":[{"not_picked":["Sword Boomerang","Heavy Blade"],"picked":"Shockwave","floor":1},{"not_picked":["Clothesline","Evolve"],"picked":"True Grit","floor":2},{"not_picked":["Searing Blow","Shockwave"],"picked":"Pummel","floor":4},{"not_picked":["Feel No Pain","Burning Pact"],"picked":"Seeing Red","floor":6},{"not_picked":["Inflame","Anger"],"picked":"Fiend Fire","floor":7},{"not_picked":["Intimidate","Perfected Strike"],"picked":"Cleave","floor":10},{"not_picked":["Fire Breathing","Sword Boomerang"],"picked":"Sever Soul","floor":14},{"not_picked":["Fiend Fire","Berserk"],"picked":"Limit Break","floor":16},{"not_picked":["Twin Strike","Blood for Blood"],"picked":"Havoc","floor":17},{"not_picked":["Rupture","Havoc"],"picked":"Clothesline","floor":17},{"not_picked":["Fire Breathing","Second Wind"],"picked":"Armaments","floor":17},{"not_picked":["Perfected Strike","Cleave"],"picked":"Pommel Strike","floor":17},{"not_picked":["Thunderclap","Evolve"],"picked":"Whirlwind","floor":17},{"not_picked":["Shockwave","Blood for Blood"],"picked":"Armaments+1","floor":18},{"not_picked":["Corruption","Iron Wave"],"picked":"Uppercut","floor":20},{"not_picked":["Body Slam+1","Perfected Strike"],"picked":"Cleave+1","floor":23},{"not_picked":["Power Through+1","Sentinel+1"],"picked":"Feed","floor":24},{"not_picked":["Flex","True Grit"],"picked":"Spot Weakness","floor":28},{"not_picked":["Flex+1","Headbutt"],"picked":"Seeing Red","floor":29},{"not_picked":["Juggernaut","Brutality"],"picked":"Offering","floor":33},{"not_picked":["Thunderclap","Heavy Blade+1"],"picked":"Whirlwind+1","floor":35},{"not_picked":["Hemokinesis+1","True Grit"],"picked":"Seeing Red","floor":38},{"not_picked":["Cleave+1","Dual Wield+1","Headbutt"],"picked":"SKIP","floor":41},{"not_picked":["Thunderclap+1","Cleave","Wild Strike+1"],"picked":"SKIP","floor":44},{"not_picked":["Iron Wave+1","Warcry+1"],"picked":"Limit Break","floor":45},{"not_picked":["Sever Soul+1","Shrug It Off"],"picked":"Spot Weakness+1","floor":46},{"not_picked":["Clothesline+1","Reckless Charge","Iron Wave"],"picked":"SKIP","floor":48},{"not_picked":["Heavy Blade","Bludgeon"],"picked":"Headbutt+1","floor":54}],"player_experience":273027,"relics_obtained":[{"floor":6,"key":"Boot"},{"floor":9,"key":"Blood Vial"},{"floor":23,"key":"Tiny Chest"},{"floor":25,"key":"Nunchaku"},{"floor":26,"key":"Darkstone Periapt"},{"floor":36,"key":"Dead Branch"},{"floor":41,"key":"Meat on the Bone"},{"floor":43,"key":"Pen Nib"},{"floor":47,"key":"Strawberry"},{"floor":54,"key":"Paper Frog"}],"event_choices":[{"damage_healed":0,"gold_gain":75,"player_choice":"Gather Gold","damage_taken":11,"max_hp_gain":0,"max_hp_loss":0,"event_name":"World of Goop","floor":3,"gold_loss":0},{"damage_healed":0,"gold_gain":100,"player_choice":"Pray","damage_taken":0,"max_hp_gain":0,"max_hp_loss":0,"event_name":"Golden Shrine","floor":12,"gold_loss":0},{"damage_healed":0,"gold_gain":0,"player_choice":"Read","damage_taken":0,"max_hp_gain":0,"max_hp_loss":0,"event_name":"The Library","floor":21,"gold_loss":0,"cards_obtained":["Flame Barrier"]},{"damage_healed":0,"gold_gain":0,"player_choice":"Joined the Cult","damage_taken":6,"max_hp_gain":0,"max_hp_loss":0,"event_name":"Nest","floor":22,"gold_loss":0,"cards_obtained":["RitualDagger"]},{"damage_healed":0,"gold_gain":0,"player_choice":"Fight","damage_taken":0,"max_hp_gain":0,"max_hp_loss":0,"event_name":"Mysterious Sphere","floor":36,"gold_loss":0}],"is_beta":false,"boss_relics":[{"not_picked":["Black Star","Empty Cage"],"picked":"Orrery"},{"not_picked":["Lizard Tail","Coffee Dripper"],"picked":"Runic Cube"}],"items_purged_floors":[5,19],"is_endless":false,"potions_floor_spawned":[4,16,24,28,29,36,45,46,48,54],"killed_by":"The Heart","ascension_level":2}