{"gold_per_floor":[116,134,145,162,180,180,205,205,205,234,234,234,269,289,289,363,363,383,248,265,275,275,307,307,322,322,322],"floor_reached":27,"playtime":1304,"items_purged":[],"score":446,"play_id":"586dd580-d9b6-49bf-9623-7df86119ac4c","local_time":"20190505135439","is_ascension_mode":true,"campfire_choices":[{"data":"Skewer","floor":6.0,"key":"SMITH"},{"data":"Caltrops","floor":8.0,"key":"SMITH"},{"floor":12.0,"key":"REST"},{"data":"Deadly Poison","floor":15.0,"key":"SMITH"},{"data":"Night Terror","floor":24,"key":"SMITH"}],"neow_cost":"NONE","seed_source_timestamp":0,"circlet_count":0,"master_deck":["AscendersBane","Survivor","Neutralize+1","Skewer+1","Flying Knee","Flying Knee","Caltrops+1","Endless Agony","Backflip","Neutralize","PiercingWail","Deadly Poison+1","Night Terror+1","Unload","Accuracy","Bouncing Flask","Unload","Cloak And Dagger","Calculated Gamble","Blur","Accuracy","Venomology","Outmaneuver","Backflip","Infinite Blades","Blur","Dagger Spray+1","Dodge and Roll","Noxious Fumes+1","Poisoned Stab+1"],"special_seed":0,"relics":["Ring of the Snake","Ninja Scroll","Oddly Smooth Stone","PreservedInsect","Darkstone Periapt","Pandora\u0027s Box","Prayer Wheel","Bottled Flame","Matryoshka"],"potions_floor_usage":[23,23],"damage_taken":[{"damage":0.0,"enemies":"Cultist","floor":1.0,"turns":4.0},{"damage":0.0,"enemies":"Jaw Worm","floor":2.0,"turns":4.0},{"damage":0.0,"enemies":"2 Louse","floor":3.0,"turns":2.0},{"damage":9.0,"enemies":"Lots of Slimes","floor":4.0,"turns":6.0},{"damage":2.0,"enemies":"3 Louse","floor":5.0,"turns":3.0},{"damage":27.0,"enemies":"Lagavulin","floor":7.0,"turns":8.0},{"damage":16.0,"enemies":"Gremlin Nob","floor":10.0,"turns":4.0},{"damage":6.0,"enemies":"3 Sentries","floor":13.0,"turns":4.0},{"damage":1.0,"enemies":"Blue Slaver","floor":14.0,"turns":3.0},{"damage":13.0,"enemies":"Hexaghost","floor":16.0,"turns":9.0},{"damage":5.0,"enemies":"Spheric Guardian","floor":18.0,"turns":3.0},{"damage":0.0,"enemies":"3 Byrds","floor":20.0,"turns":4.0},{"damage":22.0,"enemies":"Centurion and Healer","floor":21.0,"turns":8.0},{"damage":10,"enemies":"Slavers","floor":23,"turns":3},{"damage":12,"enemies":"Snake Plant","floor":25,"turns":4},{"damage":20,"enemies":"Snecko","floor":27,"turns":3}],"seed_played":"-1996533677402258677","potions_obtained":[{"floor":1.0,"key":"SteroidPotion"},{"floor":2.0,"key":"Energy Potion"},{"floor":10.0,"key":"PowerPotion"},{"floor":14.0,"key":"SkillPotion"},{"floor":20.0,"key":"SteroidPotion"}],"is_trial":false,"path_per_floor":["M","M","M","M","M","R","E","R","T","E","?","R","E","M","R","B",null,"M","$","M","M","?","E","R","M","T","M"],"character_chosen":"THE_SILENT","items_purchased":["Infinite Blades","Blur"],"campfire_rested":1,"item_purchase_floors":[19,19],"current_hp_per_floor":[59,59,59,50,48,48,21,21,21,5,5,24,18,17,17,4,51,46,46,46,24,24,14,14,2,2,0],"gold":322,"neow_bonus":"UPGRADE_CARD","is_prod":false,"is_daily":false,"chose_seed":false,"campfire_upgraded":4,"win_rate":0,"timestamp":1557089679,"path_taken":["M","M","M","M","?","R","E","R","T","E","?","R","E","M","R","BOSS","M","$","?","M","?","E","R","M","T","?"],"build_version":"2019-01-23","purchased_purges":0,"victory":false,"max_hp_per_floor":[66,66,66,66,66,66,66,66,66,66,66,66,66,66,66,66,66,66,66,66,66,66,66,66,66,66,66],"card_choices":[{"not_picked":["Setup","Outmaneuver"],"picked":"Skewer","floor":1.0},{"not_picked":["Deflect","Prepared"],"picked":"Flying Knee","floor":2.0},{"not_picked":["Dagger Throw","Slice"],"picked":"Flying Knee","floor":3.0},{"not_picked":["Acrobatics","Outmaneuver"],"picked":"Caltrops","floor":4.0},{"not_picked":["Concentrate","Blade Dance","Predator"],"picked":"SKIP","floor":5.0},{"not_picked":["Calculated Gamble","Slice"],"picked":"Endless Agony","floor":7.0},{"not_picked":["Phantasmal Killer","Sucker Punch"],"picked":"Backflip","floor":10.0},{"not_picked":["Sucker Punch","Finisher"],"picked":"PiercingWail","floor":13.0},{"not_picked":["Dagger Spray","Tactician"],"picked":"Deadly Poison","floor":14.0},{"not_picked":["Tools of the Trade","Phantasmal Killer"],"picked":"Night Terror","floor":16.0},{"not_picked":["Sucker Punch","Finisher+1"],"picked":"Backflip","floor":18.0},{"not_picked":["Flying Knee","Crippling Poison"],"picked":"Dagger Spray+1","floor":20.0},{"not_picked":["Bouncing Flask","Sucker Punch","Burst"],"picked":"SKIP","floor":21.0},{"not_picked":["Quick Slash","Deadly Poison"],"picked":"Dodge and Roll","floor":23},{"not_picked":["PiercingWail","Deflect"],"picked":"Noxious Fumes+1","floor":25},{"not_picked":["All Out Attack+1","Slice"],"picked":"Poisoned Stab+1","floor":25}],"player_experience":398725,"relics_obtained":[{"floor":7.0,"key":"Ninja Scroll"},{"floor":9.0,"key":"Oddly Smooth Stone"},{"floor":10.0,"key":"PreservedInsect"},{"floor":13.0,"key":"Darkstone Periapt"},{"floor":23,"key":"Bottled Flame"},{"floor":26,"key":"Matryoshka"}],"event_choices":[{"damage_healed":0.0,"max_hp_gain":0.0,"max_hp_loss":0.0,"gold_gain":0.0,"event_name":"Match and Keep!","player_choice":"1 cards matched","floor":11.0,"gold_loss":0.0,"damage_taken":0.0,"cards_obtained":["Neutralize"]},{"damage_healed":0.0,"max_hp_gain":0.0,"max_hp_loss":0.0,"gold_gain":0.0,"event_name":"WeMeetAgain","player_choice":"Gave Potion","floor":22.0,"gold_loss":0.0,"damage_taken":0.0,"relics_obtained":["Prayer Wheel"]}],"is_beta":false,"boss_relics":[{"not_picked":["Runic Pyramid","Eternal Feather"],"picked":"Pandora\u0027s Box"}],"items_purged_floors":[],"is_endless":false,"potions_floor_spawned":[1,2,10,14,20],"killed_by":"Snecko","ascension_level":15}