{"gold_per_floor":[109,121,140,150,166,166,196,196,196,196,209,237,249,249],"floor_reached":14,"playtime":687,"items_purged":[],"score":161,"play_id":"aff55dc8-9be5-4587-ac93-c4f5fa4e9c14","local_time":"20190416215648","is_ascension_mode":true,"campfire_choices":[{"data":"Armaments","floor":6,"key":"SMITH"},{"data":"Metallicize","floor":8,"key":"SMITH"}],"neow_cost":"NONE","seed_source_timestamp":297566931612471,"circlet_count":0,"master_deck":["AscendersBane","Strike_R","Strike_R","Strike_R","Strike_R","Defend_R","Defend_R","Defend_R","Defend_R","Bash","Barricade","Cleave","Armaments+1","Spot Weakness","Metallicize+1","Pummel","Juggernaut","Flame Barrier"],"relics":["Burning Blood","Ornamental Fan","Lantern","GremlinMask","Smiling Mask"],"potions_floor_usage":[7,12,12,13,14],"damage_taken":[{"damage":14,"enemies":"Small Slimes","floor":1,"turns":4},{"damage":1,"enemies":"Cultist","floor":2,"turns":3},{"damage":11,"enemies":"2 Louse","floor":3,"turns":3},{"damage":11,"enemies":"Blue Slaver","floor":4,"turns":4},{"damage":19,"enemies":"Gremlin Gang","floor":5,"turns":4},{"damage":30,"enemies":"3 Sentries","floor":7,"turns":7},{"damage":0,"enemies":"Large Slime","floor":11,"turns":9},{"damage":15,"enemies":"Gremlin Nob","floor":12,"turns":5},{"damage":6,"enemies":"Looter","floor":13,"turns":3},{"damage":33,"enemies":"3 Sentries","floor":14,"turns":7}],"seed_played":"270093309608369556","potions_obtained":[{"floor":4,"key":"SkillPotion"},{"floor":5,"key":"Block Potion"},{"floor":11,"key":"Weak Potion"},{"floor":12,"key":"Regen Potion"},{"floor":13,"key":"Poison Potion"}],"is_trial":false,"path_per_floor":["M","M","M","M","M","R","E","R","T","?","M","E","M","E"],"character_chosen":"IRONCLAD","items_purchased":[],"campfire_rested":0,"item_purchase_floors":[],"current_hp_per_floor":[64,69,64,59,46,46,22,22,22,22,28,19,31,0],"gold":249,"neow_bonus":"TRANSFORM_CARD","is_prod":false,"is_daily":false,"chose_seed":false,"campfire_upgraded":2,"win_rate":0,"timestamp":1555477008,"path_taken":["M","M","M","M","M","R","E","R","T","?","?","E","M","E"],"build_version":"2019-01-23","purchased_purges":0,"victory":false,"max_hp_per_floor":[80,80,80,80,80,80,80,80,80,80,80,80,80,80],"card_choices":[{"not_picked":["Armaments","Pommel Strike"],"picked":"Cleave","floor":1},{"not_picked":["Iron Wave","Evolve"],"picked":"Armaments","floor":2},{"not_picked":["Armaments","True Grit"],"picked":"Spot Weakness","floor":3},{"not_picked":["Heavy Blade","Perfected Strike"],"picked":"Metallicize","floor":4},{"not_picked":["Cleave","Pommel Strike"],"picked":"Pummel","floor":5},{"not_picked":["Evolve","Rage","Seeing Red"],"picked":"SKIP","floor":7},{"not_picked":["Clothesline","Flex"],"picked":"Juggernaut","floor":11},{"not_picked":["Blood for Blood","Evolve","Seeing Red"],"picked":"SKIP","floor":12},{"not_picked":["Shockwave","Iron Wave"],"picked":"Flame Barrier","floor":13}],"player_experience":246559,"relics_obtained":[{"floor":7,"key":"Ornamental Fan"},{"floor":9,"key":"Lantern"},{"floor":12,"key":"Smiling Mask"}],"event_choices":[{"damage_healed":0,"gold_gain":0,"player_choice":"Trade","damage_taken":0,"relics_obtained":["GremlinMask"],"max_hp_gain":0,"max_hp_loss":0,"event_name":"FaceTrader","floor":10,"gold_loss":0}],"is_beta":false,"boss_relics":[],"items_purged_floors":[],"is_endless":false,"potions_floor_spawned":[4,5,11,12,13],"killed_by":"3 Sentries","ascension_level":11}