{"gold_per_floor":[113,127,6,6,181,181,193,193,193,193,293,322,335,345,345,449,449,462,26,26,26,26,26,38,38,38,49,49,59,59,79,79,183,183,196,0,19,19,1018,1018,1018],"floor_reached":41,"playtime":1103,"items_purged":[],"score":432,"play_id":"c0cd199a-d375-4570-b4cf-74514721030a","local_time":"20190102224252","is_ascension_mode":true,"campfire_choices":[{"data":"Defragment","floor":6,"key":"SMITH"},{"floor":8,"key":"REST"},{"data":"Zap","floor":10,"key":"SMITH"},{"floor":15,"key":"REST"},{"data":"1","floor":23,"key":"LIFT"},{"floor":25,"key":"REST"},{"floor":30,"key":"REST"},{"floor":32,"key":"REST"},{"floor":40,"key":"RECALL"}],"neow_cost":"NONE","seed_source_timestamp":432399135171986,"circlet_count":0,"master_deck":["Zap+1","Dualcast+1","Ball Lightning","Defragment+1","Loop+1","Sweeping Beam","Static Discharge","Redo","Stack","Electrodynamics","Capacitor","Capacitor","Cold Snap","Scrape","Double Energy","Reprogram","Machine Learning","Recycle","Auto Shields","Writhe","BootSequence","Undo+1","Conserve Battery","Seek","Auto Shields+1","Beam Cell+1","Normality","Normality"],"relics":["Cracked Core","Pen Nib","Pandora\u0027s Box","Girya","Question Card","Spirit Poop","Symbiotic Virus","Nloth\u0027s Gift","Nuclear Battery","Red Mask"],"potions_floor_usage":[12,12,16,16,27,33],"damage_taken":[{"damage":0,"enemies":"Small Slimes","floor":1,"turns":2},{"damage":1,"enemies":"Jaw Worm","floor":2,"turns":2},{"damage":6,"enemies":"2 Louse","floor":7,"turns":2},{"damage":18,"enemies":"3 Sentries","floor":12,"turns":4},{"damage":15,"enemies":"Exordium Thugs","floor":13,"turns":4},{"damage":20,"enemies":"Exordium Wildlife","floor":14,"turns":4},{"damage":24,"enemies":"Slime Boss","floor":16,"turns":5},{"damage":29,"enemies":"Shell Parasite","floor":18,"turns":5},{"damage":10,"enemies":"3 Byrds","floor":24,"turns":2},{"damage":12,"enemies":"3 Cultists","floor":27,"turns":3},{"damage":5,"enemies":"Chosen and Byrds","floor":29,"turns":4},{"damage":15,"enemies":"Cultist and Chosen","floor":31,"turns":6},{"damage":43,"enemies":"Champ","floor":33,"turns":11},{"damage":0,"enemies":"3 Shapes","floor":35,"turns":4},{"damage":20,"enemies":"Orb Walker","floor":37,"turns":3},{"damage":66,"enemies":"Reptomancer","floor":41,"turns":3}],"seed_played":"-5947366684861569922","potions_obtained":[{"floor":2,"key":"SteroidPotion"},{"floor":7,"key":"FocusPotion"},{"floor":13,"key":"FocusPotion"},{"floor":29,"key":"SteroidPotion"},{"floor":33,"key":"SpeedPotion"},{"floor":37,"key":"Dexterity Potion"}],"is_trial":false,"path_per_floor":["M","M","$","?","?","R","M","R","T","R","?","E","M","M","R","B",null,"M","$","?","?","$","R","M","R","T","M","?","M","R","M","R","B",null,"M","?","M","$","?","R","E"],"character_chosen":"DEFECT","items_purchased":["Loop","AttackPotion","Girya","Energy Potion","FocusPotion"],"campfire_rested":5,"item_purchase_floors":[3,3,19,19,19],"current_hp_per_floor":[82,81,81,65,65,65,59,82,82,82,82,64,49,29,53,29,82,53,53,53,53,53,53,43,67,67,55,55,50,74,59,82,39,82,82,82,62,62,62,62,0],"gold":1018,"neow_bonus":"TEN_PERCENT_HP_BONUS","is_prod":false,"is_daily":false,"chose_seed":false,"campfire_upgraded":2,"win_rate":0,"timestamp":1546497772,"path_taken":["M","M","$","?","?","R","M","R","T","R","?","E","M","M","R","BOSS","M","$","?","?","$","R","M","R","T","?","?","M","R","?","R","BOSS","M","?","M","$","?","R","E"],"build_version":"2018-12-20","purchased_purges":0,"victory":false,"max_hp_per_floor":[82,82,82,82,82,82,82,82,82,82,82,82,82,82,82,82,82,82,82,82,82,82,82,82,82,82,82,82,82,82,82,82,82,82,82,82,82,82,82,82,82],"card_choices":[{"not_picked":["Steam","Glacier"],"picked":"Ball Lightning","floor":1},{"not_picked":["Sweeping Beam","Hello World"],"picked":"Defragment","floor":2},{"not_picked":["Hello World","Compile Driver"],"picked":"Sweeping Beam","floor":7},{"not_picked":["Compile Driver","Reboot"],"picked":"Static Discharge","floor":12},{"not_picked":["Stack","Storm"],"picked":"Redo","floor":13},{"not_picked":["Sweeping Beam","Steam"],"picked":"Stack","floor":14},{"not_picked":["Creative AI","Fission"],"picked":"Electrodynamics","floor":16},{"not_picked":["Steam Power","Beam Cell"],"picked":"Auto Shields","floor":18},{"not_picked":["Steam","Rip and Tear","Sweeping Beam"],"picked":"BootSequence","floor":24},{"not_picked":["Coolheaded","Self Repair","Sweeping Beam+1","Streamline"],"picked":"SKIP","floor":27},{"not_picked":["Glacier","Go for the Eyes+1","Conserve Battery"],"picked":"Undo+1","floor":29},{"not_picked":["Sweeping Beam+1","Stack","Beam Cell+1"],"picked":"Conserve Battery","floor":31},{"not_picked":["Hyperbeam","Reboot","Machine Learning"],"picked":"Seek","floor":33},{"not_picked":["Streamline","Rip and Tear+1","Stack+1"],"picked":"Auto Shields+1","floor":35},{"not_picked":["Go for the Eyes","Reprogram","Barrage"],"picked":"Beam Cell+1","floor":37}],"player_experience":327791,"relics_obtained":[{"floor":9,"key":"Ice Cream"},{"floor":12,"key":"Pen Nib"},{"floor":26,"key":"Symbiotic Virus"}],"event_choices":[{"damage_healed":0,"gold_gain":0,"player_choice":"Entered Light","damage_taken":16,"max_hp_gain":0,"max_hp_loss":0,"event_name":"Shining Light","floor":4,"gold_loss":0,"cards_upgraded":["Loop","Dualcast"]},{"damage_healed":0,"gold_gain":175,"player_choice":"AGREE","damage_taken":0,"max_hp_gain":0,"max_hp_loss":0,"event_name":"Liars Game","floor":5,"gold_loss":0,"cards_obtained":["Doubt"]},{"damage_healed":0,"gold_gain":100,"player_choice":"Pray","damage_taken":0,"max_hp_gain":0,"max_hp_loss":0,"event_name":"Golden Shrine","floor":11,"gold_loss":0},{"damage_healed":0,"gold_gain":0,"player_choice":"Opened","damage_taken":0,"relics_obtained":["Question Card"],"max_hp_gain":0,"max_hp_loss":0,"event_name":"The Mausoleum","floor":20,"gold_loss":0,"cards_obtained":["Writhe"]},{"cards_removed":["Doubt"],"damage_healed":0,"gold_gain":0,"player_choice":"Offered Curse","damage_taken":0,"relics_obtained":["Spirit Poop"],"max_hp_gain":0,"max_hp_loss":0,"event_name":"Bonfire Elementals","floor":21,"gold_loss":0},{"damage_healed":0,"gold_gain":0,"player_choice":"Traded Relic","damage_taken":0,"relics_obtained":["Nloth\u0027s Gift"],"max_hp_gain":0,"max_hp_loss":0,"event_name":"N\u0027loth","floor":28,"relics_lost":["Ice Cream"],"gold_loss":0},{"damage_healed":0,"gold_gain":0,"player_choice":"Paid","damage_taken":0,"relics_obtained":["Red Mask"],"max_hp_gain":0,"max_hp_loss":0,"event_name":"Tomb of Lord Red Mask","floor":36,"gold_loss":196},{"damage_healed":0,"gold_gain":999,"player_choice":"Gold","damage_taken":0,"max_hp_gain":0,"max_hp_loss":0,"event_name":"MindBloom","floor":39,"gold_loss":0,"cards_obtained":["Normality","Normality"]}],"is_beta":false,"boss_relics":[{"not_picked":["Astrolabe","Velvet Choker"],"picked":"Pandora\u0027s Box"},{"not_picked":["Orrery","Sozu"],"picked":"Nuclear Battery"}],"items_purged_floors":[],"is_endless":false,"potions_floor_spawned":[2,7,13,29,33,37],"killed_by":"Reptomancer","ascension_level":1}