{"gold_per_floor":[110,44,61,38,38,38,38,38,38,64,64,23,23,57,57,57],"floor_reached":16,"playtime":357,"items_purged":[],"score":140,"play_id":"99cd9dc2-3c84-4719-b5a4-daea416368bf","local_time":"20190420191012","is_ascension_mode":true,"campfire_choices":[{"data":"Zap","floor":6,"key":"SMITH"},{"data":"Genetic Algorithm","floor":8,"key":"SMITH"},{"data":"Defragment","floor":11,"key":"SMITH"},{"floor":15,"key":"REST"}],"neow_cost":"NONE","seed_source_timestamp":640415277376807,"circlet_count":0,"master_deck":["Strike_B","Strike_B","Strike_B","Strike_B","Defend_B","Defend_B","Defend_B","Defend_B","Zap+1","Dualcast","Meteor Strike","Genetic Algorithm+1","Ball Lightning","Conserve Battery","Defragment+1","Turbo","Self Repair"],"relics":["Cracked Core","Mummified Hand","Ginger","The Courier","Blue Candle","Incense Burner"],"potions_floor_usage":[16],"damage_taken":[{"damage":2,"enemies":"2 Louse","floor":1,"turns":3},{"damage":0,"enemies":"Cultist","floor":3,"turns":3},{"damage":23,"enemies":"Lagavulin","floor":10,"turns":7},{"damage":22,"enemies":"Gremlin Nob","floor":14,"turns":4},{"damage":36,"enemies":"The Guardian","floor":16,"turns":9}],"seed_played":"-5106173552458745677","potions_obtained":[{"floor":14,"key":"Explosive Potion"}],"is_trial":false,"path_per_floor":["M","?","M","$","$","R","?","R","T","E","R","$","?","E","R","B"],"character_chosen":"DEFECT","items_purchased":["Conserve Battery","Turbo"],"campfire_rested":1,"item_purchase_floors":[4,12],"current_hp_per_floor":[66,66,66,66,66,66,59,59,59,36,36,36,36,14,36,0],"gold":57,"neow_bonus":"ONE_RANDOM_RARE_CARD","is_prod":false,"is_daily":false,"chose_seed":false,"campfire_upgraded":3,"win_rate":0,"timestamp":1555755012,"path_taken":["M","?","?","?","$","R","?","R","T","E","R","?","?","E","R","BOSS"],"build_version":"2019-01-23","purchased_purges":0,"victory":false,"max_hp_per_floor":[75,75,75,75,75,75,75,75,75,75,75,75,75,75,75,75],"card_choices":[{"not_picked":["Stack","Rip and Tear"],"picked":"Genetic Algorithm","floor":1},{"not_picked":["Genetic Algorithm","Go for the Eyes"],"picked":"Ball Lightning","floor":3},{"not_picked":["Melter","Steam Power"],"picked":"Defragment","floor":10},{"not_picked":["Doom and Gloom","Conserve Battery"],"picked":"Self Repair","floor":14}],"player_experience":370855,"relics_obtained":[{"floor":9,"key":"The Courier"},{"floor":10,"key":"Blue Candle"},{"floor":14,"key":"Incense Burner"}],"event_choices":[{"damage_healed":0,"gold_gain":0,"player_choice":"Paid Gold","damage_taken":0,"relics_obtained":["Mummified Hand"],"max_hp_gain":0,"max_hp_loss":0,"event_name":"WeMeetAgain","floor":2,"gold_loss":66},{"damage_healed":0,"gold_gain":0,"player_choice":"Success","damage_taken":7,"relics_obtained":["Ginger"],"max_hp_gain":0,"max_hp_loss":0,"event_name":"Scrap Ooze","floor":7,"gold_loss":0},{"damage_healed":0,"gold_gain":0,"player_choice":"Searched \u00270\u0027 times","damage_taken":0,"max_hp_gain":0,"max_hp_loss":0,"event_name":"Dead Adventurer","floor":13,"gold_loss":0}],"is_beta":false,"boss_relics":[],"items_purged_floors":[],"is_endless":false,"potions_floor_spawned":[14],"killed_by":"The Guardian","ascension_level":7}