{"gold_per_floor":[112,130,7,25,25,25,40,40,118,145,45,77,77,87,87,184,184,195,295,278,292,292,292,324,324,324,324,341,371,371,46,46,148,148,167,167,105,120,137,137,152,152,152,152,183,199,214,22,22,22],"floor_reached":51,"playtime":6520,"items_purged":["Strike_G","Strike_G","Strike_G"],"score":942,"play_id":"774d0e38-0360-46b0-8b98-f080d0aae911","local_time":"20190503104802","is_ascension_mode":true,"campfire_choices":[{"data":"Deadly Poison","floor":6,"key":"SMITH"},{"data":"Well Laid Plans","floor":8,"key":"SMITH"},{"floor":15,"key":"REST"},{"floor":23,"key":"REST"},{"data":"Dash","floor":25,"key":"SMITH"},{"floor":32,"key":"REST"},{"data":"1","floor":40,"key":"LIFT"},{"data":"Eviscerate","floor":42,"key":"SMITH"},{"floor":44,"key":"REST"},{"data":"A Thousand Cuts","floor":49,"key":"SMITH"}],"neow_cost":"NONE","seed_source_timestamp":1268704093353200,"circlet_count":0,"master_deck":["Defend_G","Defend_G","Defend_G","Defend_G","Strike_G","Survivor","Neutralize+1","PiercingWail","PiercingWail","Deadly Poison+1","Footwork","Well Laid Plans+1","Dash+1","Outmaneuver","Flying Knee+1","Night Terror","Eviscerate+1","Backflip+1","Backflip","Dodge and Roll","Poisoned Stab+1","Prepared+1","Eviscerate","A Thousand Cuts+1","Riddle With Holes+1","Writhe","Footwork","Acrobatics+1","Skewer+1","Writhe","Blur","Reflex+1"],"relics":["Ring of the Snake","FaceOfCleric","Ornamental Fan","Happy Flower","Paper Crane","Meat on the Bone","Snecko Eye","Whetstone","Blue Candle","Red Mask","Calipers","Centennial Puzzle","Cursed Key","Girya","Dodecahedron","The Courier","Pantograph"],"potions_floor_usage":[24,24,24,29,50,50],"damage_taken":[{"damage":0,"enemies":"Small Slimes","floor":1,"turns":4},{"damage":0,"enemies":"Cultist","floor":2,"turns":4},{"damage":1,"enemies":"Jaw Worm","floor":4,"turns":4},{"damage":3,"enemies":"Looter","floor":7,"turns":4},{"damage":18,"enemies":"Lagavulin","floor":10,"turns":8},{"damage":14,"enemies":"3 Sentries","floor":12,"turns":16},{"damage":0,"enemies":"Red Slaver","floor":14,"turns":5},{"damage":33,"enemies":"Slime Boss","floor":16,"turns":16},{"damage":0,"enemies":"Chosen","floor":18,"turns":5},{"damage":1,"enemies":"2 Thieves","floor":20,"turns":4},{"damage":11,"enemies":"Centurion and Healer","floor":21,"turns":9},{"damage":34,"enemies":"Gremlin Leader","floor":24,"turns":9},{"damage":3,"enemies":"Snake Plant","floor":28,"turns":4},{"damage":20,"enemies":"Masked Bandits","floor":29,"turns":5},{"damage":35,"enemies":"Collector","floor":33,"turns":8},{"damage":7,"enemies":"Orb Walker","floor":35,"turns":4},{"damage":12,"enemies":"3 Darklings","floor":38,"turns":6},{"damage":12,"enemies":"Jaw Worm Horde","floor":39,"turns":5},{"damage":27,"enemies":"Maw","floor":41,"turns":7},{"damage":12,"enemies":"Reptomancer","floor":45,"turns":4},{"damage":2,"enemies":"Sphere and 2 Shapes","floor":46,"turns":6},{"damage":3,"enemies":"4 Shapes","floor":47,"turns":5},{"damage":47,"enemies":"Awakened One","floor":50,"turns":14}],"seed_played":"3499873905536960410","potions_obtained":[{"floor":2,"key":"SpeedPotion"},{"floor":7,"key":"FearPotion"},{"floor":12,"key":"SkillPotion"},{"floor":14,"key":"Weak Potion"},{"floor":18,"key":"Poison Potion"},{"floor":28,"key":"Strength Potion"},{"floor":29,"key":"GhostInAJar"},{"floor":41,"key":"Ancient Potion"},{"floor":47,"key":"SpeedPotion"}],"is_trial":false,"path_per_floor":["?","$","T","?","M","?","?","?","T","?","?","M"],"character_chosen":"THE_SILENT","items_purchased":["Deadly Poison","Centennial Puzzle","SkillPotion","Pantograph"],"campfire_rested":4,"item_purchase_floors":[3,31,31,48],"current_hp_per_floor":[63,63,63,62,62,62,60,60,60,43,43,30,30,43,65,45,68,69,69,69,59,59,78,45,45,45,45,43,36,36,36,60,38,71,65,83,83,72,61,61,47,47,47,72,61,60,58,58,58,49],"gold":22,"neow_bonus":"UPGRADE_CARD","is_prod":false,"is_daily":false,"chose_seed":false,"campfire_upgraded":5,"win_rate":0,"timestamp":1556902082,"path_taken":["M","M","$","M","?","R","M","R","T","E","?","E","?","M","R","BOSS","M","?","M","?","?","R","E","R","T","?","M","?","?","$","R","BOSS","M","?","?","M","M","R","M","R","T","R","E","M","?","$","R","BOSS"],"build_version":"2019-01-23","purchased_purges":3,"victory":true,"max_hp_per_floor":[70,70,70,70,70,70,71,71,71,72,72,73,73,74,74,75,75,76,76,77,78,78,78,79,79,79,79,80,81,81,81,81,82,82,83,83,83,84,85,85,86,86,86,86,87,88,89,89,89,90],"card_choices":[{"not_picked":["Slice","Sucker Punch"],"picked":"PiercingWail","floor":1},{"not_picked":["Bane","Sucker Punch"],"picked":"PiercingWail","floor":2},{"not_picked":["Bouncing Flask","Underhanded Strike"],"picked":"Footwork","floor":4},{"not_picked":["Leg Sweep","All Out Attack"],"picked":"Well Laid Plans","floor":7},{"not_picked":["Outmaneuver","Slice"],"picked":"Dash","floor":10},{"not_picked":["Tactician","Acrobatics"],"picked":"Outmaneuver","floor":12},{"not_picked":["Prepared","Tactician"],"picked":"Flying Knee","floor":14},{"not_picked":["Adrenaline","Grand Finale"],"picked":"Night Terror","floor":16},{"not_picked":["Escape Plan+1","Bane+1"],"picked":"Eviscerate","floor":18},{"not_picked":["Deadly Poison","Bane"],"picked":"Backflip+1","floor":20},{"not_picked":["Accuracy","Blade Dance"],"picked":"Backflip","floor":21},{"not_picked":["Deflect+1","Accuracy"],"picked":"Prepared+1","floor":24},{"not_picked":["Poisoned Stab","Quick Slash","Dodge and Roll"],"picked":"SKIP","floor":28},{"not_picked":["Calculated Gamble","Infinite Blades"],"picked":"Eviscerate","floor":29},{"not_picked":["After Image","Phantasmal Killer"],"picked":"A Thousand Cuts","floor":33},{"not_picked":["Deadly Poison+1","PiercingWail+1"],"picked":"Riddle With Holes+1","floor":35},{"not_picked":["Bane+1","Concentrate+1"],"picked":"Footwork","floor":38},{"not_picked":["All Out Attack","Blade Dance"],"picked":"Acrobatics+1","floor":39},{"not_picked":["Poisoned Stab+1","Cloak And Dagger"],"picked":"Skewer+1","floor":41},{"not_picked":["All Out Attack","Deadly Poison"],"picked":"Blur","floor":45},{"not_picked":["Deadly Poison","Poisoned Stab","Flying Knee+1"],"picked":"SKIP","floor":46},{"not_picked":["Setup","Infinite Blades"],"picked":"Reflex+1","floor":47}],"player_experience":628737,"relics_obtained":[{"floor":9,"key":"Ornamental Fan"},{"floor":10,"key":"Happy Flower"},{"floor":12,"key":"Paper Crane"},{"floor":13,"key":"Meat on the Bone"},{"floor":24,"key":"Whetstone"},{"floor":26,"key":"Blue Candle"},{"floor":29,"key":"Red Mask"},{"floor":30,"key":"Calipers"},{"floor":43,"key":"Dodecahedron"},{"floor":45,"key":"The Courier"}],"event_choices":[{"damage_healed":0,"gold_gain":0,"player_choice":"Trade","damage_taken":0,"relics_obtained":["FaceOfCleric"],"max_hp_gain":0,"max_hp_loss":0,"event_name":"FaceTrader","floor":5,"gold_loss":0},{"damage_healed":0,"gold_gain":100,"player_choice":"Pray","damage_taken":0,"max_hp_gain":0,"max_hp_loss":0,"event_name":"Golden Shrine","floor":19,"gold_loss":0},{"damage_healed":0,"gold_gain":0,"cards_transformed":["Strike_G","Defend_G"],"player_choice":"Became Test Subject","damage_taken":0,"max_hp_gain":0,"max_hp_loss":0,"event_name":"Drug Dealer","floor":22,"gold_loss":0,"cards_obtained":["Dodge and Roll","Poisoned Stab"]},{"damage_healed":0,"gold_gain":0,"player_choice":"Ignored","damage_taken":0,"max_hp_gain":0,"max_hp_loss":0,"event_name":"Cursed Tome","floor":27,"gold_loss":0},{"damage_healed":0,"gold_gain":0,"player_choice":"Fought Bandits","damage_taken":0,"max_hp_gain":0,"max_hp_loss":0,"event_name":"Masked Bandits","floor":29,"gold_loss":0},{"damage_healed":21,"gold_gain":0,"player_choice":"Writhe","damage_taken":0,"max_hp_gain":0,"max_hp_loss":0,"event_name":"Winding Halls","floor":36,"gold_loss":0,"cards_obtained":["Writhe"]},{"damage_healed":0,"gold_gain":0,"player_choice":"Paid Gold","damage_taken":0,"relics_obtained":["Girya"],"max_hp_gain":0,"max_hp_loss":0,"event_name":"WeMeetAgain","floor":37,"gold_loss":62}],"is_beta":false,"boss_relics":[{"not_picked":["Velvet Choker","Empty Cage"],"picked":"Snecko Eye"},{"not_picked":["Lizard Tail","Runic Pyramid"],"picked":"Cursed Key"}],"items_purged_floors":[3,11,31],"is_endless":false,"potions_floor_spawned":[2,7,12,14,18,28,29,41,45,47],"ascension_level":8}