{"gold_per_floor":[112,130,49,60,135,170,170,170,170,187,213,233,233,247,247,343,343,353,373,388,388],"floor_reached":21,"playtime":1005,"items_purged":[],"score":183,"play_id":"7d3a831b-328c-43d0-b592-994275756e05","local_time":"20181113123743","is_ascension_mode":false,"campfire_choices":[{"floor":7,"key":"REST"},{"floor":13,"key":"REST"},{"floor":15,"key":"REST"}],"neow_cost":"NONE","seed_source_timestamp":126991471781611,"circlet_count":0,"master_deck":["Strike_B","Strike_B","Strike_B","Strike_B","Defend_B","Defend_B","Defend_B","Defend_B","Zap","Dualcast","Barrage","Defragment","Static Discharge","Ball Lightning","Barrage","Turbo","Thunder Strike"],"relics":["Cracked Core","NeowsBlessing","Bag of Preparation","Letter Opener","Odd Mushroom","Sozu"],"potions_floor_usage":[6,18,20],"damage_taken":[{"damage":0,"enemies":"Small Slimes","floor":1,"turns":1},{"damage":0,"enemies":"2 Louse","floor":2,"turns":1},{"damage":0,"enemies":"Jaw Worm","floor":4,"turns":1},{"damage":21,"enemies":"Lagavulin","floor":6,"turns":7},{"damage":2,"enemies":"2 Fungi Beasts","floor":10,"turns":3},{"damage":21,"enemies":"The Mushroom Lair","floor":11,"turns":3},{"damage":10,"enemies":"Lots of Slimes","floor":12,"turns":3},{"damage":5,"enemies":"Looter","floor":14,"turns":2},{"damage":63,"enemies":"The Guardian","floor":16,"turns":8},{"damage":15,"enemies":"Spheric Guardian","floor":18,"turns":3},{"damage":12,"enemies":"Chosen","floor":19,"turns":4},{"damage":27,"enemies":"Snake Plant","floor":20,"turns":4},{"damage":31,"enemies":"Shelled Parasite and Fungi","floor":21,"turns":3}],"seed_played":"8614855648398454908","potions_obtained":[{"floor":4,"key":"LiquidBronze"},{"floor":11,"key":"Ancient Potion"},{"floor":14,"key":"Ancient Potion"}],"is_trial":false,"path_per_floor":["M","M","$","M","?","E","R","?","T","M","?","M","R","M","R","B",null,"M","M","M","M"],"character_chosen":"DEFECT","items_purchased":["Defragment"],"campfire_rested":3,"item_purchase_floors":[3],"current_hp_per_floor":[75,75,75,75,64,43,65,65,65,63,42,32,54,49,71,8,75,60,48,21,0],"gold":388,"neow_bonus":"THREE_ENEMY_KILL","is_prod":false,"is_daily":false,"chose_seed":false,"campfire_upgraded":0,"win_rate":0.0,"timestamp":1542109063,"path_taken":["M","M","$","M","?","E","R","?","T","M","?","?","R","M","R","BOSS","M","M","M","M"],"build_version":"2018-11-08","purchased_purges":0,"victory":false,"max_hp_per_floor":[75,75,75,75,75,75,75,75,75,75,75,75,75,75,75,75,75,75,75,75,75],"card_choices":[{"not_picked":["Go for the Eyes","Sweeping Beam"],"picked":"Barrage","floor":1},{"not_picked":["Compile Driver","Stack","Streamline"],"picked":"SKIP","floor":2},{"not_picked":["Skim","Turbo"],"picked":"Static Discharge","floor":4},{"not_picked":["Amplify","Cold Snap"],"picked":"Ball Lightning","floor":6},{"not_picked":["Stack","Steam Power"],"picked":"Barrage","floor":10},{"not_picked":["Gash","Ball Lightning"],"picked":"Turbo","floor":12},{"not_picked":["Cold Snap","Conserve Battery","Double Energy"],"picked":"SKIP","floor":14},{"not_picked":["Fission","Amplify"],"picked":"Thunder Strike","floor":16},{"not_picked":["Sweeping Beam","Rebound","Cold Snap"],"picked":"SKIP","floor":18},{"not_picked":["Coolheaded","Scrape","Compile Driver"],"picked":"SKIP","floor":19},{"not_picked":["Conserve Battery","Recycle","Streamline"],"picked":"SKIP","floor":20}],"player_experience":198226,"relics_obtained":[{"floor":6,"key":"Bag of Preparation"},{"floor":9,"key":"Letter Opener"},{"floor":11,"key":"Odd Mushroom"}],"event_choices":[{"damage_healed":0,"gold_gain":75,"player_choice":"Gather Gold","damage_taken":11,"max_hp_gain":0,"max_hp_loss":0,"event_name":"World of Goop","floor":5,"gold_loss":0},{"damage_healed":0,"gold_gain":0,"player_choice":"Ignored","damage_taken":0,"max_hp_gain":0,"max_hp_loss":0,"event_name":"Liars Game","floor":8,"gold_loss":0},{"damage_healed":0,"gold_gain":0,"player_choice":"Fought Mushrooms","damage_taken":0,"max_hp_gain":0,"max_hp_loss":0,"event_name":"Mushrooms","floor":11,"gold_loss":0}],"is_beta":false,"boss_relics":[{"not_picked":["Coffee Dripper","Cursed Key"],"picked":"Sozu"}],"items_purged_floors":[],"is_endless":false,"potions_floor_spawned":[4,11,14,19],"killed_by":"Shelled Parasite and Fungi","ascension_level":0}