{"gold_per_floor":[212,487,506,681,337,337,368,368,422,434,460,506,588,625,637,754,766,797,823,835,847,859,897,934,965,1030,1071,1083,1020,471,487,487,591,591,610,557,575,507,523,556,556,556,556,587,602,619,619,648,648,648],"floor_reached":51,"playtime":3456,"items_purged":["Regret","Dualcast"],"score":1020,"play_id":"e4bbefee-5c4c-4911-9070-66ddaef4b6c3","local_time":"20190417003042","is_ascension_mode":true,"campfire_choices":[{"data":"Defragment","floor":6,"key":"SMITH"},{"data":"Coolheaded","floor":8,"key":"SMITH"},{"data":"Hologram","floor":10,"key":"SMITH"},{"data":"Chill","floor":15,"key":"SMITH"},{"data":"Auto Shields","floor":32,"key":"SMITH"},{"data":"Defragment","floor":42,"key":"SMITH"},{"data":"Creative AI","floor":49,"key":"SMITH"}],"neow_cost":"NONE","seed_source_timestamp":609457553945300,"circlet_count":0,"master_deck":["Strike_B","Strike_B","Strike_B","Defend_B","Defend_B","Defend_B","Defend_B","Zap","Cold Snap","Defragment+1","Glacier","Coolheaded+1","Hologram+1","Cold Snap","Steam","Chill+1","Amplify","Turbo","Sunder+1","Sunder","Beam Cell","Auto Shields+1","Core Surge","White Noise+1","Conserve Battery","Steam","Defragment+1","Capacitor+1","Coolheaded+1","Barrage","Creative AI+1"],"relics":["FrozenCore","PreservedInsect","Mercury Hourglass","MawBank","WingedGreaves","Meat on the Bone","Potion Belt","Black Star","Enchiridion","Ginger","Pen Nib","Pocketwatch","Bag of Preparation","Pantograph","Bottled Flame","Bottled Tornado","Runic Capacitor","Blood Vial","Lantern","Bird Faced Urn","Dream Catcher","Pear","Strawberry","Letter Opener"],"potions_floor_usage":[14,14,18,24,40],"damage_taken":[{"damage":6,"enemies":"Cultist","floor":1,"turns":4},{"damage":5,"enemies":"2 Louse","floor":3,"turns":3},{"damage":0,"enemies":"3 Sentries","floor":7,"turns":9},{"damage":2,"enemies":"Jaw Worm","floor":11,"turns":4},{"damage":0,"enemies":"Lagavulin","floor":12,"turns":7},{"damage":0,"enemies":"Gremlin Nob","floor":14,"turns":3},{"damage":22,"enemies":"The Guardian","floor":16,"turns":17},{"damage":4,"enemies":"3 Byrds","floor":18,"turns":6},{"damage":0,"enemies":"Chosen","floor":19,"turns":6},{"damage":1,"enemies":"Book of Stabbing","floor":23,"turns":5},{"damage":29,"enemies":"Gremlin Leader","floor":24,"turns":7},{"damage":0,"enemies":"Centurion and Healer","floor":25,"turns":8},{"damage":10,"enemies":"Book of Stabbing","floor":27,"turns":7},{"damage":0,"enemies":"Snecko","floor":31,"turns":6},{"damage":36,"enemies":"Champ","floor":33,"turns":14},{"damage":0,"enemies":"3 Darklings","floor":35,"turns":7},{"damage":0,"enemies":"3 Shapes","floor":37,"turns":2},{"damage":0,"enemies":"Jaw Worm Horde","floor":39,"turns":6},{"damage":0,"enemies":"Reptomancer","floor":40,"turns":6},{"damage":20,"enemies":"Giant Head","floor":44,"turns":10},{"damage":10,"enemies":"Transient","floor":45,"turns":5},{"damage":9,"enemies":"Writhing Mass","floor":46,"turns":6},{"damage":13,"enemies":"Reptomancer","floor":48,"turns":8},{"damage":14,"enemies":"Donu and Deca","floor":50,"turns":13}],"seed_played":"3721302575374641678","potions_obtained":[{"floor":11,"key":"LiquidBronze"},{"floor":12,"key":"SteroidPotion"},{"floor":16,"key":"Block Potion"},{"floor":23,"key":"SkillPotion"},{"floor":31,"key":"SneckoOil"},{"floor":33,"key":"Weak Potion"},{"floor":35,"key":"SpeedPotion"},{"floor":40,"key":"Poison Potion"},{"floor":45,"key":"AttackPotion"},{"floor":48,"key":"Ancient Potion"}],"is_trial":false,"path_per_floor":["M","?","M","?","$","R","E","R","T","R","M","E","T","E","R","B",null,"M","M","?","?","$","E","E","M","T","E","$","?","$","M","R","B",null,"M","$","M","$","M","E","?","R","T","E","M","M","$","E","R","B",null],"character_chosen":"DEFECT","items_purchased":["Glacier","Coolheaded","PreservedInsect","Bottled Tornado","Runic Capacitor","Conserve Battery","Defragment"],"campfire_rested":0,"item_purchase_floors":[5,5,5,30,30,36,38],"current_hp_per_floor":[69,69,64,64,64,64,64,64,64,64,62,62,62,62,62,40,75,71,71,71,55,55,54,37,49,49,39,39,39,39,39,39,40,75,75,75,75,75,75,75,75,75,75,67,73,78,78,83,83,92],"gold":648,"neow_bonus":"HUNDRED_GOLD","is_prod":false,"is_daily":false,"chose_seed":false,"campfire_upgraded":7,"win_rate":0,"timestamp":1555453842,"path_taken":["M","?","?","?","$","R","E","R","T","R","M","E","?","E","R","BOSS","M","M","?","?","?","E","E","?","T","E","$","?","$","M","R","BOSS","M","$","M","$","M","E","?","R","T","E","?","M","?","E","R","BOSS"],"build_version":"2019-01-23","purchased_purges":2,"victory":true,"max_hp_per_floor":[75,75,75,75,75,75,75,75,75,75,75,75,75,75,75,75,75,75,75,75,75,75,75,75,75,75,75,75,75,75,75,75,75,75,75,75,75,75,75,75,75,75,75,85,85,85,85,92,92,92],"card_choices":[{"not_picked":["Heatsinks","Rip and Tear"],"picked":"Cold Snap","floor":1},{"not_picked":["Steam Power","Self Repair"],"picked":"Defragment","floor":3},{"not_picked":["Biased Cognition","Buffer"],"picked":"Hologram","floor":7},{"not_picked":["Gash","Sweeping Beam"],"picked":"Cold Snap","floor":11},{"not_picked":["Sweeping Beam","Leap"],"picked":"Steam","floor":12},{"not_picked":["Steam","Glacier"],"picked":"Chill","floor":14},{"not_picked":["Rainbow","Buffer"],"picked":"Amplify","floor":16},{"not_picked":["Streamline","Rebound","Tempest+1"],"picked":"SKIP","floor":18},{"not_picked":["Streamline","Go for the Eyes"],"picked":"Turbo","floor":19},{"not_picked":["Ball Lightning","Double Energy"],"picked":"Sunder+1","floor":23},{"not_picked":["Meteor Strike","Undo","Biased Cognition"],"picked":"SKIP","floor":24},{"not_picked":["Reinforced Body","Rebound+1"],"picked":"Sunder","floor":25},{"not_picked":["Ball Lightning","Streamline"],"picked":"Beam Cell","floor":27},{"not_picked":["Ball Lightning","FTL+1"],"picked":"Auto Shields","floor":31},{"not_picked":["Hyperbeam","Rainbow"],"picked":"Core Surge","floor":33},{"not_picked":["Rebound","Hologram+1"],"picked":"White Noise+1","floor":35},{"not_picked":["Reprogram+1","Tempest"],"picked":"Steam","floor":37},{"not_picked":["Beam Cell+1","Go for the Eyes+1"],"picked":"Capacitor+1","floor":39},{"not_picked":["Sunder","Darkness+1","Rebound"],"picked":"SKIP","floor":40},{"not_picked":["Sweeping Beam+1","Streamline"],"picked":"Coolheaded+1","floor":44},{"not_picked":["Ball Lightning+1","Scrape+1","Melter"],"picked":"SKIP","floor":45},{"not_picked":["Cold Snap","Steam Power+1"],"picked":"Barrage","floor":46},{"not_picked":["Stack+1","Redo"],"picked":"Creative AI","floor":48}],"player_experience":530582,"relics_obtained":[{"floor":7,"key":"Mercury Hourglass"},{"floor":9,"key":"MawBank"},{"floor":12,"key":"WingedGreaves"},{"floor":13,"key":"Meat on the Bone"},{"floor":14,"key":"Potion Belt"},{"floor":21,"key":"Enchiridion"},{"floor":23,"key":"Ginger"},{"floor":23,"key":"Pen Nib"},{"floor":24,"key":"Pocketwatch"},{"floor":24,"key":"Bag of Preparation"},{"floor":27,"key":"Pantograph"},{"floor":27,"key":"Bottled Flame"},{"floor":40,"key":"Blood Vial"},{"floor":40,"key":"Lantern"},{"floor":43,"key":"Bird Faced Urn"},{"floor":44,"key":"Dream Catcher"},{"floor":44,"key":"Pear"},{"floor":48,"key":"Strawberry"},{"floor":48,"key":"Letter Opener"}],"event_choices":[{"damage_healed":0,"gold_gain":275,"player_choice":"Desecrate","damage_taken":0,"max_hp_gain":0,"max_hp_loss":0,"event_name":"Golden Shrine","floor":2,"gold_loss":0,"cards_obtained":["Regret"]},{"damage_healed":0,"gold_gain":175,"player_choice":"AGREE","damage_taken":0,"max_hp_gain":0,"max_hp_loss":0,"event_name":"Liars Game","floor":4,"gold_loss":0,"cards_obtained":["Doubt"]},{"damage_healed":0,"gold_gain":0,"player_choice":"Ignored","damage_taken":0,"max_hp_gain":0,"max_hp_loss":0,"event_name":"Vampires","floor":20,"gold_loss":0},{"damage_healed":0,"gold_gain":0,"player_choice":"Obtained Book","damage_taken":16,"max_hp_gain":0,"max_hp_loss":0,"event_name":"Cursed Tome","floor":21,"gold_loss":0},{"cards_removed":["Doubt"],"damage_healed":0,"gold_gain":0,"player_choice":"Gave Gold","damage_taken":0,"max_hp_gain":0,"max_hp_loss":0,"event_name":"Beggar","floor":29,"gold_loss":75},{"cards_removed":["Strike_B"],"damage_healed":0,"gold_gain":0,"player_choice":"Purged","damage_taken":0,"max_hp_gain":0,"max_hp_loss":0,"event_name":"Purifier","floor":41,"gold_loss":0}],"is_beta":false,"boss_relics":[{"not_picked":["Runic Pyramid","Empty Cage"],"picked":"Black Star"},{"not_picked":["Philosopher\u0027s Stone","Runic Dome"],"picked":"FrozenCore"}],"items_purged_floors":[5,30],"is_endless":false,"potions_floor_spawned":[11,12,16,23,31,33,35,40,45,48],"ascension_level":2}