{"gold_per_floor":[119,119,119,133,208,208,383,400,400,400,400,416,416,460,460,588,588,572,154,154,168,181,181],"floor_reached":23,"playtime":1738,"items_purged":["Strike_R"],"score":255,"play_id":"6946a804-6e87-4ffa-8775-634d068527d1","local_time":"20190415200638","is_ascension_mode":true,"campfire_choices":[{"data":"Bash","floor":6,"key":"SMITH"},{"floor":11,"key":"REST"},{"floor":13,"key":"REST"},{"floor":15,"key":"REST"}],"neow_cost":"NONE","seed_source_timestamp":494517475661921,"circlet_count":0,"master_deck":["Strike_R","Strike_R","Strike_R","Defend_R","Defend_R","Defend_R","Defend_R","Bash+1","Power Through","Dark Embrace","Feel No Pain","Doubt","Battle Trance","Injury","Whirlwind","Impervious","Juggernaut","Evolve+1","Rampage+1","Anger+1","Body Slam+1"],"relics":["Burning Blood","Smiling Mask","Vajra","Singing Bowl","Golden Idol","Molten Egg 2","Runic Cube","Bag of Preparation","Lantern"],"potions_floor_usage":[16,16,21,22,22,22],"damage_taken":[{"damage":1,"enemies":"Cultist","floor":1,"turns":4},{"damage":12,"enemies":"Small Slimes","floor":4,"turns":4},{"damage":9,"enemies":"2 Louse","floor":8,"turns":3},{"damage":11,"enemies":"Looter","floor":12,"turns":4},{"damage":39,"enemies":"Gremlin Nob","floor":14,"turns":5},{"damage":38,"enemies":"Slime Boss","floor":16,"turns":12},{"damage":25,"enemies":"2 Thieves","floor":18,"turns":5},{"damage":40,"enemies":"Colosseum Slavers","floor":20,"turns":6},{"damage":14,"enemies":"Chosen","floor":21,"turns":6},{"damage":2,"enemies":"Centurion and Healer","floor":22,"turns":6},{"damage":13,"enemies":"Snecko","floor":23,"turns":2}],"seed_played":"8744914994385266156","potions_obtained":[{"floor":8,"key":"Poison Potion"},{"floor":12,"key":"Energy Potion"},{"floor":14,"key":"Swift Potion"},{"floor":16,"key":"Poison Potion"},{"floor":18,"key":"EssenceOfSteel"},{"floor":21,"key":"AttackPotion"}],"is_trial":false,"path_per_floor":["?","?","?","?","?","?"],"character_chosen":"IRONCLAD","items_purchased":["Bag of Preparation","Lantern","Rampage+1"],"campfire_rested":3,"item_purchase_floors":[19,19,19],"current_hp_per_floor":[77,59,59,53,42,42,42,39,39,39,63,58,80,47,71,39,70,51,51,17,9,13,0],"gold":181,"neow_bonus":"RANDOM_COMMON_RELIC","is_prod":false,"is_daily":false,"chose_seed":false,"campfire_upgraded":1,"win_rate":0,"timestamp":1555380398,"path_taken":["M","?","?","M","?","R","?","M","T","?","R","M","R","E","R","BOSS","M","$","?","M","M","M"],"build_version":"2019-01-23","purchased_purges":1,"victory":false,"max_hp_per_floor":[80,80,80,80,80,80,80,80,80,80,80,80,80,80,80,80,80,80,80,80,80,80,80],"card_choices":[{"not_picked":["Cleave","Thunderclap"],"picked":"Power Through","floor":1},{"not_picked":["Armaments","Disarm"],"picked":"Feel No Pain","floor":4},{"not_picked":["Body Slam","Iron Wave"],"picked":"Battle Trance","floor":8},{"not_picked":["Flex","Body Slam"],"picked":"Whirlwind","floor":12},{"not_picked":["Warcry","Armaments"],"picked":"Impervious","floor":14},{"not_picked":["Impervious","Dark Embrace"],"picked":"Juggernaut","floor":16},{"not_picked":["Twin Strike+1","Havoc"],"picked":"Evolve+1","floor":18},{"not_picked":["Inflame+1","Battle Trance"],"picked":"Anger+1","floor":21},{"not_picked":["Bloodletting+1","Flex"],"picked":"Body Slam+1","floor":22}],"player_experience":562864,"relics_obtained":[{"floor":9,"key":"Singing Bowl"},{"floor":14,"key":"Molten Egg 2"}],"event_choices":[{"damage_healed":0,"gold_gain":0,"player_choice":"Success","damage_taken":18,"relics_obtained":["Vajra"],"max_hp_gain":0,"max_hp_loss":0,"event_name":"Scrap Ooze","floor":2,"gold_loss":0},{"damage_healed":0,"gold_gain":0,"cards_transformed":["Strike_R"],"player_choice":"Change","damage_taken":0,"max_hp_gain":0,"max_hp_loss":0,"event_name":"Living Wall","floor":3,"gold_loss":0,"cards_obtained":["Dark Embrace"]},{"damage_healed":0,"gold_gain":75,"player_choice":"Gather Gold","damage_taken":11,"max_hp_gain":0,"max_hp_loss":0,"event_name":"World of Goop","floor":5,"gold_loss":0},{"damage_healed":0,"gold_gain":175,"player_choice":"AGREE","damage_taken":0,"max_hp_gain":0,"max_hp_loss":0,"event_name":"Liars Game","floor":7,"gold_loss":0,"cards_obtained":["Doubt"]},{"damage_healed":0,"gold_gain":0,"player_choice":"Take Wound","damage_taken":0,"relics_obtained":["Golden Idol"],"max_hp_gain":0,"max_hp_loss":0,"event_name":"Golden Idol","floor":10,"gold_loss":0,"cards_obtained":["Injury"]},{"damage_healed":0,"gold_gain":0,"player_choice":"Fight","damage_taken":0,"max_hp_gain":0,"max_hp_loss":0,"event_name":"Colosseum","floor":20,"gold_loss":0},{"damage_healed":0,"gold_gain":0,"player_choice":"Fled From Nobs","damage_taken":0,"max_hp_gain":0,"max_hp_loss":0,"event_name":"Colosseum","floor":20,"gold_loss":0}],"is_beta":false,"boss_relics":[{"not_picked":["Runic Dome","Eternal Feather"],"picked":"Runic Cube"}],"items_purged_floors":[19],"is_endless":false,"potions_floor_spawned":[8,12,14,16,18,20,21],"killed_by":"Snecko","ascension_level":7}