{"gold_per_floor":[110,125,125,300,12,12,38,55,123,149,74,74,74,109,109,211,211,221,221,221,238,252,77,104,104,104,104,104,32,45,59,59,59],"floor_reached":33,"playtime":3015,"items_purged":["Strike_R","Doubt"],"score":379,"play_id":"28b2d774-6a3e-407c-8cb8-605ee410025a","local_time":"20190403175740","is_ascension_mode":true,"campfire_choices":[{"data":"True Grit","floor":6,"key":"SMITH"},{"floor":12,"key":"REST"},{"floor":15,"key":"REST"},{"data":"Entrench","floor":25,"key":"SMITH"},{"data":"RitualDagger","floor":28,"key":"SMITH"},{"data":"Impervious","floor":32,"key":"SMITH"}],"neow_cost":"NONE","seed_source_timestamp":204028405711563,"circlet_count":0,"master_deck":["Strike_R","Strike_R","Strike_R","Defend_R","Defend_R","Defend_R","Defend_R+1","Bash","True Grit+1","Rampage","Battle Trance","Carnage+1","Clothesline","Twin Strike","Immolate","Flame Barrier+1","RitualDagger+1","Headbutt","Entrench+1","Impervious+1","Whirlwind","Body Slam","Spot Weakness+1"],"relics":["Burning Blood","Mercury Hourglass","Blood Vial","Ornamental Fan","Unceasing Top","Lantern","Sozu","Boot","Blue Candle"],"potions_floor_usage":[10,24,24],"damage_taken":[{"damage":9,"enemies":"2 Louse","floor":1,"turns":3},{"damage":2,"enemies":"Jaw Worm","floor":2,"turns":5},{"damage":27,"enemies":"3 Sentries","floor":7,"turns":8},{"damage":1,"enemies":"Cultist","floor":8,"turns":3},{"damage":50,"enemies":"Lagavulin","floor":10,"turns":6},{"damage":21,"enemies":"3 Sentries","floor":14,"turns":6},{"damage":33,"enemies":"The Guardian","floor":16,"turns":10},{"damage":4,"enemies":"Shell Parasite","floor":18,"turns":4},{"damage":0,"enemies":"3 Byrds","floor":21,"turns":4},{"damage":8,"enemies":"3 Cultists","floor":22,"turns":4},{"damage":25,"enemies":"Slavers","floor":24,"turns":4},{"damage":2,"enemies":"Centurion and Healer","floor":30,"turns":9},{"damage":0,"enemies":"Snake Plant","floor":31,"turns":3},{"damage":88,"enemies":"Champ","floor":33,"turns":11}],"seed_played":"3592338210908553082","potions_obtained":[{"floor":1,"key":"LiquidBronze"},{"floor":2,"key":"Regen Potion"},{"floor":14,"key":"Dexterity Potion"}],"is_trial":false,"path_per_floor":["?","?","$","?","?","?","M","?","$"],"character_chosen":"IRONCLAD","items_purchased":["Mercury Hourglass","Battle Trance","Impervious","Whirlwind"],"campfire_rested":2,"item_purchase_floors":[5,5,23,29],"current_hp_per_floor":[77,81,74,74,74,74,53,60,60,33,33,59,41,28,54,29,73,77,71,71,79,79,79,62,62,62,62,62,62,68,76,76,0],"gold":59,"neow_bonus":"TEN_PERCENT_HP_BONUS","is_prod":false,"is_daily":false,"chose_seed":false,"campfire_upgraded":4,"win_rate":0,"timestamp":1554335860,"path_taken":["M","M","?","?","$","R","E","M","T","E","?","R","?","E","R","BOSS","M","?","?","M","?","$","E","R","T","?","R","?","M","M","R","BOSS"],"build_version":"2019-01-23","purchased_purges":2,"victory":false,"max_hp_per_floor":[88,88,88,88,88,88,88,88,88,88,88,88,88,88,88,88,88,88,88,88,88,88,88,88,88,88,88,88,88,88,88,88,88],"card_choices":[{"not_picked":["Power Through","Rupture"],"picked":"True Grit","floor":1},{"not_picked":["Cleave","Sword Boomerang"],"picked":"Rampage","floor":2},{"not_picked":["Iron Wave","Battle Trance"],"picked":"Carnage","floor":7},{"not_picked":["Headbutt","Seeing Red"],"picked":"Clothesline","floor":8},{"not_picked":["Thunderclap","Warcry"],"picked":"Twin Strike","floor":10},{"not_picked":["Bloodletting","Bludgeon","Headbutt"],"picked":"SKIP","floor":14},{"not_picked":["Bludgeon","Impervious"],"picked":"Immolate","floor":16},{"not_picked":["Whirlwind","Shockwave+1"],"picked":"Flame Barrier+1","floor":18},{"not_picked":["Burning Pact","True Grit"],"picked":"Headbutt","floor":21},{"not_picked":["Cleave","Iron Wave"],"picked":"Entrench","floor":22},{"not_picked":["Berserk","Havoc","Thunderclap+1"],"picked":"SKIP","floor":24},{"not_picked":["Havoc","Reckless Charge"],"picked":"Body Slam","floor":30},{"not_picked":["Disarm+1","Wild Strike"],"picked":"Spot Weakness+1","floor":31}],"player_experience":437606,"relics_obtained":[{"floor":7,"key":"Blood Vial"},{"floor":9,"key":"Ornamental Fan"},{"floor":10,"key":"Unceasing Top"},{"floor":14,"key":"Lantern"},{"floor":24,"key":"Boot"},{"floor":26,"key":"Blue Candle"}],"event_choices":[{"cards_removed":["Strike_R"],"damage_healed":0,"gold_gain":0,"player_choice":"Card Removal","damage_taken":7,"max_hp_gain":0,"max_hp_loss":0,"event_name":"Golden Wing","floor":3,"gold_loss":0},{"damage_healed":0,"gold_gain":175,"player_choice":"AGREE","damage_taken":0,"max_hp_gain":0,"max_hp_loss":0,"event_name":"Liars Game","floor":4,"gold_loss":0,"cards_obtained":["Doubt"]},{"damage_healed":0,"gold_gain":0,"player_choice":"Entered Light","damage_taken":18,"max_hp_gain":0,"max_hp_loss":0,"event_name":"Shining Light","floor":13,"gold_loss":0,"cards_upgraded":["Defend_R","Carnage"]},{"damage_healed":0,"gold_gain":0,"player_choice":"Joined the Cult","damage_taken":6,"max_hp_gain":0,"max_hp_loss":0,"event_name":"Nest","floor":19,"gold_loss":0,"cards_obtained":["RitualDagger"]},{"damage_healed":0,"gold_gain":0,"player_choice":"Got Potions","damage_taken":0,"max_hp_gain":0,"max_hp_loss":0,"event_name":"Lab","floor":20,"gold_loss":0},{"damage_healed":0,"gold_gain":0,"player_choice":"Ignored","damage_taken":0,"max_hp_gain":0,"max_hp_loss":0,"event_name":"Vampires","floor":27,"gold_loss":0}],"is_beta":false,"boss_relics":[{"not_picked":["Runic Pyramid","Fusion Hammer"],"picked":"Sozu"}],"items_purged_floors":[11,23],"is_endless":false,"potions_floor_spawned":[1,2,14,18,30,31],"killed_by":"Champ","ascension_level":7}