{"gold_per_floor":[110,35,46,62,77,77,77,106,106,106,136,136,161,172,172,251,251,261,111,111,122,146,146,173,173,219,244,10,27,57,57,57,130,130,144,164,176,62,79,79,79],"floor_reached":41,"playtime":2241,"items_purged":["Writhe"],"score":865,"play_id":"bf22eec4-dada-42d3-90c5-08869e26dfe1","local_time":"20190329192731","is_ascension_mode":true,"campfire_choices":[{"data":"Armaments","floor":6,"key":"SMITH"},{"floor":12,"key":"REST"},{"data":"Whirlwind","floor":15,"key":"SMITH"},{"data":"Inflame","floor":23,"key":"SMITH"},{"floor":25,"key":"REST"},{"floor":32,"key":"REST"},{"floor":40,"key":"REST"}],"neow_cost":"CURSE","seed_source_timestamp":1557599041905603,"circlet_count":0,"master_deck":["AscendersBane","Strike_R","Strike_R","Strike_R","Defend_R","Defend_R","Defend_R","Bash","Armaments+1","Whirlwind+1","Shrug It Off","Battle Trance","Fiend Fire","Uppercut+1","Seeing Red+1","Second Wind+1","Thunderclap","Inflame+1","Exhume","Spot Weakness","Spot Weakness","Limit Break","Exhume"],"relics":["Burning Blood","Mercury Hourglass","Paper Frog","Ancient Tea Set","Bronze Scales","Astrolabe","PreservedInsect","The Courier","Dream Catcher","StoneCalendar","Incense Burner","Bottled Lightning","Sozu","Happy Flower"],"potions_floor_usage":[5,16,18,24,24,30,30,37,41],"damage_taken":[{"damage":7,"enemies":"2 Louse","floor":1,"turns":4},{"damage":2,"enemies":"Jaw Worm","floor":3,"turns":6},{"damage":6,"enemies":"Cultist","floor":4,"turns":4},{"damage":9,"enemies":"Red Slaver","floor":5,"turns":4},{"damage":27,"enemies":"3 Sentries","floor":8,"turns":7},{"damage":27,"enemies":"Lagavulin","floor":11,"turns":6},{"damage":10,"enemies":"3 Sentries","floor":13,"turns":5},{"damage":0,"enemies":"3 Louse","floor":14,"turns":2},{"damage":31,"enemies":"Slime Boss","floor":16,"turns":8},{"damage":25,"enemies":"2 Thieves","floor":18,"turns":3},{"damage":14,"enemies":"Shell Parasite","floor":21,"turns":3},{"damage":30,"enemies":"Slavers","floor":24,"turns":3},{"damage":0,"enemies":"Gremlin Leader","floor":27,"turns":3},{"damage":38,"enemies":"Shelled Parasite and Fungi","floor":29,"turns":5},{"damage":7,"enemies":"Slavers","floor":30,"turns":3},{"damage":34,"enemies":"Champ","floor":33,"turns":8},{"damage":6,"enemies":"3 Darklings","floor":35,"turns":3},{"damage":22,"enemies":"Orb Walker","floor":36,"turns":4},{"damage":4,"enemies":"Sphere and 2 Shapes","floor":37,"turns":2},{"damage":46,"enemies":"4 Shapes","floor":39,"turns":6},{"damage":63,"enemies":"Reptomancer","floor":41,"turns":3}],"seed_played":"8117439946800206372","potions_obtained":[{"floor":1,"key":"Dexterity Potion"},{"floor":4,"key":"Block Potion"},{"floor":8,"key":"Dexterity Potion"},{"floor":13,"key":"SkillPotion"},{"floor":16,"key":"AttackPotion"},{"floor":18,"key":"Swift Potion"},{"floor":27,"key":"Poison Potion"},{"floor":29,"key":"Poison Potion"},{"floor":30,"key":"Fire Potion"},{"floor":33,"key":"Poison Potion"}],"is_trial":false,"path_per_floor":["M","$","M","M","M","R","?","E","T","?","E","R","E","M","R","B",null,"M","$","?","M","T","R","E","R","T","E","$","M","E","?","R","B",null,"M","M","M","$","M","R","E"],"character_chosen":"IRONCLAD","items_purchased":["Inflame","Exhume","Incense Burner","Happy Flower"],"campfire_rested":4,"item_purchase_floors":[19,19,28,38],"current_hp_per_floor":[81,81,85,85,82,82,82,61,61,61,40,66,62,68,68,43,78,59,59,59,51,51,51,27,53,53,59,59,27,26,26,52,24,73,73,57,59,59,19,45,0],"gold":79,"neow_bonus":"TWENTY_PERCENT_HP_BONUS","is_prod":false,"is_daily":false,"chose_seed":false,"campfire_upgraded":3,"win_rate":0,"timestamp":1553887651,"path_taken":["M","$","M","M","M","R","?","E","T","?","E","R","E","M","R","BOSS","M","$","?","M","?","R","E","R","T","E","$","M","E","?","R","BOSS","M","M","M","$","?","R","E"],"build_version":"2019-01-23","purchased_purges":1,"victory":false,"max_hp_per_floor":[89,89,89,89,89,89,89,89,89,89,89,89,89,89,89,89,89,89,89,89,89,89,89,89,89,89,89,89,89,89,89,89,89,89,89,89,89,89,89,89,89],"card_choices":[{"not_picked":["Perfected Strike","Flex"],"picked":"Armaments","floor":1},{"not_picked":["Heavy Blade","Warcry","Searing Blow"],"picked":"SKIP","floor":3},{"not_picked":["Clash","Power Through"],"picked":"Whirlwind","floor":4},{"not_picked":["Headbutt","Flex"],"picked":"Shrug It Off","floor":5},{"not_picked":["Rupture","Juggernaut","Berserk"],"picked":"SKIP","floor":8},{"not_picked":["Entrench","Dual Wield"],"picked":"Battle Trance","floor":11},{"not_picked":["Perfected Strike","True Grit","Iron Wave"],"picked":"SKIP","floor":13},{"not_picked":["Flex","Havoc","Sword Boomerang"],"picked":"SKIP","floor":14},{"not_picked":["Limit Break","Dark Embrace"],"picked":"Fiend Fire","floor":16},{"not_picked":["Anger","Rampage"],"picked":"Thunderclap","floor":18},{"not_picked":["True Grit","Wild Strike","Brutality"],"picked":"SKIP","floor":21},{"not_picked":["Pommel Strike","Feel No Pain","Shrug It Off"],"picked":"SKIP","floor":24},{"not_picked":["Clothesline","Shrug It Off","Flex"],"picked":"SKIP","floor":27},{"not_picked":["Flex","Iron Wave+1","Fire Breathing"],"picked":"SKIP","floor":29},{"not_picked":["Armaments","Cleave"],"picked":"Spot Weakness","floor":30},{"not_picked":["Exhume","Immolate"],"picked":"Limit Break","floor":33},{"not_picked":["Thunderclap","Headbutt","Flex"],"picked":"SKIP","floor":35},{"not_picked":["Burning Pact","Havoc"],"picked":"Exhume","floor":36},{"not_picked":["Armaments","Iron Wave","Thunderclap+1"],"picked":"SKIP","floor":37},{"not_picked":["Clothesline+1","Warcry","Rampage"],"picked":"SKIP","floor":39}],"player_experience":1669980,"relics_obtained":[{"floor":8,"key":"Mercury Hourglass"},{"floor":9,"key":"Paper Frog"},{"floor":11,"key":"Ancient Tea Set"},{"floor":13,"key":"Bronze Scales"},{"floor":22,"key":"PreservedInsect"},{"floor":24,"key":"The Courier"},{"floor":26,"key":"Dream Catcher"},{"floor":27,"key":"StoneCalendar"},{"floor":30,"key":"Bottled Lightning"}],"event_choices":[{"damage_healed":0,"gold_gain":0,"player_choice":"Ignored","damage_taken":0,"max_hp_gain":0,"max_hp_loss":0,"event_name":"Liars Game","floor":7,"gold_loss":0},{"damage_healed":0,"gold_gain":0,"player_choice":"Ignored","damage_taken":0,"max_hp_gain":0,"max_hp_loss":0,"event_name":"Shining Light","floor":10,"gold_loss":0},{"damage_healed":0,"gold_gain":0,"player_choice":"Ignored","damage_taken":0,"max_hp_gain":0,"max_hp_loss":0,"event_name":"Vampires","floor":20,"gold_loss":0},{"damage_healed":0,"gold_gain":0,"player_choice":"Copied","damage_taken":0,"max_hp_gain":0,"max_hp_loss":0,"event_name":"Duplicator","floor":31,"gold_loss":0,"cards_obtained":["Spot Weakness"]}],"is_beta":false,"boss_relics":[{"not_picked":["Runic Cube","Fusion Hammer"],"picked":"Astrolabe"},{"not_picked":["Cursed Key","White Beast Statue"],"picked":"Sozu"}],"items_purged_floors":[2],"is_endless":false,"potions_floor_spawned":[1,4,8,13,16,18,27,29,30,33],"killed_by":"Reptomancer","ascension_level":15}