{"gold_per_floor":[112,37,48,13,28,53,53,83,165,191,191,33,84,100,100,100],"floor_reached":16,"playtime":471,"items_purged":["Strike_R"],"score":200,"play_id":"cd5c4ecd-adb3-4aad-8856-162211928bfd","local_time":"20190430094103","is_ascension_mode":true,"campfire_choices":[{"data":"Bash","floor":7,"key":"SMITH"},{"data":"Hemokinesis","floor":11,"key":"SMITH"},{"data":"Carnage","floor":15,"key":"SMITH"}],"neow_cost":"NONE","seed_source_timestamp":161840689481275,"circlet_count":0,"master_deck":["AscendersBane","Strike_R","Strike_R","Strike_R","Strike_R","Defend_R","Defend_R","Defend_R","Defend_R","Bash+1","Hemokinesis+1","Twin Strike","Carnage+1","Rupture","Whirlwind","Infernal Blade"],"relics":["Burning Blood","Self Forming Clay","PreservedInsect","Tiny Chest","Orichalcum","Bag of Preparation","Lantern"],"potions_floor_usage":[6,8,16],"damage_taken":[{"damage":16,"enemies":"Jaw Worm","floor":1,"turns":5},{"damage":8,"enemies":"2 Louse","floor":3,"turns":2},{"damage":5,"enemies":"Small Slimes","floor":5,"turns":4},{"damage":11,"enemies":"Gremlin Nob","floor":6,"turns":3},{"damage":33,"enemies":"Lagavulin","floor":8,"turns":7},{"damage":5,"enemies":"Exordium Wildlife","floor":14,"turns":3},{"damage":51,"enemies":"The Guardian","floor":16,"turns":8}],"seed_played":"-43561916919888153","potions_obtained":[{"floor":1,"key":"Swift Potion"},{"floor":3,"key":"Strength Potion"},{"floor":6,"key":"Weak Potion"}],"is_trial":false,"path_per_floor":["M","$","M","?","M","E","R","E","T","T","R","$","T","M","R","B"],"character_chosen":"IRONCLAD","items_purchased":["Bag of Preparation"],"campfire_rested":0,"item_purchase_floors":[12],"current_hp_per_floor":[65,65,63,82,82,77,77,50,50,50,50,50,50,51,51,0],"gold":100,"neow_bonus":"TEN_PERCENT_HP_BONUS","is_prod":false,"is_daily":false,"chose_seed":false,"campfire_upgraded":3,"win_rate":0,"timestamp":1556642463,"path_taken":["M","$","M","?","M","E","R","E","T","?","R","?","?","M","R","BOSS"],"build_version":"2019-01-23","purchased_purges":1,"victory":false,"max_hp_per_floor":[82,82,82,82,82,82,82,82,82,82,82,82,82,82,82,82],"card_choices":[{"not_picked":["Spot Weakness","Sword Boomerang"],"picked":"Hemokinesis","floor":1},{"not_picked":["Seeing Red","Reckless Charge"],"picked":"Twin Strike","floor":3},{"not_picked":["Searing Blow","Perfected Strike"],"picked":"Carnage","floor":5},{"not_picked":["Burning Pact","Heavy Blade"],"picked":"Rupture","floor":6},{"not_picked":["Uppercut","Burning Pact"],"picked":"Whirlwind","floor":8},{"not_picked":["Iron Wave","Havoc"],"picked":"Infernal Blade","floor":14}],"player_experience":509829,"relics_obtained":[{"floor":6,"key":"Self Forming Clay"},{"floor":8,"key":"PreservedInsect"},{"floor":9,"key":"Tiny Chest"},{"floor":10,"key":"Orichalcum"},{"floor":13,"key":"Lantern"}],"event_choices":[{"damage_healed":20,"gold_gain":0,"player_choice":"Healed","damage_taken":0,"max_hp_gain":0,"max_hp_loss":0,"event_name":"The Cleric","floor":4,"gold_loss":35}],"is_beta":false,"boss_relics":[],"items_purged_floors":[2],"is_endless":false,"potions_floor_spawned":[1,3,6],"killed_by":"The Guardian","ascension_level":17}