{"gold_per_floor":[119,135,135,135,154,154,198,198,198,216,232,247,17,35,35,161,161,182,97,57,70,83,83,173,192,192,192,44,44,85,109,109,237,237,250,250,264,279,33,33],"floor_reached":40,"playtime":4825,"items_purged":["Defend_B"],"score":485,"play_id":"edd92239-4d6d-4215-aa4a-b57a257648b9","local_time":"20190308131520","is_ascension_mode":false,"campfire_choices":[{"data":"Conserve Battery","floor":6.0,"key":"SMITH"},{"data":"Dualcast","floor":8.0,"key":"SMITH"},{"floor":15.0,"key":"REST"},{"data":"Defragment","floor":23.0,"key":"SMITH"},{"floor":27.0,"key":"REST"},{"data":"Defragment","floor":32.0,"key":"SMITH"}],"neow_cost":"NONE","seed_source_timestamp":0,"circlet_count":0,"master_deck":["Strike_B","Strike_B+1","Defend_B","Defend_B","Zap+1","Dualcast+1","Impatience","Go for the Eyes","Leap","Conserve Battery+1","Undo","Gash","FTL+1","Go for the Eyes","Defragment+1","White Noise","Hologram","Thunder Strike","Rip and Tear+1","Loop+1","Chill+1","Undo","Ball Lightning","Conserve Battery+1","Sweeping Beam+1","Loop","Capacitor","Defragment+1","Biased Cognition","Defragment+1","All For One","Aggregate+1","Beam Cell+1","Cold Snap","Defragment","Apotheosis+1","Self Repair"],"special_seed":0,"relics":["Cracked Core","Golden Idol","Vajra","Kunai","Astrolabe","Toxic Egg 2","The Courier","Unceasing Top","Pocketwatch","Runic Pyramid"],"potions_floor_usage":[],"damage_taken":[{"damage":6.0,"enemies":"Jaw Worm","floor":1.0,"turns":3.0},{"damage":6.0,"enemies":"Cultist","floor":2.0,"turns":3.0},{"damage":0.0,"enemies":"2 Louse","floor":5.0,"turns":2.0},{"damage":9.0,"enemies":"3 Sentries","floor":7.0,"turns":10.0},{"damage":0.0,"enemies":"Lots of Slimes","floor":10.0,"turns":4.0},{"damage":0.0,"enemies":"3 Louse","floor":11.0,"turns":3.0},{"damage":3.0,"enemies":"Exordium Thugs","floor":12.0,"turns":4.0},{"damage":10.0,"enemies":"2 Fungi Beasts","floor":14.0,"turns":3.0},{"damage":1.0,"enemies":"Hexaghost","floor":16.0,"turns":9.0},{"damage":2.0,"enemies":"Spheric Guardian","floor":18.0,"turns":3.0},{"damage":1.0,"enemies":"2 Thieves","floor":21.0,"turns":4.0},{"damage":2.0,"enemies":"Cultist and Chosen","floor":22.0,"turns":6.0},{"damage":6.0,"enemies":"Centurion and Healer","floor":25.0,"turns":8.0},{"damage":0.0,"enemies":"Gremlin Leader","floor":30.0,"turns":8.0},{"damage":7.0,"enemies":"3 Cultists","floor":31.0,"turns":5.0},{"damage":35.0,"enemies":"Collector","floor":33.0,"turns":7.0},{"damage":16.0,"enemies":"3 Darklings","floor":35.0,"turns":5.0},{"damage":0.0,"enemies":"Orb Walker","floor":37.0,"turns":3.0},{"damage":14.0,"enemies":"Maw","floor":38.0,"turns":7.0},{"damage":39,"enemies":"Reptomancer","floor":40,"turns":6}],"seed_played":"-7825986013746172326","potions_obtained":[{"floor":1.0,"key":"Swift Potion"},{"floor":7.0,"key":"PowerPotion"},{"floor":12.0,"key":"AttackPotion"},{"floor":22.0,"key":"Strength Potion"},{"floor":31.0,"key":"PowerPotion"},{"floor":33.0,"key":"LiquidBronze"}],"is_trial":false,"path_per_floor":["M","M","?","?","M","R","E","R","T","M","M","M","$","M","R","B",null,"M","?","?","M","M","R","?","M","T","R","$","T","E","M","R","B",null,"M","?","M","M","$","E"],"character_chosen":"DEFECT","items_purchased":["Defragment","White Noise","Loop","Capacitor","Defragment","Defragment","Apotheosis+1","Self Repair"],"campfire_rested":2,"item_purchase_floors":[13,13,28,28,28,39,39,39],"current_hp_per_floor":[69,63,63,63,63,63,54,54,54,54,54,51,51,41,61,60,69,67,67,67,66,64,64,52,46,46,66,66,66,66,59,59,24,69,53,53,53,39,39,0],"gold":33,"neow_bonus":"RANDOM_COLORLESS","is_prod":false,"is_daily":false,"chose_seed":false,"campfire_upgraded":4,"win_rate":0.0,"timestamp":1552047320,"path_taken":["M","M","?","?","M","R","E","R","T","M","?","M","$","M","R","BOSS","M","?","?","?","M","R","?","M","T","R","$","?","E","M","R","BOSS","M","?","M","M","$","E"],"build_version":"2019-01-23","purchased_purges":1,"victory":false,"max_hp_per_floor":[75,75,69,69,69,69,69,69,69,69,69,69,69,69,69,69,69,69,69,69,69,69,69,69,69,69,69,69,69,69,69,69,69,69,69,69,69,69,69,69],"card_choices":[{"not_picked":["Melter","Streamline"],"picked":"Go for the Eyes","floor":1.0},{"not_picked":["Barrage","Turbo"],"picked":"Leap","floor":2.0},{"not_picked":["Static Discharge","Compile Driver"],"picked":"Conserve Battery","floor":5.0},{"not_picked":["Hologram","Go for the Eyes"],"picked":"Undo","floor":7.0},{"not_picked":["Skim","Auto Shields"],"picked":"Gash","floor":10.0},{"not_picked":["Heatsinks","Hello World"],"picked":"FTL","floor":11.0},{"not_picked":["Stack","Coolheaded"],"picked":"Go for the Eyes","floor":12.0},{"not_picked":["Beam Cell","Barrage"],"picked":"Hologram","floor":14.0},{"not_picked":["Core Surge","Machine Learning"],"picked":"Thunder Strike","floor":16.0},{"not_picked":["Sweeping Beam","Compile Driver"],"picked":"Undo","floor":18.0},{"not_picked":["Turbo+1","Hello World"],"picked":"Ball Lightning","floor":21.0},{"not_picked":["Double Energy+1","Rebound"],"picked":"Conserve Battery+1","floor":22.0},{"not_picked":["Redo+1","Skim+1"],"picked":"Sweeping Beam+1","floor":25.0},{"not_picked":["Barrage","Tempest+1"],"picked":"Biased Cognition","floor":30.0},{"not_picked":["Gash+1","Rebound+1"],"picked":"Defragment","floor":31.0},{"not_picked":["Thunder Strike","Meteor Strike"],"picked":"All For One","floor":33.0},{"not_picked":["Auto Shields+1","Rebound"],"picked":"Aggregate+1","floor":35.0},{"not_picked":["Storm","Steam Power+1"],"picked":"Beam Cell+1","floor":37.0},{"not_picked":["Melter+1","Redo+1"],"picked":"Cold Snap","floor":38}],"player_experience":120560,"relics_obtained":[{"floor":7.0,"key":"Vajra"},{"floor":9.0,"key":"Kunai"},{"floor":26.0,"key":"The Courier"},{"floor":29.0,"key":"Unceasing Top"},{"floor":30.0,"key":"Pocketwatch"}],"event_choices":[{"damage_healed":0.0,"max_hp_gain":0.0,"max_hp_loss":6.0,"gold_gain":0.0,"event_name":"Golden Idol","player_choice":"Lose Max HP","floor":3.0,"gold_loss":0.0,"damage_taken":0.0,"relics_obtained":["Golden Idol"]},{"damage_healed":0.0,"max_hp_gain":0.0,"max_hp_loss":0.0,"gold_gain":0.0,"event_name":"Accursed Blacksmith","player_choice":"Forge","floor":4.0,"gold_loss":0.0,"damage_taken":0.0,"cards_upgraded":["Zap"]},{"damage_healed":0.0,"max_hp_gain":0.0,"max_hp_loss":0.0,"gold_gain":0.0,"event_name":"Addict","player_choice":"Obtained Relic","floor":19.0,"gold_loss":85.0,"damage_taken":0.0,"relics_obtained":["Toxic Egg 2"]},{"damage_healed":0.0,"max_hp_gain":0.0,"max_hp_loss":0.0,"gold_gain":0.0,"event_name":"Designer","player_choice":"Upgraded Two","floor":20.0,"gold_loss":40.0,"damage_taken":0.0,"cards_upgraded":["FTL","Strike_B"]},{"damage_healed":0.0,"max_hp_gain":0.0,"max_hp_loss":0.0,"gold_gain":90.0,"event_name":"Knowing Skull","player_choice":"GOLD ","floor":24.0,"potions_obtained":[],"gold_loss":0.0,"damage_taken":12.0,"cards_obtained":[]},{"damage_healed":0.0,"max_hp_gain":0.0,"max_hp_loss":0.0,"gold_gain":0.0,"event_name":"Upgrade Shrine","player_choice":"Upgraded","floor":36.0,"gold_loss":0.0,"damage_taken":0.0,"cards_upgraded":["Defragment"]}],"is_beta":false,"boss_relics":[{"not_picked":["Cursed Key","Tiny House"],"picked":"Astrolabe"},{"not_picked":["Velvet Choker","Inserter"],"picked":"Runic Pyramid"}],"items_purged_floors":[13],"is_endless":false,"potions_floor_spawned":[1,7,12,14,22,31,33],"killed_by":"Reptomancer","ascension_level":0}