{"gold_per_floor":[112,112,112,37,48,48,105,105,129,145,45,80,101,113,113,218,218,229,229,28,38,38,38,65,65,135,160,207,233,243,257,257,357,357,368,384,259,259,259],"floor_reached":39,"playtime":2256,"items_purged":["Strike_B","Strike_B","Strike_B"],"score":608,"play_id":"5bc2b8ab-634d-4441-ad9e-0dd1b3972260","local_time":"20181204110902","is_ascension_mode":true,"campfire_choices":[{"data":"Dualcast","floor":6,"key":"SMITH"},{"data":"Zap","floor":8,"key":"SMITH"},{"floor":15,"key":"REST"},{"floor":23,"key":"REST"},{"floor":25,"key":"REST"},{"floor":32,"key":"REST"}],"neow_cost":"NONE","seed_source_timestamp":190941973214221,"circlet_count":0,"master_deck":["Strike_B","Defend_B","Zap+1","Dualcast+1","White Noise+1","Biased Cognition","FTL","Conserve Battery","Cold Snap","Echo Form","Conserve Battery+1","Hologram+1","Machine Learning","Thunder Strike","Reinforced Body"],"relics":["Cracked Core","NeowsBlessing","Bottled Lightning","Tiny Chest","Regal Pillow","Strawberry","Odd Mushroom","Nloth\u0027s Gift","Runic Capacitor","Oddly Smooth Stone","Pantograph","Potion Belt","Bronze Scales","Lantern","Eternal Feather"],"potions_floor_usage":[12,12,12,13,18,24,29,30,33,36],"damage_taken":[{"damage":0,"enemies":"2 Louse","floor":1,"turns":1},{"damage":0,"enemies":"Jaw Worm","floor":5,"turns":1},{"damage":0,"enemies":"Lagavulin","floor":7,"turns":1},{"damage":1,"enemies":"Small Slimes","floor":10,"turns":3},{"damage":15,"enemies":"3 Sentries","floor":12,"turns":6},{"damage":6,"enemies":"The Mushroom Lair","floor":13,"turns":3},{"damage":5,"enemies":"Exordium Wildlife","floor":14,"turns":3},{"damage":52,"enemies":"Hexaghost","floor":16,"turns":12},{"damage":19,"enemies":"2 Thieves","floor":18,"turns":4},{"damage":6,"enemies":"Chosen","floor":21,"turns":5},{"damage":36,"enemies":"Book of Stabbing","floor":24,"turns":7},{"damage":19,"enemies":"Gremlin Leader","floor":29,"turns":6},{"damage":13,"enemies":"Centurion and Healer","floor":30,"turns":6},{"damage":26,"enemies":"Snecko","floor":31,"turns":7},{"damage":4,"enemies":"Champ","floor":33,"turns":8},{"damage":70,"enemies":"3 Shapes","floor":35,"turns":5},{"damage":2,"enemies":"3 Darklings","floor":36,"turns":5},{"damage":9,"enemies":"Jaw Worm Horde","floor":39,"turns":1}],"seed_played":"6794209178148744197","potions_obtained":[{"floor":1,"key":"Poison Potion"},{"floor":7,"key":"Ancient Potion"},{"floor":10,"key":"Weak Potion"},{"floor":12,"key":"Dexterity Potion"},{"floor":16,"key":"SteroidPotion"},{"floor":21,"key":"Ancient Potion"},{"floor":24,"key":"Fire Potion"},{"floor":29,"key":"GamblersBrew"},{"floor":31,"key":"AttackPotion"},{"floor":35,"key":"FocusPotion"}],"is_trial":false,"path_per_floor":["M","?","T","$","M","R","E","R","T","M","$","E","?","M","R","B",null,"M","?","$","M","$","R","E","R","T","T","T","E","M","M","R","B",null,"M","M","$","?","M"],"character_chosen":"DEFECT","items_purchased":["Runic Capacitor"],"campfire_rested":4,"item_purchase_floors":[20],"current_hp_per_floor":[68,68,68,68,68,68,68,68,68,67,67,59,53,48,82,30,69,50,50,50,44,44,82,46,82,82,82,82,63,50,24,63,78,81,11,9,9,9,0],"gold":259,"neow_bonus":"THREE_ENEMY_KILL","is_prod":false,"is_daily":false,"chose_seed":false,"campfire_upgraded":2,"win_rate":0,"timestamp":1543918142,"path_taken":["M","?","?","$","M","R","E","R","T","M","$","E","?","?","R","BOSS","M","?","?","?","$","R","E","R","T","?","?","E","M","M","R","BOSS","M","M","$","?","M"],"build_version":"2018-11-15","purchased_purges":3,"victory":false,"max_hp_per_floor":[75,75,75,75,75,75,75,75,75,75,75,82,82,82,82,82,82,82,82,82,82,82,82,82,82,82,82,82,82,82,82,82,82,82,82,82,82,82,82],"card_choices":[{"not_picked":["Ball Lightning","Barrage"],"picked":"White Noise","floor":1},{"not_picked":["Lockon","Hologram","Barrage"],"picked":"SKIP","floor":5},{"not_picked":["Multi-Cast","Stack","Beam Cell"],"picked":"SKIP","floor":7},{"not_picked":["Lockon","Leap"],"picked":"Biased Cognition","floor":10},{"not_picked":["Rebound","Barrage"],"picked":"FTL","floor":12},{"not_picked":["Gash","Compile Driver"],"picked":"Conserve Battery","floor":13},{"not_picked":["Loop","Heatsinks"],"picked":"Cold Snap","floor":14},{"not_picked":["Electrodynamics","All For One"],"picked":"Echo Form","floor":16},{"not_picked":["FTL","Compile Driver"],"picked":"Conserve Battery+1","floor":18},{"not_picked":["Steam+1","Stack"],"picked":"Hologram+1","floor":21},{"not_picked":["Go for the Eyes","Gash"],"picked":"Machine Learning","floor":24},{"not_picked":["Gash","Beam Cell","Hologram"],"picked":"SKIP","floor":29},{"not_picked":["Go for the Eyes","Sweeping Beam+1","Barrage"],"picked":"SKIP","floor":30},{"not_picked":["Lockon","Barrage","Leap"],"picked":"SKIP","floor":31},{"not_picked":["Rainbow","Amplify"],"picked":"Thunder Strike","floor":33},{"not_picked":["Heatsinks","Auto Shields+1","Sweeping Beam"],"picked":"SKIP","floor":35},{"not_picked":["Beam Cell","Turbo+1"],"picked":"Reinforced Body","floor":36}],"player_experience":340741,"relics_obtained":[{"floor":3,"key":"Bottled Lightning"},{"floor":7,"key":"Tiny Chest"},{"floor":9,"key":"Regal Pillow"},{"floor":12,"key":"Strawberry"},{"floor":13,"key":"Odd Mushroom"},{"floor":24,"key":"Oddly Smooth Stone"},{"floor":26,"key":"Pantograph"},{"floor":27,"key":"Potion Belt"},{"floor":28,"key":"Bronze Scales"},{"floor":29,"key":"Lantern"}],"event_choices":[{"damage_healed":0,"gold_gain":0,"player_choice":"Grow","damage_taken":0,"max_hp_gain":0,"max_hp_loss":0,"event_name":"Living Wall","floor":2,"gold_loss":0,"cards_upgraded":["White Noise"]},{"damage_healed":0,"gold_gain":0,"player_choice":"Fought Mushrooms","damage_taken":0,"max_hp_gain":0,"max_hp_loss":0,"event_name":"Mushrooms","floor":13,"gold_loss":0},{"damage_healed":0,"gold_gain":0,"player_choice":"Traded Relic","damage_taken":0,"relics_obtained":["Nloth\u0027s Gift"],"max_hp_gain":0,"max_hp_loss":0,"event_name":"N\u0027loth","floor":19,"relics_lost":["Empty Cage"],"gold_loss":0},{"cards_removed":["Defend_B"],"damage_healed":0,"gold_gain":0,"player_choice":"Purged","damage_taken":0,"max_hp_gain":0,"max_hp_loss":0,"event_name":"Purifier","floor":38,"gold_loss":0}],"is_beta":false,"boss_relics":[{"not_picked":["Cursed Key","Velvet Choker"],"picked":"Empty Cage"},{"not_picked":["Coffee Dripper","Busted Crown"],"picked":"Eternal Feather"}],"items_purged_floors":[4,11,37],"is_endless":false,"potions_floor_spawned":[1,7,10,12,16,21,24,29,31,35],"killed_by":"Jaw Worm Horde","ascension_level":7}