{"gold_per_floor":[216,391,406,0,11,22,55,55,105,105,105,124,136,168,168,245,245,257,269,269,289,35,96,96,130,181,181,193,193,205,205,205,205],"floor_reached":33,"playtime":1628,"items_purged":["Doubt"],"score":515,"play_id":"5ee2a396-5b70-4f95-80d6-e9eb33ed1ce2","local_time":"20190408114354","is_ascension_mode":true,"campfire_choices":[{"floor":11,"key":"REST"},{"floor":15,"key":"REST"},{"floor":24,"key":"REST"},{"floor":32,"key":"REST"}],"neow_cost":"NONE","seed_source_timestamp":186045091832190,"circlet_count":0,"master_deck":["AscendersBane","Defend_R+1","Defend_R+1","Defend_R+1","Defend_R+1","Bash","Armaments","Clothesline","Metallicize+1","Wild Strike","Rampage","Iron Wave+1","Battle Trance","Twin Strike+1","Disarm","Offering","Headbutt+1","Second Wind","Bite+1","Bite+1","Bite+1","Bite+1","Bite+1","Sentinel","Offering","Whirlwind+1","Heavy Blade+1"],"relics":["Burning Blood","Frozen Egg 2","Molten Egg 2","Potion Belt","War Paint","Velvet Choker","Gremlin Horn","Tiny Chest","Red Skull","Smiling Mask","Bottled Lightning","Letter Opener"],"potions_floor_usage":[14,16,25,25,33],"damage_taken":[{"damage":7,"enemies":"2 Louse","floor":1,"turns":3},{"damage":0,"enemies":"Small Slimes","floor":3,"turns":3},{"damage":8,"enemies":"Jaw Worm","floor":5,"turns":3},{"damage":11,"enemies":"Red Slaver","floor":6,"turns":5},{"damage":29,"enemies":"Lagavulin","floor":7,"turns":8},{"damage":4,"enemies":"Blue Slaver","floor":12,"turns":4},{"damage":23,"enemies":"Exordium Wildlife","floor":13,"turns":6},{"damage":29,"enemies":"3 Sentries","floor":14,"turns":10},{"damage":43,"enemies":"The Guardian","floor":16,"turns":15},{"damage":19,"enemies":"Spheric Guardian","floor":18,"turns":5},{"damage":14,"enemies":"3 Byrds","floor":19,"turns":6},{"damage":16,"enemies":"Centurion and Healer","floor":21,"turns":7},{"damage":73,"enemies":"Gremlin Leader","floor":23,"turns":10},{"damage":55,"enemies":"Slavers","floor":25,"turns":6},{"damage":36,"enemies":"Snake Plant","floor":28,"turns":5},{"damage":14,"enemies":"3 Cultists","floor":30,"turns":3},{"damage":91,"enemies":"Automaton","floor":33,"turns":6}],"seed_played":"-8488219040388792622","potions_obtained":[{"floor":13,"key":"Weak Potion"},{"floor":14,"key":"Regen Potion"},{"floor":18,"key":"Regen Potion"},{"floor":19,"key":"Regen Potion"},{"floor":25,"key":"Fire Potion"}],"is_trial":false,"path_per_floor":["M","?","M","$","M","M","E","?","T","?","R","M","M","E","R","B",null,"M","M","?","M","$","E","R","E","T","T","M","?","M","T","R","B"],"character_chosen":"IRONCLAD","items_purchased":["Frozen Egg 2","Metallicize+1","Gremlin Horn"],"campfire_rested":4,"item_purchase_floors":[4,4,22],"current_hp_per_floor":[71,71,77,77,75,70,47,40,40,33,57,59,42,19,43,21,65,52,44,44,56,56,20,36,42,42,42,27,27,22,22,38,0],"gold":205,"neow_bonus":"HUNDRED_GOLD","is_prod":false,"is_daily":false,"chose_seed":false,"campfire_upgraded":0,"win_rate":0,"timestamp":1554749034,"path_taken":["M","?","M","$","M","M","E","?","T","?","R","M","M","E","R","BOSS","M","M","?","M","$","E","R","E","T","?","?","?","M","?","R","BOSS"],"build_version":"2019-01-23","purchased_purges":1,"victory":false,"max_hp_per_floor":[80,80,80,80,80,80,80,80,80,80,80,80,80,80,80,80,80,80,80,56,56,56,56,56,56,56,56,56,56,56,56,56,56],"card_choices":[{"not_picked":["Havoc","Wild Strike"],"picked":"Armaments","floor":1},{"not_picked":["Perfected Strike","True Grit"],"picked":"Clothesline","floor":3},{"not_picked":["Rage","Sever Soul"],"picked":"Wild Strike","floor":5},{"not_picked":["Perfected Strike","Clothesline"],"picked":"Rampage","floor":6},{"not_picked":["Seeing Red","Sever Soul"],"picked":"Iron Wave","floor":7},{"not_picked":["Perfected Strike+1","Blood for Blood+1"],"picked":"Battle Trance","floor":12},{"not_picked":["Reckless Charge+1","Thunderclap+1"],"picked":"Twin Strike+1","floor":13},{"not_picked":["Flex","Body Slam+1"],"picked":"Disarm","floor":14},{"not_picked":["Bludgeon+1","Feed+1"],"picked":"Offering","floor":16},{"not_picked":["Sever Soul+1","Havoc+1"],"picked":"Headbutt+1","floor":18},{"not_picked":["Headbutt+1","Wild Strike+1"],"picked":"Second Wind","floor":19},{"not_picked":["Sword Boomerang+1","Headbutt+1"],"picked":"Sentinel","floor":21},{"not_picked":["Bloodletting","Pommel Strike+1"],"picked":"Offering","floor":23},{"not_picked":["Reckless Charge+1","Pommel Strike+1"],"picked":"Whirlwind+1","floor":25},{"not_picked":["Dual Wield","Flex"],"picked":"Heavy Blade+1","floor":28},{"not_picked":["Perfected Strike+1","Second Wind","Evolve+1"],"picked":"SKIP","floor":30}],"player_experience":392606,"relics_obtained":[{"floor":7,"key":"Molten Egg 2"},{"floor":9,"key":"Potion Belt"},{"floor":14,"key":"War Paint"},{"floor":23,"key":"Tiny Chest"},{"floor":25,"key":"Red Skull"},{"floor":26,"key":"Smiling Mask"},{"floor":27,"key":"Bottled Lightning"},{"floor":31,"key":"Letter Opener"}],"event_choices":[{"damage_healed":0,"gold_gain":175,"player_choice":"AGREE","damage_taken":0,"max_hp_gain":0,"max_hp_loss":0,"event_name":"Liars Game","floor":2,"gold_loss":0,"cards_obtained":["Doubt"]},{"cards_removed":["Strike_R"],"damage_healed":0,"gold_gain":0,"player_choice":"Card Removal","damage_taken":7,"max_hp_gain":0,"max_hp_loss":0,"event_name":"Golden Wing","floor":8,"gold_loss":0},{"damage_healed":0,"gold_gain":0,"player_choice":"Fled","damage_taken":7,"max_hp_gain":0,"max_hp_loss":0,"event_name":"Scrap Ooze","floor":10,"gold_loss":0},{"damage_healed":0,"gold_gain":0,"player_choice":"Became a vampire","damage_taken":0,"max_hp_gain":0,"max_hp_loss":24,"event_name":"Vampires","floor":20,"gold_loss":0,"cards_obtained":["Bite","Bite","Bite","Bite","Bite"]},{"damage_healed":0,"gold_gain":0,"player_choice":"Simplicity","damage_taken":0,"max_hp_gain":0,"max_hp_loss":0,"event_name":"Back to Basics","floor":29,"gold_loss":0,"cards_upgraded":["Defend_R","Defend_R"]}],"is_beta":false,"boss_relics":[{"not_picked":["Cursed Key","Black Blood"],"picked":"Velvet Choker"}],"items_purged_floors":[4],"is_endless":false,"potions_floor_spawned":[13,14,18,19,25],"killed_by":"Automaton","ascension_level":13}