{"gold_per_floor":[112,122,134,134,150,178,178,211,211,211,239,239,249,261,261,366,366,385,300,318,329,106,134,134,153,153,153,153,170,188,199,199,199],"floor_reached":33,"playtime":4084,"items_purged":["Exhume"],"score":422,"play_id":"e1e6de7e-0a22-4962-815a-303d32cd8c7c","local_time":"20190503142108","is_ascension_mode":true,"campfire_choices":[{"floor":7.0,"key":"REST"},{"floor":10.0,"key":"REST"},{"data":"1","floor":12.0,"key":"LIFT"},{"floor":15.0,"key":"REST"},{"floor":24.0,"key":"REST"},{"data":"2","floor":27.0,"key":"LIFT"},{"floor":32.0,"key":"REST"}],"neow_cost":"NONE","seed_source_timestamp":0,"circlet_count":0,"master_deck":["Strike_R","Strike_R","Strike_R","Strike_R","Strike_R","Defend_R","Defend_R","Defend_R","Defend_R","Bash","Perfected Strike","Armaments","Perfected Strike","Juggernaut+1","Havoc","Dual Wield","Disarm","Bludgeon","Pummel+1","Flex","Evolve","Spot Weakness","Shame","Perfected Strike","Shrug It Off","Barricade"],"special_seed":0,"relics":["Burning Blood","Anchor","Nunchaku","Girya","Mango","Dodecahedron","Cursed Key","Happy Flower","PreservedInsect","Bottled Flame","Mercury Hourglass"],"potions_floor_usage":[33],"damage_taken":[{"damage":11.0,"enemies":"Small Slimes","floor":1.0,"turns":7.0},{"damage":8.0,"enemies":"Jaw Worm","floor":2.0,"turns":4.0},{"damage":1.0,"enemies":"Cultist","floor":3.0,"turns":3.0},{"damage":7.0,"enemies":"Looter","floor":5.0,"turns":4.0},{"damage":55.0,"enemies":"3 Sentries","floor":6.0,"turns":14.0},{"damage":48.0,"enemies":"Gremlin Nob","floor":8.0,"turns":5.0},{"damage":30.0,"enemies":"3 Sentries","floor":11.0,"turns":8.0},{"damage":15.0,"enemies":"2 Fungi Beasts","floor":13.0,"turns":3.0},{"damage":8.0,"enemies":"Blue Slaver","floor":14.0,"turns":3.0},{"damage":35.0,"enemies":"The Guardian","floor":16.0,"turns":13.0},{"damage":17.0,"enemies":"Chosen","floor":18.0,"turns":5.0},{"damage":17.0,"enemies":"Spheric Guardian","floor":20.0,"turns":4.0},{"damage":19.0,"enemies":"Cultist and Chosen","floor":21.0,"turns":6.0},{"damage":31.0,"enemies":"Book of Stabbing","floor":23.0,"turns":4.0},{"damage":19.0,"enemies":"3 Cultists","floor":25.0,"turns":5.0},{"damage":3.0,"enemies":"Centurion and Healer","floor":29.0,"turns":5.0},{"damage":18.0,"enemies":"Snake Plant","floor":30.0,"turns":3.0},{"damage":1.0,"enemies":"Snecko","floor":31.0,"turns":4.0},{"damage":76,"enemies":"Champ","floor":33,"turns":11}],"seed_played":"-7779149376298672108","potions_obtained":[{"floor":5.0,"key":"Regen Potion"},{"floor":11.0,"key":"SpeedPotion"},{"floor":13.0,"key":"Strength Potion"},{"floor":14.0,"key":"GamblersBrew"},{"floor":21.0,"key":"SpeedPotion"},{"floor":29.0,"key":"SkillPotion"}],"is_trial":false,"path_per_floor":["?","?","?","M"],"character_chosen":"IRONCLAD","items_purchased":["PreservedInsect"],"campfire_rested":5,"item_purchase_floors":[22],"current_hp_per_floor":[67,65,70,67,66,32,56,14,28,56,32,32,23,21,49,20,76,65,65,54,41,41,16,44,31,31,31,31,34,22,27,55,0],"gold":199,"neow_bonus":"ONE_RANDOM_RARE_CARD","is_prod":false,"is_daily":false,"chose_seed":false,"campfire_upgraded":0,"win_rate":0,"timestamp":1556914868,"path_taken":["M","M","M","?","M","E","R","E","T","R","E","R","M","M","R","BOSS","M","?","M","M","$","E","R","M","T","R","?","M","?","M","R","BOSS"],"build_version":"2019-01-23","purchased_purges":1,"victory":false,"max_hp_per_floor":[80,80,80,80,80,80,80,80,94,94,94,94,94,94,94,94,94,94,94,94,94,94,94,94,94,94,94,94,94,94,94,94,94],"card_choices":[{"not_picked":["Anger","Armaments"],"picked":"Perfected Strike","floor":1.0},{"not_picked":["Disarm","Heavy Blade"],"picked":"Armaments","floor":2.0},{"not_picked":["Sword Boomerang","Warcry","Armaments"],"picked":"SKIP","floor":3.0},{"not_picked":["True Grit","Armaments"],"picked":"Perfected Strike","floor":5.0},{"not_picked":["Rage","Shrug It Off"],"picked":"Juggernaut","floor":6.0},{"not_picked":["Heavy Blade","Anger"],"picked":"Havoc","floor":8.0},{"not_picked":["Headbutt","Clash","Sword Boomerang"],"picked":"SKIP","floor":11.0},{"not_picked":["Whirlwind","Sword Boomerang"],"picked":"Dual Wield","floor":13.0},{"not_picked":["Thunderclap","Flex"],"picked":"Disarm","floor":14.0},{"not_picked":["Brutality","Dark Embrace"],"picked":"Bludgeon","floor":16.0},{"not_picked":["Rupture","Warcry"],"picked":"Pummel+1","floor":18.0},{"not_picked":["Clothesline","Whirlwind","Searing Blow"],"picked":"SKIP","floor":20.0},{"not_picked":["Anger","Searing Blow+1"],"picked":"Flex","floor":21.0},{"not_picked":["Clash","Carnage+1"],"picked":"Evolve","floor":23.0},{"not_picked":["Anger","Flex"],"picked":"Spot Weakness","floor":25.0},{"not_picked":["Wild Strike","Dropkick"],"picked":"Perfected Strike","floor":29.0},{"not_picked":["Ghostly Armor","Metallicize"],"picked":"Shrug It Off","floor":30.0},{"not_picked":["True Grit","Whirlwind+1"],"picked":"Barricade","floor":31.0}],"player_experience":638199,"relics_obtained":[{"floor":6.0,"key":"Nunchaku"},{"floor":8.0,"key":"Girya"},{"floor":9.0,"key":"Mango"},{"floor":11.0,"key":"Dodecahedron"},{"floor":23.0,"key":"Bottled Flame"},{"floor":26.0,"key":"Mercury Hourglass"}],"event_choices":[{"damage_healed":0.0,"max_hp_gain":0.0,"max_hp_loss":0.0,"gold_gain":0.0,"event_name":"Scrap Ooze","player_choice":"Success","floor":4.0,"gold_loss":0.0,"damage_taken":3.0,"relics_obtained":["Anchor"]},{"damage_healed":0.0,"max_hp_gain":0.0,"max_hp_loss":0.0,"gold_gain":0.0,"event_name":"Addict","player_choice":"Obtained Relic","floor":19.0,"gold_loss":85.0,"damage_taken":0.0,"relics_obtained":["Happy Flower"]},{"damage_healed":0.0,"max_hp_gain":0.0,"max_hp_loss":0.0,"gold_gain":0.0,"event_name":"Upgrade Shrine","player_choice":"Upgraded","floor":28.0,"gold_loss":0.0,"damage_taken":0.0,"cards_upgraded":["Juggernaut"]}],"is_beta":false,"boss_relics":[{"not_picked":["Busted Crown","Runic Cube"],"picked":"Cursed Key"}],"items_purged_floors":[22],"is_endless":false,"potions_floor_spawned":[5,11,13,14,21,25,29],"killed_by":"Champ","ascension_level":9}