{"gold_per_floor":[116,126,51,71,86,119,119,129,203,173,191,224,235,235,235,235],"floor_reached":16,"playtime":1638,"items_purged":["Strike_R"],"score":114,"play_id":"3f9c94fe-407d-4302-ba9d-430ea519a0b6","local_time":"20190106121611","is_ascension_mode":false,"campfire_choices":[{"floor":7,"key":"REST"},{"data":"Rage","floor":15,"key":"SMITH"}],"neow_cost":"NONE","seed_source_timestamp":365213277857365,"circlet_count":0,"master_deck":["Strike_R","Strike_R","Strike_R","Strike_R","Defend_R","Defend_R","Defend_R","Defend_R","Bash+1","Whirlwind","Heavy Blade","Headbutt","Clothesline","Dual Wield","Flame Barrier","Rage+1","Shrug It Off","Second Wind","Parasite"],"relics":["Burning Blood","Potion Belt","Pear","Magic Flower"],"potions_floor_usage":[12,12,12],"damage_taken":[{"damage":0,"enemies":"Small Slimes","floor":1,"turns":4},{"damage":1,"enemies":"Cultist","floor":2,"turns":3},{"damage":7,"enemies":"2 Louse","floor":4,"turns":3},{"damage":14,"enemies":"Blue Slaver","floor":5,"turns":4},{"damage":39,"enemies":"Lagavulin","floor":6,"turns":6},{"damage":42,"enemies":"Exordium Wildlife","floor":8,"turns":6},{"damage":0,"enemies":"3 Louse","floor":11,"turns":1},{"damage":5,"enemies":"Gremlin Nob","floor":12,"turns":3},{"damage":5,"enemies":"Blue Slaver","floor":13,"turns":4},{"damage":71,"enemies":"Hexaghost","floor":16,"turns":16}],"seed_played":"-1949631498064694275","potions_obtained":[{"floor":1,"key":"Poison Potion"},{"floor":5,"key":"Ancient Potion"},{"floor":8,"key":"SteroidPotion"},{"floor":10,"key":"Ancient Potion"},{"floor":10,"key":"LiquidBronze"}],"is_trial":false,"path_per_floor":["M","M","$","M","M","E","R","M","T","?","M","E","M","?","R","B"],"character_chosen":"IRONCLAD","items_purchased":[],"campfire_rested":1,"item_purchase_floors":[],"current_hp_per_floor":[80,80,80,79,71,38,62,26,36,36,42,43,47,69,69,0],"gold":235,"neow_bonus":"UPGRADE_CARD","is_prod":false,"is_daily":false,"chose_seed":false,"campfire_upgraded":1,"win_rate":0.0,"timestamp":1546794971,"path_taken":["M","M","$","M","M","E","R","M","T","?","M","E","?","?","R","BOSS"],"build_version":"2018-12-20","purchased_purges":1,"victory":false,"max_hp_per_floor":[80,80,80,80,80,80,80,80,90,90,90,90,90,90,90,90],"card_choices":[{"not_picked":["Uppercut","Warcry"],"picked":"Whirlwind","floor":1},{"not_picked":["Spot Weakness","Warcry"],"picked":"Heavy Blade","floor":2},{"not_picked":["Dual Wield","Spot Weakness"],"picked":"Headbutt","floor":4},{"not_picked":["Clash","Headbutt"],"picked":"Clothesline","floor":5},{"not_picked":["Fiend Fire","Pummel"],"picked":"Dual Wield","floor":6},{"not_picked":["Sword Boomerang","Clothesline"],"picked":"Flame Barrier","floor":8},{"not_picked":["Reckless Charge","Rupture"],"picked":"Rage","floor":11},{"not_picked":["Perfected Strike","Iron Wave"],"picked":"Shrug It Off","floor":12},{"not_picked":["Iron Wave","Warcry"],"picked":"Second Wind","floor":13}],"player_experience":105310,"relics_obtained":[{"floor":6,"key":"Potion Belt"},{"floor":9,"key":"Pear"},{"floor":12,"key":"Magic Flower"}],"event_choices":[{"damage_healed":0,"gold_gain":0,"player_choice":"Bought 2 Potions","damage_taken":0,"max_hp_gain":0,"max_hp_loss":0,"event_name":"The Woman in Blue","floor":10,"gold_loss":0},{"damage_healed":22,"gold_gain":0,"player_choice":"Healed and dodged fight","damage_taken":0,"max_hp_gain":0,"max_hp_loss":0,"event_name":"Mushrooms","floor":14,"gold_loss":0,"cards_obtained":["Parasite"]}],"is_beta":false,"boss_relics":[],"items_purged_floors":[3],"is_endless":false,"potions_floor_spawned":[1,5,8],"killed_by":"Hexaghost","ascension_level":0}