{"gold_per_floor":[118,118,118,118,141,141,161,205,232,232,268,149,149,174,174,305,305,329,308,331,246,48,86,86,12,12,32,32,45,45,70,70,198,198,217,276,290,49,64,64,397,397,477,493,493,503,76,76,76,76],"floor_reached":51,"playtime":3543,"items_purged":["Defend_G","Strike_G","Strike_G","Strike_G","Flechettes+1"],"score":700,"play_id":"e38c7dc6-bb29-4d8c-8708-48f2bf162086","local_time":"20180710185555","is_ascension_mode":false,"campfire_choices":[{"data":"Blur","floor":6.0,"key":"SMITH"},{"data":"Cloak And Dagger","floor":10.0,"key":"SMITH"},{"data":"Blur","floor":15.0,"key":"SMITH"},{"floor":24,"key":"REST"},{"data":"Dodge and Roll","floor":28,"key":"SMITH"},{"floor":30,"key":"REST"},{"data":"Accuracy","floor":32,"key":"SMITH"},{"data":"Burst","floor":40,"key":"SMITH"},{"data":"Envenom","floor":45,"key":"SMITH"},{"data":"Magnetism","floor":49,"key":"SMITH"}],"neow_cost":"NONE","seed_source_timestamp":0,"circlet_count":0,"master_deck":["Defend_G","Defend_G","Defend_G","Defend_G","Survivor","Neutralize","Blur+1","Escape Plan","Blur+1","Prepared","Cloak And Dagger+1","Caltrops","Envenom+1","Distraction","Blade Dance","Accuracy","Cloak And Dagger","Accuracy+1","Terror+1","Blade Dance","Blade Dance","Distraction","Backflip","Dodge and Roll+1","Backflip+1","Cloak And Dagger+1","Burst+1","Magnetism+1","Accuracy"],"special_seed":0,"relics":["Ring of the Snake","Happy Flower","Bronze Scales","Art of War","Smiling Mask","Orrery","The Specimen","Whetstone","Omamori","Boot","Busted Crown","Incense Burner","Lee\u0027s Waffle","Bottled Flame","Bird Faced Urn"],"potions_floor_usage":[29,33,33,39,50,50,50],"damage_taken":[{"damage":0.0,"enemies":"2 Louse","floor":1.0,"turns":4.0},{"damage":0.0,"enemies":"Jaw Worm","floor":5.0,"turns":5.0},{"damage":0.0,"enemies":"Small Slimes","floor":7.0,"turns":4.0},{"damage":20.0,"enemies":"3 Sentries","floor":8.0,"turns":15.0},{"damage":0.0,"enemies":"Lagavulin","floor":11.0,"turns":11.0},{"damage":2.0,"enemies":"Looter","floor":14.0,"turns":2.0},{"damage":13.0,"enemies":"The Guardian","floor":16.0,"turns":15.0},{"damage":4.0,"enemies":"3 Byrds","floor":18.0,"turns":1.0},{"damage":5.0,"enemies":"2 Thieves","floor":19.0,"turns":5.0},{"damage":24.0,"enemies":"Snake Plant","floor":20.0,"turns":4.0},{"damage":26,"enemies":"Book of Stabbing","floor":23,"turns":6},{"damage":0,"enemies":"Snecko","floor":27,"turns":4},{"damage":5,"enemies":"Centurion and Healer","floor":29,"turns":8},{"damage":10,"enemies":"Snake Plant","floor":31,"turns":3},{"damage":39,"enemies":"Collector","floor":33,"turns":8},{"damage":14,"enemies":"3 Shapes","floor":35,"turns":4},{"damage":29,"floor":36,"turns":9},{"damage":0,"enemies":"Orb Walker","floor":37,"turns":3},{"damage":16,"enemies":"Maw","floor":39,"turns":8},{"damage":3,"enemies":"4 Shapes","floor":44,"turns":5},{"damage":8,"enemies":"Sphere and 2 Shapes","floor":46,"turns":6},{"damage":37,"enemies":"Time Eater","floor":50,"turns":14}],"seed_played":"-4873968395336015866","potions_obtained":[{"floor":1.0,"key":"Dexterity Potion"},{"floor":7.0,"key":"PowerPotion"},{"floor":11.0,"key":"GhostInAJar"},{"floor":20.0,"key":"Ancient Potion"},{"floor":27,"key":"Dexterity Potion"},{"floor":29,"key":"FairyPotion"},{"floor":31,"key":"SkillPotion"},{"floor":37,"key":"SkillPotion"},{"floor":44,"key":"Poison Potion"}],"is_trial":false,"path_per_floor":["M","?","?","?","M","R","M","E","T","R","E","$","?","M","R","B",null,"M","M","M","?","$","E","R","$","T","M","R","M","R","M","R","B",null,"M","?","M","$","M","R","?","?","T","M","R","M","$","T","R","B"],"character_chosen":"THE_SILENT","items_purchased":["Caltrops","Whetstone","Backflip","Lee\u0027s Waffle","Magnetism","Accuracy","Dexterity Potion","Dexterity Potion"],"campfire_rested":2,"item_purchase_floors":[12,22,25,38,47,47,47,47],"current_hp_per_floor":[70,58,51,51,51,51,51,31,31,31,31,31,31,29,29,16,65,61,56,32,32,32,6,25,25,25,25,25,20,39,29,29,6,65,51,22,22,72,56,56,56,56,56,53,53,45,45,45,45,22],"gold":76,"neow_bonus":"THREE_CARDS","is_prod":false,"is_daily":false,"chose_seed":false,"campfire_upgraded":8,"win_rate":0,"timestamp":1531241755,"path_taken":["M","?","?","?","?","R","M","E","T","R","E","$","?","M","R","BOSS","M","M","M","?","$","E","R","$","T","M","R","?","R","M","R","BOSS","M","?","M","$","M","R","?","?","T","M","R","?","?","?","R","BOSS"],"build_version":"2018-07-05","purchased_purges":5,"victory":true,"max_hp_per_floor":[70,70,70,65,65,65,65,65,65,65,65,65,65,65,65,65,65,65,65,65,65,65,65,65,65,65,65,65,65,65,65,65,65,65,65,65,65,72,72,72,72,72,72,72,72,72,72,72,72,72],"card_choices":[{"not_picked":["Prepared","Bane"],"picked":"Blur","floor":0.0},{"not_picked":["Bane","PiercingWail"],"picked":"Escape Plan","floor":1.0},{"not_picked":["Catalyst","Backflip"],"picked":"Blur","floor":5.0},{"not_picked":["Dagger Spray","Acrobatics"],"picked":"Prepared","floor":7.0},{"not_picked":["Skewer","Calculated Gamble"],"picked":"Cloak And Dagger","floor":8.0},{"not_picked":["All Out Attack","Choke"],"picked":"Flechettes","floor":11.0},{"not_picked":["Sucker Punch","Flechettes","Choke"],"picked":"SKIP","floor":14.0},{"not_picked":["Phantasmal Killer","Wraith Form v2"],"picked":"Envenom","floor":16.0},{"not_picked":["Heel Hook","Dash"],"picked":"Distraction","floor":17.0},{"not_picked":["Deflect","Acrobatics"],"picked":"Blade Dance","floor":17.0},{"not_picked":["Outmaneuver","Sucker Punch"],"picked":"Accuracy","floor":17.0},{"not_picked":["Slice","Calculated Gamble"],"picked":"Cloak And Dagger","floor":17.0},{"not_picked":["Endless Agony","Dash"],"picked":"Accuracy","floor":17.0},{"not_picked":["Wraith Form v2","All Out Attack+1"],"picked":"Terror+1","floor":18.0},{"not_picked":["Outmaneuver+1","Backflip+1"],"picked":"Blade Dance","floor":19.0},{"not_picked":["Endless Agony","Deadly Poison"],"picked":"Blade Dance","floor":20.0},{"not_picked":["Expertise","Finisher"],"picked":"Distraction","floor":23},{"not_picked":["Sucker Punch","Catalyst"],"picked":"Dodge and Roll","floor":27},{"not_picked":["Cloak And Dagger","Blade Dance"],"picked":"Backflip+1","floor":29},{"not_picked":["Backstab+1","PiercingWail"],"picked":"Cloak And Dagger+1","floor":31},{"not_picked":["Bullet Time","Envenom"],"picked":"Burst","floor":33},{"not_picked":["Reflex"],"picked":"SKIP","floor":35},{"not_picked":["Deflect"],"picked":"SKIP","floor":37},{"not_picked":["Choke"],"picked":"SKIP","floor":39},{"not_picked":["Flying Knee+1"],"picked":"SKIP","floor":44},{"not_picked":["Deflect+1"],"picked":"SKIP","floor":46}],"player_experience":80309,"relics_obtained":[{"floor":8.0,"key":"Bronze Scales"},{"floor":9.0,"key":"Art of War"},{"floor":11.0,"key":"Smiling Mask"},{"floor":23,"key":"Omamori"},{"floor":26,"key":"Boot"},{"floor":36,"key":"Incense Burner"},{"floor":43,"key":"Bottled Flame"},{"floor":48,"key":"Bird Faced Urn"}],"event_choices":[{"event_name":"Scrap Ooze","player_choice":"success","floor":2.0,"damage_taken":12.0},{"event_name":"Wheel of Change","player_choice":"Damage","floor":3.0,"damage_taken":0.0},{"event_name":"Golden Idol","player_choice":"Lose Max HP","floor":4.0,"damage_taken":0.0},{"event_name":"Living Wall","player_choice":"Forget","floor":13.0,"damage_taken":0.0},{"event_name":"Addict","player_choice":"Obtained Relic","floor":21.0,"damage_taken":0.0},{"event_name":"Mysterious Sphere","player_choice":"Fight","floor":36,"damage_taken":0},{"event_name":"The Moai Head","player_choice":"Gave Idol","floor":41,"damage_taken":0},{"event_name":"Falling","player_choice":"Removed Attack","floor":42,"damage_taken":0}],"boss_relics":[{"not_picked":["Philosopher\u0027s Stone","Astrolabe"],"picked":"Orrery"},{"not_picked":["Empty Cage","Pandora\u0027s Box"],"picked":"Busted Crown"}],"items_purged_floors":[12,22,25,38,47],"is_endless":false,"potions_floor_spawned":[1,7,11,20,27,29,31,37,44],"ascension_level":0}