{"gold_per_floor":[110,140,65,78,3,3,20,34,61,124,124,124,124,43,43,117,117,137,26,26,40,40,40,72,43,92,117,117,117],"floor_reached":29,"playtime":1045,"items_purged":["Clumsy"],"score":544,"play_id":"e28bfaae-5a63-4c73-93f4-8f5070357122","local_time":"20190501173901","is_ascension_mode":true,"campfire_choices":[{"data":"Hello World","floor":6,"key":"SMITH"},{"floor":11,"key":"REST"},{"floor":13,"key":"REST"},{"data":"Beam Cell","floor":15,"key":"SMITH"},{"data":"Ghostly","floor":23,"key":"SMITH"},{"floor":28,"key":"REST"}],"neow_cost":"CURSE","seed_source_timestamp":3353853109200692,"circlet_count":0,"master_deck":["AscendersBane","Defend_B","Defend_B","Defend_B","Zap+1","Dualcast+1","Redo","Leap","Hello World+1","Sweeping Beam","Hello World","Beam Cell+1","Echo Form","Multi-Cast+1","All For One+1","Turbo+1","Cold Snap","Go for the Eyes","Ghostly+1","Ghostly","Ghostly","Gash","Gash","Reboot","Hologram","Gash"],"relics":["Cracked Core","Tiny Chest","Centennial Puzzle","Kunai","Shuriken","Astrolabe","Juzu Bracelet","War Paint","Bottled Flame"],"potions_floor_usage":[10,16,16,24,24],"damage_taken":[{"damage":7,"enemies":"2 Louse","floor":1,"turns":3},{"damage":0,"enemies":"Jaw Worm","floor":4,"turns":5},{"damage":3,"enemies":"Small Slimes","floor":7,"turns":4},{"damage":11,"enemies":"Looter","floor":8,"turns":3},{"damage":42,"enemies":"Gremlin Nob","floor":10,"turns":5},{"damage":32,"enemies":"Slime Boss","floor":16,"turns":6},{"damage":33,"enemies":"Shell Parasite","floor":18,"turns":5},{"damage":3,"enemies":"2 Thieves","floor":21,"turns":5},{"damage":0,"enemies":"Book of Stabbing","floor":24,"turns":5},{"damage":15,"enemies":"Slavers","floor":27,"turns":7},{"damage":18,"enemies":"Snake Plant","floor":29,"turns":2}],"seed_played":"3831033926225862340","potions_obtained":[{"floor":4,"key":"EssenceOfSteel"},{"floor":10,"key":"Explosive Potion"},{"floor":16,"key":"SteroidPotion"},{"floor":21,"key":"Strength Potion"}],"is_trial":false,"path_per_floor":["M","?","?","M","$","R","M","M","T","?","R","T","R","$","R","B",null,"M","$","?","M","?","R","E","$","T","E","R","M"],"character_chosen":"DEFECT","items_purchased":["Beam Cell","Fire Potion","Go for the Eyes","Swift Potion","Hologram"],"campfire_rested":3,"item_purchase_floors":[14,14,19,19,25],"current_hp_per_floor":[57,57,57,57,57,57,54,43,43,1,22,22,43,43,43,11,56,23,23,23,20,20,20,20,20,20,5,15,0],"gold":117,"neow_bonus":"TRANSFORM_TWO_CARDS","is_prod":false,"is_daily":false,"chose_seed":false,"campfire_upgraded":3,"win_rate":0,"timestamp":1556728741,"path_taken":["M","?","?","?","$","R","M","M","T","?","R","?","R","$","R","BOSS","M","$","?","M","?","R","E","$","T","E","R","M"],"build_version":"2019-01-23","purchased_purges":1,"victory":false,"max_hp_per_floor":[71,71,71,71,71,71,71,71,71,71,71,71,71,71,71,71,71,71,71,35,35,35,35,35,35,35,35,35,35],"card_choices":[{"not_picked":["Go for the Eyes","Double Energy"],"picked":"Hello World","floor":1},{"not_picked":["Force Field","Barrage"],"picked":"Sweeping Beam","floor":4},{"not_picked":["Go for the Eyes","Barrage","Beam Cell"],"picked":"SKIP","floor":7},{"not_picked":["Heatsinks","Barrage"],"picked":"Hello World","floor":8},{"not_picked":["Meteor Strike","Creative AI"],"picked":"Echo Form","floor":16},{"not_picked":["Loop","Coolheaded"],"picked":"Cold Snap","floor":18},{"not_picked":["Glacier","Conserve Battery"],"picked":"Gash","floor":21},{"not_picked":["Cold Snap+1","Redo"],"picked":"Reboot","floor":24},{"not_picked":["Barrage","Cold Snap"],"picked":"Gash","floor":27}],"player_experience":279360,"relics_obtained":[{"floor":9,"key":"Centennial Puzzle"},{"floor":10,"key":"Kunai"},{"floor":12,"key":"Shuriken"},{"floor":24,"key":"Juzu Bracelet"},{"floor":26,"key":"War Paint"},{"floor":27,"key":"Bottled Flame"}],"event_choices":[{"damage_healed":0,"gold_gain":0,"player_choice":"Box","damage_taken":0,"relics_obtained":["Tiny Chest"],"max_hp_gain":0,"max_hp_loss":0,"event_name":"Big Fish","floor":2,"gold_loss":0,"cards_obtained":["Regret"]},{"cards_removed":["Regret"],"damage_healed":0,"gold_gain":0,"player_choice":"Card Removal","damage_taken":0,"max_hp_gain":0,"max_hp_loss":0,"event_name":"The Cleric","floor":3,"gold_loss":75},{"damage_healed":0,"gold_gain":30,"player_choice":"Searched \u00272\u0027 times","damage_taken":0,"max_hp_gain":0,"max_hp_loss":0,"event_name":"Dead Adventurer","floor":10,"gold_loss":0},{"damage_healed":0,"gold_gain":0,"player_choice":"Became a Ghost","damage_taken":0,"max_hp_gain":0,"max_hp_loss":36,"event_name":"Ghosts","floor":20,"gold_loss":0,"cards_obtained":["Ghostly","Ghostly","Ghostly"]},{"damage_healed":0,"gold_gain":0,"player_choice":"Read","damage_taken":0,"max_hp_gain":0,"max_hp_loss":0,"event_name":"The Library","floor":22,"gold_loss":0,"cards_obtained":["Gash"]}],"is_beta":false,"boss_relics":[{"not_picked":["Empty Cage","Calling Bell"],"picked":"Astrolabe"}],"items_purged_floors":[5],"is_endless":false,"potions_floor_spawned":[4,10,16,21],"killed_by":"Snake Plant","ascension_level":20}