{"gold_per_floor":[110,124,124,144,157,188,188,203,203,218,218,218,218,232,232,335,335,353,15,15,15,15,15],"floor_reached":23,"playtime":661,"items_purged":[],"score":210,"play_id":"5b3989db-32d8-4bd3-90d4-346d921d1424","local_time":"20190211083801","is_ascension_mode":true,"campfire_choices":[{"floor":11,"key":"REST"},{"floor":13,"key":"REST"},{"data":"Darkness","floor":15,"key":"SMITH"}],"neow_cost":"NONE","seed_source_timestamp":1791244628519322,"circlet_count":0,"master_deck":["Strike_B","Strike_B","Strike_B","Strike_B","Defend_B","Defend_B","Defend_B","Defend_B","Zap","Dualcast","Ball Lightning","Conserve Battery","BootSequence","Darkness+1","Consume+1","Loop","Redo","Undo","Amplify","Compile Driver","Mind Blast","Self Repair","Decay","RitualDagger"],"relics":["Cracked Core","Orichalcum","Potion Belt","Inserter","Blood Vial","Pantograph"],"potions_floor_usage":[6,6,14,14,23],"damage_taken":[{"damage":0,"enemies":"Cultist","floor":1,"turns":4},{"damage":7,"enemies":"2 Louse","floor":2,"turns":3},{"damage":4,"enemies":"Small Slimes","floor":4,"turns":3},{"damage":1,"enemies":"Looter","floor":5,"turns":3},{"damage":13,"enemies":"Lagavulin","floor":6,"turns":4},{"damage":10,"enemies":"3 Louse","floor":8,"turns":5},{"damage":12,"enemies":"Large Slime","floor":10,"turns":4},{"damage":6,"enemies":"Exordium Wildlife","floor":14,"turns":4},{"damage":42,"enemies":"The Guardian","floor":16,"turns":8},{"damage":38,"enemies":"3 Byrds","floor":18,"turns":5},{"damage":45,"enemies":"Slavers","floor":23,"turns":3}],"seed_played":"-8667441727897825942","potions_obtained":[{"floor":4,"key":"Weak Potion"},{"floor":5,"key":"Fire Potion"},{"floor":8,"key":"Dexterity Potion"},{"floor":10,"key":"SteroidPotion"}],"is_trial":false,"path_per_floor":["M","M","?","M","M","E","?","M","T","M","R","?","R","M","R","B",null,"M","$","?","?","?","E"],"character_chosen":"DEFECT","items_purchased":["Blood Vial","Mind Blast","SkillPotion","Self Repair"],"campfire_rested":2,"item_purchase_floors":[19,19,19,19],"current_hp_per_floor":[82,75,75,71,70,57,57,47,47,35,59,47,71,65,65,23,82,44,44,44,44,38,0],"gold":15,"neow_bonus":"TEN_PERCENT_HP_BONUS","is_prod":false,"is_daily":false,"chose_seed":false,"campfire_upgraded":1,"win_rate":0,"timestamp":1549903081,"path_taken":["M","?","?","M","?","E","?","?","T","M","R","?","R","M","R","BOSS","M","$","?","?","?","E"],"build_version":"2019-01-23","purchased_purges":0,"victory":false,"max_hp_per_floor":[82,82,82,82,82,82,82,82,82,82,82,82,82,82,82,82,82,82,82,82,82,82,82],"card_choices":[{"not_picked":["Beam Cell","Conserve Battery"],"picked":"Ball Lightning","floor":1},{"not_picked":["Hello World","Steam"],"picked":"Go for the Eyes","floor":2},{"not_picked":["Blizzard","Streamline"],"picked":"BootSequence","floor":4},{"not_picked":["Fusion","Barrage"],"picked":"Darkness","floor":5},{"not_picked":["Go for the Eyes","Tempest"],"picked":"Consume","floor":6},{"not_picked":["Streamline","Compile Driver"],"picked":"Loop","floor":8},{"not_picked":["Reinforced Body","Stack"],"picked":"Redo","floor":10},{"not_picked":["Chaos","Gash"],"picked":"Undo","floor":14},{"not_picked":["Fission","Hyperbeam"],"picked":"Amplify","floor":16},{"not_picked":["Beam Cell","Go for the Eyes"],"picked":"Compile Driver","floor":18}],"player_experience":353634,"relics_obtained":[{"floor":6,"key":"Orichalcum"}],"event_choices":[{"damage_healed":0,"gold_gain":0,"cards_transformed":["Go for the Eyes"],"player_choice":"Transformed","damage_taken":0,"max_hp_gain":0,"max_hp_loss":0,"event_name":"Transmorgrifier","floor":3,"gold_loss":0,"cards_obtained":["Conserve Battery"]},{"damage_healed":0,"gold_gain":0,"player_choice":"Forge","damage_taken":0,"max_hp_gain":0,"max_hp_loss":0,"event_name":"Accursed Blacksmith","floor":7,"gold_loss":0,"cards_upgraded":["Consume"]},{"damage_healed":0,"gold_gain":0,"player_choice":"Success","damage_taken":12,"relics_obtained":["Potion Belt"],"max_hp_gain":0,"max_hp_loss":0,"event_name":"Scrap Ooze","floor":12,"gold_loss":0},{"damage_healed":0,"gold_gain":0,"player_choice":"Smashed Altar","damage_taken":0,"max_hp_gain":0,"max_hp_loss":0,"event_name":"Forgotten Altar","floor":20,"gold_loss":0,"cards_obtained":["Decay"]},{"damage_healed":0,"gold_gain":0,"player_choice":"Opened","damage_taken":0,"relics_obtained":["Pantograph"],"max_hp_gain":0,"max_hp_loss":0,"event_name":"The Mausoleum","floor":21,"gold_loss":0},{"damage_healed":0,"gold_gain":0,"player_choice":"Joined the Cult","damage_taken":6,"max_hp_gain":0,"max_hp_loss":0,"event_name":"Nest","floor":22,"gold_loss":0,"cards_obtained":["RitualDagger"]}],"is_beta":false,"boss_relics":[{"not_picked":["Empty Cage","Coffee Dripper"],"picked":"Inserter"}],"items_purged_floors":[],"is_endless":false,"potions_floor_spawned":[4,5,8,10],"killed_by":"Slavers","ascension_level":2}