{"gold_per_floor":[109,109,184,10,23,50,50,85,85,99,99,134,144,219,219,219],"floor_reached":16,"playtime":493,"items_purged":[],"score":193,"play_id":"b97d4547-bd83-48e8-a191-d0b31d6f023e","local_time":"20190403135439","is_ascension_mode":true,"campfire_choices":[{"data":"Cloak And Dagger","floor":7,"key":"SMITH"},{"data":"Finisher","floor":11,"key":"SMITH"},{"data":"Cloak And Dagger","floor":15,"key":"SMITH"}],"neow_cost":"NONE","seed_source_timestamp":328270016763246,"circlet_count":0,"master_deck":["Defend_G","Defend_G","Defend_G+1","Defend_G+1","Defend_G","Strike_G","Strike_G","Strike_G","Strike_G","Strike_G","Survivor","Neutralize+1","Finisher+1","Cloak And Dagger+1","Footwork","Dagger Spray","Cloak And Dagger+1"],"relics":["Ring of the Snake","NeowsBlessing","War Paint","Singing Bowl","Art of War","Dodecahedron","Bag of Preparation"],"potions_floor_usage":[12,16,16],"damage_taken":[{"damage":0,"enemies":"2 Louse","floor":1,"turns":1},{"damage":0,"enemies":"Small Slimes","floor":5,"turns":1},{"damage":0,"enemies":"3 Sentries","floor":6,"turns":2},{"damage":10,"enemies":"Gremlin Nob","floor":8,"turns":4},{"damage":0,"enemies":"Cultist","floor":10,"turns":4},{"damage":5,"enemies":"Lagavulin","floor":12,"turns":6},{"damage":0,"enemies":"2 Fungi Beasts","floor":13,"turns":3},{"damage":41,"enemies":"Slime Boss","floor":16,"turns":11}],"seed_played":"3518053783214811493","potions_obtained":[{"floor":1,"key":"GhostInAJar"},{"floor":5,"key":"SpeedPotion"},{"floor":6,"key":"Block Potion"},{"floor":10,"key":"Explosive Potion"}],"is_trial":false,"path_per_floor":["M","?","?","$","M","E","R","E","T","M","R","E","M","?","R","B"],"character_chosen":"THE_SILENT","items_purchased":["Cloak And Dagger","War Paint"],"campfire_rested":0,"item_purchase_floors":[4,4],"current_hp_per_floor":[63,63,52,52,52,54,54,46,46,46,46,43,43,36,36,0],"gold":219,"neow_bonus":"THREE_ENEMY_KILL","is_prod":false,"is_daily":false,"chose_seed":false,"campfire_upgraded":3,"win_rate":0,"timestamp":1554324879,"path_taken":["M","?","?","$","M","E","R","E","T","M","R","E","M","?","R","BOSS"],"build_version":"2019-01-23","purchased_purges":0,"victory":false,"max_hp_per_floor":[70,70,70,70,70,72,72,74,74,74,74,76,76,76,76,76],"card_choices":[{"not_picked":["Deadly Poison","Underhanded Strike"],"picked":"Finisher","floor":1},{"not_picked":["Poisoned Stab","Acrobatics"],"picked":"Footwork","floor":5},{"not_picked":["Skewer","Dagger Throw","Burst"],"picked":"Singing Bowl","floor":6},{"not_picked":["Sucker Punch","Distraction","Dodge and Roll"],"picked":"Singing Bowl","floor":8},{"not_picked":["Flying Knee","Dodge and Roll"],"picked":"Dagger Spray","floor":10},{"not_picked":["Flechettes","Expertise","Choke"],"picked":"Singing Bowl","floor":12},{"not_picked":["Poisoned Stab","Dodge and Roll"],"picked":"Cloak And Dagger","floor":13}],"player_experience":138871,"relics_obtained":[{"floor":6,"key":"Singing Bowl"},{"floor":8,"key":"Art of War"},{"floor":9,"key":"Dodecahedron"},{"floor":12,"key":"Bag of Preparation"}],"event_choices":[{"damage_healed":0,"gold_gain":0,"player_choice":"Grow","damage_taken":0,"max_hp_gain":0,"max_hp_loss":0,"event_name":"Living Wall","floor":2,"gold_loss":0,"cards_upgraded":["Neutralize"]},{"damage_healed":0,"gold_gain":75,"player_choice":"Gather Gold","damage_taken":11,"max_hp_gain":0,"max_hp_loss":0,"event_name":"World of Goop","floor":3,"gold_loss":0},{"damage_healed":0,"gold_gain":75,"player_choice":"Touch","damage_taken":7,"max_hp_gain":0,"max_hp_loss":0,"event_name":"FaceTrader","floor":14,"gold_loss":0}],"is_beta":false,"boss_relics":[],"items_purged_floors":[],"is_endless":false,"potions_floor_spawned":[1,5,6,10],"killed_by":"Slime Boss","ascension_level":7}