{"gold_per_floor":[109,126,201,212,212,222,234,234,261,261,261,278,306,317,317,414,414,429,429,440,440,440,440,456,470,470,395,395,415,445,175,175,274,274,285,133,133],"floor_reached":37,"playtime":2094,"items_purged":["Writhe","Strike_R+1"],"score":391,"play_id":"576e7b49-3b31-474b-9bd7-c8195cfdde55","local_time":"20181024150010","is_ascension_mode":false,"campfire_choices":[{"data":"Armaments","floor":8.0,"key":"SMITH"},{"data":"Bash","floor":10.0,"key":"SMITH"},{"data":"Clash","floor":15.0,"key":"SMITH"},{"floor":23.0,"key":"REST"},{"floor":28.0,"key":"REST"},{"floor":32.0,"key":"REST"}],"neow_cost":"NONE","seed_source_timestamp":0,"circlet_count":0,"master_deck":["Strike_R+1","Strike_R+1","Strike_R+1","Strike_R+1","Defend_R+1","Defend_R+1","Defend_R+1","Bash+1","Flex","Clash+1","Armaments+1","Shrug It Off","Clothesline+1","Shrug It Off+1","The Bomb","Barricade"],"special_seed":0,"relics":["Burning Blood","Lantern","CultistMask","Bag of Preparation","Fusion Hammer","Boot","Blue Candle","Art of War","Busted Crown","Anchor"],"potions_floor_usage":[],"damage_taken":[{"damage":6.0,"enemies":"Cultist","floor":1.0,"turns":4.0},{"damage":0.0,"enemies":"Small Slimes","floor":2.0,"turns":3.0},{"damage":11.0,"enemies":"Jaw Worm","floor":4.0,"turns":2.0},{"damage":8.0,"enemies":"3 Louse","floor":6.0,"turns":4.0},{"damage":0.0,"enemies":"Exordium Wildlife","floor":7.0,"turns":4.0},{"damage":0.0,"enemies":"Lots of Slimes","floor":12.0,"turns":3.0},{"damage":9.0,"enemies":"Lagavulin","floor":13.0,"turns":6.0},{"damage":0.0,"enemies":"3 Louse","floor":14.0,"turns":2.0},{"damage":29.0,"enemies":"The Guardian","floor":16.0,"turns":11.0},{"damage":9.0,"enemies":"2 Thieves","floor":18.0,"turns":4.0},{"damage":0.0,"enemies":"Spheric Guardian","floor":20.0,"turns":1.0},{"damage":1.0,"enemies":"Centurion and Healer","floor":24.0,"turns":7.0},{"damage":0.0,"enemies":"Shelled Parasite and Fungi","floor":25.0,"turns":7.0},{"damage":8.0,"enemies":"Sentry and Sphere","floor":29.0,"turns":4.0},{"damage":21.0,"enemies":"Book of Stabbing","floor":30.0,"turns":6.0},{"damage":56.0,"enemies":"Automaton","floor":33.0,"turns":11.0},{"damage":0.0,"enemies":"Orb Walker","floor":35.0,"turns":5.0},{"damage":92,"enemies":"2 Orb Walkers","floor":37,"turns":6}],"seed_played":"-6773583020760088443","potions_obtained":[{"floor":1.0,"key":"EssenceOfSteel"},{"floor":6.0,"key":"Fire Potion"},{"floor":7.0,"key":"LiquidBronze"},{"floor":14.0,"key":"SpeedPotion"},{"floor":29.0,"key":"Explosive Potion"},{"floor":30.0,"key":"Fruit Juice"},{"floor":33.0,"key":"Regen Potion"}],"is_trial":false,"path_per_floor":["M","M","?","M","?","M","M","R","T","R","?","M","E","M","R","B",null,"M","?","M","?","?","R","M","M","T","$","R","M","E","$","R","B",null,"M","$"],"character_chosen":"IRONCLAD","items_purchased":["The Bomb","Anchor"],"campfire_rested":3,"item_purchase_floors":[31,36],"current_hp_per_floor":[80,80,69,64,57,55,61,61,61,61,61,67,64,70,70,47,80,77,77,80,80,65,85,85,85,85,85,85,83,68,68,85,40,90,90,90,0],"gold":133,"neow_bonus":"THREE_CARDS","is_prod":false,"is_daily":false,"chose_seed":false,"campfire_upgraded":3,"win_rate":0,"timestamp":1540418410,"path_taken":["M","?","?","M","?","M","?","R","T","R","?","M","E","M","R","BOSS","M","?","M","?","?","R","M","?","T","$","R","M","E","?","R","BOSS","M","$","?"],"build_version":"2018-10-18","purchased_purges":2,"victory":false,"max_hp_per_floor":[80,80,80,80,80,80,80,80,80,80,80,80,80,80,80,80,80,80,80,80,80,85,85,85,85,85,85,85,85,85,85,85,90,90,90,90,90],"card_choices":[{"not_picked":["Twin Strike","Clothesline"],"picked":"Flex","floor":0.0},{"not_picked":["Metallicize","Iron Wave"],"picked":"Clash","floor":1.0},{"not_picked":["Spot Weakness","Headbutt"],"picked":"Armaments","floor":2.0},{"not_picked":["Armaments","Warcry"],"picked":"Shrug It Off","floor":4.0},{"not_picked":["Anger","Heavy Blade","Body Slam"],"picked":"SKIP","floor":6.0},{"not_picked":["Evolve","Armaments","Clothesline"],"picked":"SKIP","floor":7.0},{"not_picked":["Uppercut","Fiend Fire","Blood for Blood"],"picked":"SKIP","floor":12.0},{"not_picked":["Battle Trance","Headbutt","Perfected Strike"],"picked":"SKIP","floor":13.0},{"not_picked":["Second Wind","Shrug It Off","Carnage"],"picked":"SKIP","floor":14.0},{"not_picked":["Perfected Strike","Blood for Blood"],"picked":"Clothesline+1","floor":18.0},{"not_picked":["Perfected Strike","Wild Strike"],"picked":"Shrug It Off+1","floor":20.0},{"not_picked":["Warcry","Twin Strike","Metallicize"],"picked":"SKIP","floor":24.0},{"not_picked":["Headbutt","Uppercut","Blood for Blood"],"picked":"SKIP","floor":25.0},{"not_picked":["Pommel Strike","Clash","Blood for Blood"],"picked":"SKIP","floor":29.0},{"not_picked":["Pummel","Shockwave","Demon Form"],"picked":"SKIP","floor":30.0},{"not_picked":["Impervious","Bludgeon"],"picked":"Barricade","floor":33.0},{"not_picked":["Combust"],"picked":"SKIP","floor":35.0}],"player_experience":309517,"relics_obtained":[{"floor":9.0,"key":"Lantern"},{"floor":13.0,"key":"Bag of Preparation"},{"floor":26.0,"key":"Blue Candle"},{"floor":30.0,"key":"Art of War"}],"event_choices":[{"damage_healed":0.0,"max_hp_gain":0.0,"max_hp_loss":0.0,"gold_gain":75.0,"event_name":"World of Goop","player_choice":"Gather Gold","floor":3.0,"gold_loss":0.0,"damage_taken":11.0},{"cards_removed":["Defend_R"],"damage_healed":0.0,"max_hp_gain":0.0,"max_hp_loss":0.0,"gold_gain":0.0,"event_name":"Golden Wing","player_choice":"Card Removal","floor":5.0,"gold_loss":0.0,"damage_taken":7.0},{"damage_healed":0.0,"max_hp_gain":0.0,"max_hp_loss":0.0,"gold_gain":0.0,"event_name":"FaceTrader","player_choice":"Trade","floor":11.0,"gold_loss":0.0,"damage_taken":0.0,"relics_obtained":["CultistMask"]},{"damage_healed":0.0,"max_hp_gain":0.0,"max_hp_loss":0.0,"gold_gain":0.0,"event_name":"Back to Basics","player_choice":"Simplicity","floor":19.0,"gold_loss":0.0,"damage_taken":0.0,"cards_upgraded":["Strike_R","Strike_R","Strike_R","Strike_R","Strike_R","Defend_R","Defend_R","Defend_R"]},{"damage_healed":0.0,"max_hp_gain":0.0,"max_hp_loss":0.0,"gold_gain":0.0,"event_name":"The Mausoleum","player_choice":"Opened","floor":21.0,"gold_loss":0.0,"damage_taken":0.0,"relics_obtained":["Boot"],"cards_obtained":["Writhe"]},{"damage_healed":0.0,"max_hp_gain":5.0,"max_hp_loss":0.0,"gold_gain":0.0,"event_name":"Forgotten Altar","player_choice":"Shed Blood","floor":22.0,"gold_loss":0.0,"damage_taken":20.0},{"damage_healed":0,"gold_gain":0,"player_choice":"Fight","damage_taken":0,"max_hp_gain":0,"max_hp_loss":0,"event_name":"Mysterious Sphere","floor":37,"gold_loss":0}],"is_beta":false,"boss_relics":[{"not_picked":["Eternal Feather","Mark of Pain"],"picked":"Fusion Hammer"},{"not_picked":["Astrolabe","Pandora\u0027s Box"],"picked":"Busted Crown"}],"items_purged_floors":[27,31],"is_endless":false,"potions_floor_spawned":[1,6,7,14,29,30,33],"killed_by":"2 Orb Walkers","ascension_level":0}