{"gold_per_floor":[112,112,122,122,134,134,168,168,168,184,204,204,231,231,231,231],"floor_reached":16,"playtime":693,"items_purged":[],"score":193,"play_id":"a94d9dd8-feca-4f4a-8d34-7415290cba98","local_time":"20190327203953","is_ascension_mode":true,"campfire_choices":[{"data":"Zap","floor":6,"key":"SMITH"},{"floor":8,"key":"REST"},{"floor":12,"key":"REST"},{"floor":15,"key":"REST"}],"neow_cost":"NONE","seed_source_timestamp":1390674767000224,"circlet_count":0,"master_deck":["AscendersBane","Strike_B","Strike_B","Strike_B","Strike_B","Defend_B","Defend_B","Defend_B","Defend_B","Zap+1","Dualcast","Sweeping Beam","White Noise","Ball Lightning","FTL","Rainbow"],"relics":["Cracked Core","NeowsBlessing","CultistMask","Kunai","Bottled Lightning","Gremlin Horn"],"potions_floor_usage":[7,7,10,16],"damage_taken":[{"damage":0,"enemies":"Cultist","floor":1,"turns":1},{"damage":0,"enemies":"Small Slimes","floor":3,"turns":1},{"damage":0,"enemies":"Jaw Worm","floor":5,"turns":1},{"damage":37,"enemies":"Gremlin Nob","floor":7,"turns":5},{"damage":11,"enemies":"Large Slime","floor":10,"turns":4},{"damage":13,"enemies":"Blue Slaver","floor":11,"turns":3},{"damage":10,"enemies":"Lagavulin","floor":13,"turns":7},{"damage":52,"enemies":"Hexaghost","floor":16,"turns":9}],"seed_played":"-4541943209060601862","potions_obtained":[{"floor":1,"key":"EssenceOfSteel"},{"floor":3,"key":"Ancient Potion"},{"floor":7,"key":"GamblersBrew"},{"floor":13,"key":"Fire Potion"}],"is_trial":false,"path_per_floor":["M","?","M","?","M","R","E","R","T","M","M","R","E","?","R","B"],"character_chosen":"DEFECT","items_purchased":[],"campfire_rested":3,"item_purchase_floors":[],"current_hp_per_floor":[64,64,64,60,60,60,23,44,44,33,20,41,31,31,52,0],"gold":231,"neow_bonus":"THREE_ENEMY_KILL","is_prod":false,"is_daily":false,"chose_seed":false,"campfire_upgraded":1,"win_rate":0,"timestamp":1553719193,"path_taken":["M","?","?","?","M","R","E","R","T","?","M","R","E","?","R","BOSS"],"build_version":"2019-01-23","purchased_purges":0,"victory":false,"max_hp_per_floor":[71,71,71,71,71,71,71,71,71,71,71,71,71,71,71,71],"card_choices":[{"not_picked":["Aggregate","Conserve Battery"],"picked":"Sweeping Beam","floor":1},{"not_picked":["Barrage","Lockon","Heatsinks"],"picked":"SKIP","floor":3},{"not_picked":["Coolheaded","Self Repair"],"picked":"White Noise","floor":5},{"not_picked":["Leap","Tempest"],"picked":"Ball Lightning","floor":7},{"not_picked":["Darkness","Ball Lightning","Turbo"],"picked":"SKIP","floor":10},{"not_picked":["Ball Lightning","Sweeping Beam"],"picked":"FTL","floor":11},{"not_picked":["Self Repair","Beam Cell"],"picked":"Rainbow","floor":13}],"player_experience":1654634,"relics_obtained":[{"floor":7,"key":"Kunai"},{"floor":9,"key":"Bottled Lightning"},{"floor":13,"key":"Gremlin Horn"}],"event_choices":[{"damage_healed":0,"gold_gain":0,"player_choice":"Trade","damage_taken":0,"relics_obtained":["CultistMask"],"max_hp_gain":0,"max_hp_loss":0,"event_name":"FaceTrader","floor":2,"gold_loss":0},{"damage_healed":0,"gold_gain":0,"player_choice":"Bought 0 Potions","damage_taken":0,"max_hp_gain":0,"max_hp_loss":0,"event_name":"The Woman in Blue","floor":4,"gold_loss":0},{"damage_healed":0,"gold_gain":0,"player_choice":"Ignored","damage_taken":0,"max_hp_gain":0,"max_hp_loss":0,"event_name":"Liars Game","floor":14,"gold_loss":0}],"is_beta":false,"boss_relics":[],"items_purged_floors":[],"is_endless":false,"potions_floor_spawned":[1,3,7,13],"killed_by":"Hexaghost","ascension_level":15}