{"gold_per_floor":[117,132,147,3,103,103,132,132,132,9,43,43,60,84,84,185,185,202,202,219,231,231,260,260],"floor_reached":24,"playtime":1178,"items_purged":["Strike_R"],"score":291,"play_id":"8bbbf8b9-8bd4-4cca-ae32-2a5ae909721a","local_time":"20190406114122","is_ascension_mode":true,"campfire_choices":[{"data":"Armaments","floor":6,"key":"SMITH"},{"data":"Demon Form","floor":8,"key":"SMITH"},{"data":"Pummel","floor":12,"key":"SMITH"},{"data":"Bash","floor":15,"key":"SMITH"}],"neow_cost":"PERCENT_DAMAGE","seed_source_timestamp":12004621619376,"circlet_count":0,"master_deck":["Strike_R+1","Strike_R+1","Strike_R+1","Strike_R+1","Defend_R+1","Defend_R+1","Defend_R+1","Defend_R+1","Bash+1","Demon Form+1","Pummel+1","Iron Wave","Armaments+1","Battle Trance","Evolve","Shockwave","Offering","Pommel Strike","Flex+1","Sword Boomerang","Headbutt"],"relics":["Burning Blood","Lantern","Darkstone Periapt","Bottled Tornado","Orichalcum","Oddly Smooth Stone","Eternal Feather","Magic Flower","Pen Nib"],"potions_floor_usage":[7,11,16,18,21,21,23],"damage_taken":[{"damage":8,"enemies":"2 Louse","floor":1,"turns":3},{"damage":1,"enemies":"Cultist","floor":2,"turns":3},{"damage":0,"enemies":"Small Slimes","floor":3,"turns":3},{"damage":8,"enemies":"Lagavulin","floor":7,"turns":5},{"damage":2,"enemies":"Gremlin Nob","floor":11,"turns":3},{"damage":8,"enemies":"3 Louse","floor":13,"turns":3},{"damage":26,"enemies":"Hexaghost","floor":16,"turns":7},{"damage":11,"enemies":"Spheric Guardian","floor":18,"turns":5},{"damage":22,"enemies":"Shell Parasite","floor":20,"turns":5},{"damage":13,"enemies":"Shelled Parasite and Fungi","floor":21,"turns":3},{"damage":50,"enemies":"Slavers","floor":23,"turns":7},{"damage":15,"enemies":"Snake Plant","floor":24,"turns":4}],"seed_played":"7018168335439272749","potions_obtained":[{"floor":1,"key":"EssenceOfSteel"},{"floor":7,"key":"SkillPotion"},{"floor":13,"key":"Regen Potion"},{"floor":16,"key":"Weak Potion"},{"floor":18,"key":"Ancient Potion"},{"floor":20,"key":"AttackPotion"}],"is_trial":false,"path_per_floor":["M","M","M","$","?","R","E","R","T","$","E","R","M","T","R","B",null,"M","?","M","M","?","E","M"],"character_chosen":"IRONCLAD","items_purchased":["Lantern","Block Potion"],"campfire_rested":0,"item_purchase_floors":[4,10],"current_hp_per_floor":[49,54,60,60,60,60,58,58,58,58,62,62,60,60,60,54,74,69,69,56,52,52,11,0],"gold":260,"neow_bonus":"THREE_RARE_CARDS","is_prod":false,"is_daily":false,"chose_seed":false,"campfire_upgraded":4,"win_rate":0,"timestamp":1554518482,"path_taken":["M","M","M","$","?","R","E","R","T","$","E","R","?","?","R","BOSS","M","?","M","M","?","E","M"],"build_version":"2019-01-23","purchased_purges":1,"victory":false,"max_hp_per_floor":[80,80,80,80,80,80,80,80,80,80,80,80,80,80,80,80,80,80,80,80,80,80,80,80],"card_choices":[{"not_picked":["Juggernaut","Fiend Fire"],"picked":"Demon Form","floor":0},{"not_picked":["Uppercut","Sword Boomerang"],"picked":"Pummel","floor":1},{"not_picked":["Reckless Charge","Warcry"],"picked":"Iron Wave","floor":2},{"not_picked":["Cleave","Rampage"],"picked":"Armaments","floor":3},{"not_picked":["Corruption","Anger"],"picked":"Battle Trance","floor":7},{"not_picked":["Sentinel","Sword Boomerang"],"picked":"Evolve","floor":11},{"not_picked":["Cleave","Carnage"],"picked":"Shockwave","floor":13},{"not_picked":["Fiend Fire","Juggernaut"],"picked":"Offering","floor":16},{"not_picked":["Perfected Strike","Body Slam"],"picked":"Pommel Strike","floor":18},{"not_picked":["Second Wind","Fire Breathing+1"],"picked":"Flex+1","floor":20},{"not_picked":["Searing Blow","Clash"],"picked":"Sword Boomerang","floor":21},{"not_picked":["Dual Wield","Wild Strike"],"picked":"Headbutt","floor":23}],"player_experience":261937,"relics_obtained":[{"floor":7,"key":"Darkstone Periapt"},{"floor":9,"key":"Bottled Tornado"},{"floor":11,"key":"Orichalcum"},{"floor":14,"key":"Oddly Smooth Stone"},{"floor":23,"key":"Pen Nib"}],"event_choices":[{"damage_healed":0,"gold_gain":100,"player_choice":"Gold","damage_taken":0,"max_hp_gain":0,"max_hp_loss":0,"event_name":"Wheel of Change","floor":5,"gold_loss":0},{"damage_healed":0,"gold_gain":0,"player_choice":"Opened","damage_taken":0,"relics_obtained":["Magic Flower"],"max_hp_gain":0,"max_hp_loss":0,"event_name":"The Mausoleum","floor":19,"gold_loss":0},{"damage_healed":0,"gold_gain":0,"player_choice":"Simplicity","damage_taken":0,"max_hp_gain":0,"max_hp_loss":0,"event_name":"Back to Basics","floor":22,"gold_loss":0,"cards_upgraded":["Strike_R","Strike_R","Strike_R","Strike_R","Defend_R","Defend_R","Defend_R","Defend_R"]}],"is_beta":false,"boss_relics":[{"not_picked":["Snecko Eye","Ectoplasm"],"picked":"Eternal Feather"}],"items_purged_floors":[10],"is_endless":false,"potions_floor_spawned":[1,7,13,16,18,20],"killed_by":"Snake Plant","ascension_level":6}