{"gold_per_floor":[111,124,134,154,154,154,183,108,408,418,418,480,508,608,608,608],"floor_reached":16,"playtime":822,"items_purged":["Strike_R"],"score":121,"play_id":"4164f265-97a8-4fc9-b021-c32dac1df010","local_time":"20190408212950","is_ascension_mode":true,"campfire_choices":[{"data":"Shrug It Off","floor":6,"key":"SMITH"},{"data":"Body Slam","floor":11,"key":"SMITH"},{"floor":15,"key":"REST"}],"neow_cost":"NONE","seed_source_timestamp":118304291227653,"circlet_count":0,"master_deck":["Strike_R","Strike_R","Strike_R","Strike_R","Defend_R","Defend_R","Defend_R","Defend_R","Bash","Blood for Blood","Shrug It Off+1","Juggernaut+1","Body Slam+1"],"relics":["Burning Blood","Singing Bowl","Old Coin","Gambling Chip","The Courier"],"potions_floor_usage":[0,4,7,7,12,13],"damage_taken":[{"damage":7,"enemies":"Small Slimes","floor":1,"turns":3},{"damage":8,"enemies":"2 Louse","floor":2,"turns":3},{"damage":3,"enemies":"Cultist","floor":3,"turns":4},{"damage":12,"enemies":"Looter","floor":4,"turns":4},{"damage":31,"enemies":"Gremlin Nob","floor":7,"turns":5},{"damage":6,"enemies":"Blue Slaver","floor":10,"turns":4},{"damage":31,"enemies":"3 Sentries","floor":12,"turns":8},{"damage":14,"enemies":"3 Sentries","floor":13,"turns":7},{"damage":56,"enemies":"Slime Boss","floor":16,"turns":9}],"seed_played":"8280239698207121904","potions_obtained":[{"floor":0,"key":"Fruit Juice"},{"floor":0,"key":"Dexterity Potion"},{"floor":0,"key":"Block Potion"},{"floor":2,"key":"Swift Potion"},{"floor":4,"key":"LiquidBronze"},{"floor":12,"key":"Block Potion"}],"is_trial":false,"path_per_floor":["M","M","M","M","?","R","E","$","T","M","R","?","E","?","R","B"],"character_chosen":"IRONCLAD","items_purchased":[],"campfire_rested":1,"item_purchase_floors":[],"current_hp_per_floor":[84,82,85,79,79,79,54,54,54,56,56,33,27,27,54,0],"gold":608,"neow_bonus":"THREE_SMALL_POTIONS","is_prod":false,"is_daily":false,"chose_seed":false,"campfire_upgraded":2,"win_rate":0,"timestamp":1554751790,"path_taken":["M","M","M","M","?","R","E","$","T","M","R","?","E","?","R","BOSS"],"build_version":"2019-01-23","purchased_purges":1,"victory":false,"max_hp_per_floor":[85,85,85,85,85,85,85,85,85,87,87,89,91,91,91,91],"card_choices":[{"not_picked":["Headbutt","Sword Boomerang"],"picked":"Blood for Blood","floor":1},{"not_picked":["Flex","Second Wind"],"picked":"Shrug It Off","floor":2},{"not_picked":["Rupture","Pommel Strike"],"picked":"Juggernaut","floor":3},{"not_picked":["True Grit","Clash","Rampage"],"picked":"SKIP","floor":4},{"not_picked":["Wild Strike","Perfected Strike"],"picked":"Body Slam","floor":7},{"not_picked":["Twin Strike","Sword Boomerang","Battle Trance"],"picked":"Singing Bowl","floor":10},{"not_picked":["Pommel Strike","Perfected Strike","Thunderclap"],"picked":"Singing Bowl","floor":12},{"not_picked":["Double Tap","Twin Strike","Combust"],"picked":"Singing Bowl","floor":13}],"player_experience":330524,"relics_obtained":[{"floor":7,"key":"Singing Bowl"},{"floor":9,"key":"Old Coin"},{"floor":13,"key":"The Courier"}],"event_choices":[{"damage_healed":0,"gold_gain":0,"player_choice":"Grow","damage_taken":0,"max_hp_gain":0,"max_hp_loss":0,"event_name":"Living Wall","floor":5,"gold_loss":0,"cards_upgraded":["Juggernaut"]},{"damage_healed":0,"gold_gain":0,"player_choice":"Searched \u00272\u0027 times","damage_taken":0,"relics_obtained":["Gambling Chip"],"max_hp_gain":0,"max_hp_loss":0,"event_name":"Dead Adventurer","floor":12,"gold_loss":0},{"damage_healed":0,"gold_gain":100,"player_choice":"Pray","damage_taken":0,"max_hp_gain":0,"max_hp_loss":0,"event_name":"Golden Shrine","floor":14,"gold_loss":0}],"is_beta":false,"boss_relics":[],"items_purged_floors":[8],"is_endless":false,"potions_floor_spawned":[2,3,4,12],"killed_by":"Slime Boss","ascension_level":2}