{"gold_per_floor":[112,131,406,419,437,462,462,487,487,51,63,81,110,130,130,227,227,246,171,171,171,189,220,220,238,238,252,264,284,298,329,329,431,431,444,444,114,114,131,157,157,174,174,174,186,217,317,328,328,328],"floor_reached":51,"playtime":2528,"items_purged":["Strike_R"],"score":1347,"play_id":"383af3a0-5bc1-44be-91da-ac5ca726a423","local_time":"20190408100232","is_ascension_mode":true,"campfire_choices":[{"floor":7,"key":"REST"},{"floor":15,"key":"REST"},{"floor":24,"key":"REST"},{"floor":32,"key":"REST"},{"floor":41,"key":"REST"},{"floor":49,"key":"REST"}],"neow_cost":"NONE","seed_source_timestamp":0,"circlet_count":0,"master_deck":["AscendersBane","Strike_R","Strike_R","Strike_R","Defend_R","Defend_R","Defend_R","Defend_R","Bash","Uppercut","Feel No Pain","Regret","Havoc","Spot Weakness","Offering","Apotheosis","Feel No Pain","Iron Wave","Bludgeon","True Grit","Shockwave","Fiend Fire+1","Heavy Blade+1","Battle Trance","Battle Trance","Shockwave","Spot Weakness","Corruption","Exhume","Metallicize","Intimidate","Limit Break","Burning Pact","Madness","Madness","Whirlwind+1","Secret Weapon","Mind Blast+1","Dark Shackles","Shockwave"],"special_seed":0,"relics":["Burning Blood","Question Card","The Courier","Gremlin Horn","Lee\u0027s Waffle","Molten Egg 2","Snecko Eye","Matryoshka","Smiling Mask","Self Forming Clay","Dodecahedron","Anchor","Mark of Pain","Brimstone","Vajra","Strawberry","Ornamental Fan","Oddly Smooth Stone","Bottled Lightning","Mango"],"potions_floor_usage":[8,13,14,25,29,31,50],"damage_taken":[{"damage":13,"enemies":"Jaw Worm","floor":1,"turns":4},{"damage":6,"enemies":"Cultist","floor":2,"turns":3},{"damage":15,"enemies":"2 Louse","floor":4,"turns":3},{"damage":17,"enemies":"Looter","floor":5,"turns":3},{"damage":36,"enemies":"3 Sentries","floor":6,"turns":11},{"damage":46,"enemies":"Lagavulin","floor":8,"turns":7},{"damage":21,"enemies":"Large Slime","floor":11,"turns":7},{"damage":29,"enemies":"Exordium Thugs","floor":12,"turns":5},{"damage":21,"enemies":"Gremlin Nob","floor":13,"turns":4},{"damage":0,"enemies":"3 Louse","floor":14,"turns":1},{"damage":46,"enemies":"The Guardian","floor":16,"turns":11},{"damage":8,"enemies":"Chosen","floor":18,"turns":3},{"damage":0,"enemies":"Spheric Guardian","floor":22,"turns":2},{"damage":22,"enemies":"Gremlin Leader","floor":23,"turns":4},{"damage":24,"enemies":"Snake Plant","floor":25,"turns":2},{"damage":6,"enemies":"Centurion and Healer","floor":27,"turns":4},{"damage":0,"enemies":"Snecko","floor":28,"turns":3},{"damage":24,"enemies":"Cultist and Chosen","floor":29,"turns":4},{"damage":24,"enemies":"Centurion and Healer","floor":30,"turns":5},{"damage":18,"enemies":"Book of Stabbing","floor":31,"turns":3},{"damage":20,"enemies":"Champ","floor":33,"turns":9},{"damage":8,"enemies":"3 Darklings","floor":35,"turns":4},{"damage":10,"enemies":"3 Shapes","floor":39,"turns":3},{"damage":25,"enemies":"Nemesis","floor":40,"turns":5},{"damage":17,"enemies":"Spire Growth","floor":42,"turns":3},{"damage":0,"enemies":"Jaw Worm Horde","floor":45,"turns":2},{"damage":21,"enemies":"Giant Head","floor":46,"turns":6},{"damage":21,"enemies":"Mind Bloom Boss Battle","floor":47,"turns":6},{"damage":6,"enemies":"4 Shapes","floor":48,"turns":4},{"damage":49,"enemies":"Donu and Deca","floor":50,"turns":6}],"seed_played":"-3478503976345033855","potions_obtained":[{"floor":4,"key":"GamblersBrew"},{"floor":5,"key":"Poison Potion"},{"floor":6,"key":"Explosive Potion"},{"floor":12,"key":"Strength Potion"},{"floor":22,"key":"Weak Potion"},{"floor":23,"key":"Swift Potion"},{"floor":25,"key":"Swift Potion"},{"floor":42,"key":"SteroidPotion"},{"floor":45,"key":"Explosive Potion"},{"floor":46,"key":"PowerPotion"},{"floor":47,"key":"Fruit Juice"}],"is_trial":false,"path_per_floor":["M","M","?","M","M","E","R","E","T","$","M","M","E","M","R","B",null,"M","?","?","?","M","E","R","M","T","M","M","M","M","E","R","B",null,"M","?","$","?","M","E","R","M","T","?","M","E","?","M","R","B",null],"character_chosen":"IRONCLAD","items_purchased":["Lee\u0027s Waffle","Apotheosis","Feel No Pain","Whirlwind+1","Brimstone","Vajra"],"campfire_rested":6,"item_purchase_floors":[10,10,10,37,37,37],"current_hp_per_floor":[73,73,73,64,53,23,49,9,9,95,80,57,42,48,76,36,80,78,78,78,59,65,49,79,61,61,61,67,49,31,19,49,35,84,82,69,69,59,55,43,75,64,64,64,70,55,54,54,90,52],"gold":328,"neow_bonus":"TEN_PERCENT_HP_BONUS","is_prod":false,"is_daily":false,"chose_seed":false,"campfire_upgraded":0,"win_rate":0,"timestamp":1554742952,"path_taken":["M","M","?","M","?","E","R","E","T","$","M","M","E","M","R","BOSS","M","?","?","?","M","E","R","M","T","M","M","?","M","E","R","BOSS","M","?","$","?","M","E","R","?","T","?","M","E","?","M","R","BOSS"],"build_version":"2019-01-23","purchased_purges":1,"victory":true,"max_hp_per_floor":[88,88,88,88,88,88,88,88,88,95,95,95,95,95,95,95,95,95,95,95,100,100,100,100,100,100,100,100,100,100,100,100,100,100,100,100,100,100,100,107,107,107,107,107,107,107,121,121,121,126],"card_choices":[{"not_picked":["Shrug It Off","Rage"],"picked":"Uppercut","floor":1},{"not_picked":["Iron Wave","Corruption"],"picked":"Feel No Pain","floor":2},{"not_picked":["Wild Strike","Warcry"],"picked":"Twin Strike","floor":4},{"not_picked":["Perfected Strike","Iron Wave"],"picked":"Havoc","floor":5},{"not_picked":["Flex","Whirlwind"],"picked":"Spot Weakness","floor":6},{"not_picked":["Rupture","Headbutt","Wild Strike"],"picked":"Offering","floor":8},{"not_picked":["Pommel Strike","Ghostly Armor","Entrench"],"picked":"Iron Wave","floor":11},{"not_picked":["Headbutt","Clash","Twin Strike"],"picked":"Bludgeon","floor":12},{"not_picked":["Juggernaut","Anger","Sword Boomerang"],"picked":"True Grit","floor":13},{"not_picked":["Wild Strike+1","Pummel+1","Bloodletting"],"picked":"Shockwave","floor":14},{"not_picked":["Juggernaut","Bludgeon+1","Brutality"],"picked":"Fiend Fire+1","floor":16},{"not_picked":["Flex","Warcry","Anger+1"],"picked":"Heavy Blade+1","floor":18},{"not_picked":["Pommel Strike+1","True Grit","Whirlwind+1"],"picked":"Battle Trance","floor":22},{"not_picked":["Body Slam+1","Heavy Blade+1","Searing Blow+1"],"picked":"Battle Trance","floor":23},{"not_picked":["Rampage+1","Pommel Strike+1","Clash+1"],"picked":"Shockwave","floor":25},{"not_picked":["Pummel+1","Rupture","Fire Breathing"],"picked":"Spot Weakness","floor":27},{"not_picked":["Sever Soul+1","Battle Trance","Shrug It Off+1"],"picked":"Corruption","floor":28},{"not_picked":["Pommel Strike+1","Searing Blow+1","Pummel+1"],"picked":"Exhume","floor":29},{"not_picked":["Clash+1","Twin Strike+1","Evolve+1"],"picked":"Metallicize","floor":30},{"not_picked":["Seeing Red","Havoc+1","Pommel Strike+1"],"picked":"Intimidate","floor":31},{"not_picked":["Reaper+1","Berserk","Fiend Fire+1"],"picked":"Limit Break","floor":33},{"not_picked":["Heavy Blade+1","Wild Strike+1","Pommel Strike+1"],"picked":"Burning Pact","floor":35},{"not_picked":["Forethought","Violence","Dark Shackles"],"picked":"Secret Weapon","floor":38},{"not_picked":["Bandage Up","Finesse","Swift Strike+1"],"picked":"Mind Blast+1","floor":38},{"not_picked":["Swift Strike+1","Impatience","Apotheosis"],"picked":"Dark Shackles","floor":38},{"not_picked":["Twin Strike+1","Cleave+1","Corruption","Ghostly Armor+1"],"picked":"SKIP","floor":39},{"not_picked":["Whirlwind+1","Havoc","Clash+1","Armaments"],"picked":"SKIP","floor":40},{"not_picked":["Perfected Strike+1","Heavy Blade+1","Metallicize"],"picked":"Shockwave","floor":42},{"not_picked":["Juggernaut","Wild Strike+1","Carnage+1","Rupture+1"],"picked":"SKIP","floor":45},{"not_picked":["Shrug It Off","Warcry","Anger+1","Rupture"],"picked":"SKIP","floor":46},{"not_picked":["Pommel Strike+1","Wild Strike+1","Warcry","Anger+1"],"picked":"SKIP","floor":48}],"player_experience":390078,"relics_obtained":[{"floor":6,"key":"Question Card"},{"floor":8,"key":"The Courier"},{"floor":9,"key":"Gremlin Horn"},{"floor":13,"key":"Molten Egg 2"},{"floor":23,"key":"Smiling Mask"},{"floor":26,"key":"Self Forming Clay"},{"floor":26,"key":"Dodecahedron"},{"floor":31,"key":"Anchor"},{"floor":40,"key":"Strawberry"},{"floor":43,"key":"Ornamental Fan"},{"floor":43,"key":"Oddly Smooth Stone"},{"floor":46,"key":"Bottled Lightning"},{"floor":47,"key":"Mango"}],"event_choices":[{"damage_healed":0,"gold_gain":275,"player_choice":"Desecrate","damage_taken":0,"max_hp_gain":0,"max_hp_loss":0,"event_name":"Golden Shrine","floor":3,"gold_loss":0,"cards_obtained":["Regret"]},{"cards_removed":["Strike_R"],"damage_healed":0,"gold_gain":0,"player_choice":"Gave Gold","damage_taken":0,"max_hp_gain":0,"max_hp_loss":0,"event_name":"Beggar","floor":19,"gold_loss":75},{"damage_healed":0,"gold_gain":0,"player_choice":"Opened","damage_taken":0,"relics_obtained":["Matryoshka"],"max_hp_gain":0,"max_hp_loss":0,"event_name":"The Mausoleum","floor":20,"gold_loss":0},{"damage_healed":0,"gold_gain":0,"player_choice":"Shed Blood","damage_taken":24,"max_hp_gain":5,"max_hp_loss":0,"event_name":"Forgotten Altar","floor":21,"gold_loss":0},{"damage_healed":0,"gold_gain":0,"player_choice":"Embrace Madness","damage_taken":13,"max_hp_gain":0,"max_hp_loss":0,"event_name":"Winding Halls","floor":36,"gold_loss":0,"cards_obtained":["Madness","Madness"]},{"damage_healed":0,"gold_gain":0,"player_choice":"Memory 3","damage_taken":10,"max_hp_gain":0,"max_hp_loss":0,"event_name":"SensoryStone","floor":38,"gold_loss":0},{"cards_removed":["Twin Strike"],"damage_healed":0,"gold_gain":0,"player_choice":"Removed Attack","damage_taken":0,"max_hp_gain":0,"max_hp_loss":0,"event_name":"Falling","floor":44,"gold_loss":0},{"damage_healed":0,"gold_gain":0,"player_choice":"Fight","damage_taken":0,"max_hp_gain":0,"max_hp_loss":0,"event_name":"MindBloom","floor":47,"gold_loss":0}],"is_beta":false,"boss_relics":[{"not_picked":["Ectoplasm","Busted Crown"],"picked":"Snecko Eye"},{"not_picked":["Eternal Feather","Philosopher\u0027s Stone"],"picked":"Mark of Pain"}],"items_purged_floors":[10],"is_endless":false,"potions_floor_spawned":[4,5,6,12,22,23,25,28,42,45,46,47],"ascension_level":12}