{"gold_per_floor":[114,114,188,188,188,226,245,221,221,240,259,278,316,334,334,459,459,478,328,427,477,496,496,196,196,221,221,221,240,240,259,259,384,384,403,422,422,422,441,441,479,479,554,554,554,554,554,592,592,592],"floor_reached":50,"playtime":2023,"items_purged":[],"score":629,"play_id":"24028a57-8104-4872-963c-8344c5b46d65","local_time":"20181217143951","daily_mods":["SealedDeck","Diverse","Lethality"],"is_ascension_mode":false,"campfire_choices":[{"floor":15,"key":"REST"},{"data":"Heavy Blade","floor":23,"key":"SMITH"},{"data":"Sword Boomerang","floor":25,"key":"SMITH"},{"data":"Offering","floor":27,"key":"SMITH"},{"data":"1","floor":32,"key":"LIFT"},{"data":"2","floor":40,"key":"LIFT"},{"data":"3","floor":42,"key":"LIFT"},{"data":"Seeing Red","floor":45,"key":"SMITH"},{"data":"Spot Weakness","floor":47,"key":"SMITH"},{"floor":49,"key":"REST"}],"neow_cost":"","seed_source_timestamp":0,"circlet_count":0,"master_deck":["Quick Slash","Coolheaded","Finisher","Seeing Red+1","Ghostly Armor","Conserve Battery","Spot Weakness+1","Heavy Blade+1","Sword Boomerang+1","Twin Strike","Offering+1","Shrug It Off"],"special_seed":17882,"relics":["Cracked Core","Bottled Tornado","Golden Idol","Ancient Tea Set","Gremlin Horn","Girya","Odd Mushroom","Empty Cage","Orichalcum","Emotion Chip","Lantern","Regal Pillow","Ornamental Fan","Bottled Lightning","Potion Belt"],"potions_floor_usage":[14,14,33,33,33,41,50],"damage_taken":[{"damage":0,"enemies":"2 Louse","floor":1,"turns":1},{"damage":9,"enemies":"3 Sentries","floor":6,"turns":5},{"damage":5,"enemies":"Jaw Worm","floor":7,"turns":2},{"damage":0,"enemies":"Small Slimes","floor":10,"turns":1},{"damage":9,"enemies":"2 Fungi Beasts","floor":11,"turns":2},{"damage":0,"enemies":"Blue Slaver","floor":12,"turns":2},{"damage":0,"enemies":"Lagavulin","floor":13,"turns":3},{"damage":0,"enemies":"The Mushroom Lair","floor":14,"turns":2},{"damage":33,"enemies":"Hexaghost","floor":16,"turns":5},{"damage":0,"enemies":"Shell Parasite","floor":18,"turns":2},{"damage":4,"enemies":"Chosen","floor":22,"turns":3},{"damage":6,"enemies":"Centurion and Healer","floor":29,"turns":1},{"damage":6,"enemies":"Chosen and Byrds","floor":31,"turns":3},{"damage":36,"enemies":"Champ","floor":33,"turns":6},{"damage":6,"enemies":"3 Darklings","floor":35,"turns":1},{"damage":1,"enemies":"3 Shapes","floor":36,"turns":1},{"damage":6,"enemies":"Spire Growth","floor":39,"turns":1},{"damage":6,"enemies":"Giant Head","floor":41,"turns":5},{"damage":6,"enemies":"Reptomancer","floor":48,"turns":1},{"damage":75,"enemies":"Time Eater","floor":50,"turns":6}],"seed_played":"-6342804351849904112","potions_obtained":[{"floor":1,"key":"Ancient Potion"},{"floor":10,"key":"Dexterity Potion"},{"floor":13,"key":"Poison Potion"},{"floor":14,"key":"GamblersBrew"},{"floor":22,"key":"FearPotion"},{"floor":29,"key":"SkillPotion"},{"floor":39,"key":"AttackPotion"},{"floor":48,"key":"FearPotion"}],"is_trial":false,"path_per_floor":["M","$","?","T","?","E","M","?","T","M","M","M","E","?","R","B",null,"M","$","?","?","M","R","$","R","T","R","$","M","?","M","R","B",null,"M","M","?","?","M","R","E","R","T","?","R","T","R","E","R","B"],"character_chosen":"DEFECT","items_purchased":["Orichalcum","Emotion Chip"],"campfire_rested":2,"item_purchase_floors":[19,24],"current_hp_per_floor":[75,75,75,75,57,48,43,43,43,43,34,34,34,34,56,23,75,75,75,75,75,71,71,71,71,71,71,71,65,65,59,59,23,75,69,68,68,68,62,62,56,56,56,56,56,56,56,50,71,0],"gold":592,"neow_bonus":"","is_prod":false,"is_daily":true,"chose_seed":false,"campfire_upgraded":5,"win_rate":0,"timestamp":1545053991,"path_taken":["M","$","?","?","?","E","M","?","T","M","?","M","E","?","R","BOSS","M","$","?","?","?","R","?","R","T","R","$","M","?","?","R","BOSS","M","M","?","?","M","R","E","R","T","?","R","?","R","E","R","BOSS"],"build_version":"2018-12-13","purchased_purges":0,"victory":false,"max_hp_per_floor":[75,75,75,75,75,75,75,75,75,75,75,75,75,75,75,75,75,75,75,75,75,75,75,75,75,75,75,75,75,75,75,75,75,75,75,75,75,75,75,75,75,75,75,71,71,71,71,71,71,71],"card_choices":[{"not_picked":["Coolheaded","Rebound","Deflect"],"picked":"SKIP","floor":1},{"not_picked":["Dash","Carnage","Clothesline"],"picked":"SKIP","floor":6},{"not_picked":["Clothesline","Carnage","Masterful Stab"],"picked":"SKIP","floor":7},{"not_picked":["Calculated Gamble","Beam Cell"],"picked":"Sword Boomerang","floor":10},{"not_picked":["Body Slam","Flying Knee"],"picked":"Dagger Spray","floor":11},{"not_picked":["Coolheaded","Go for the Eyes","Quick Slash"],"picked":"SKIP","floor":12},{"not_picked":["Anger","Machine Learning"],"picked":"Twin Strike","floor":13},{"not_picked":["Thunder Strike","Impervious"],"picked":"Offering","floor":16},{"not_picked":["Dagger Spray+1","Dual Wield","Sweeping Beam"],"picked":"SKIP","floor":18},{"not_picked":["Lockon+1","Flying Knee"],"picked":"Shrug It Off","floor":22},{"not_picked":["Barrage","Dropkick+1","Beam Cell"],"picked":"SKIP","floor":29},{"not_picked":["Barrage","Sword Boomerang","Acrobatics+1"],"picked":"SKIP","floor":31},{"not_picked":["Cold Snap+1","Iron Wave","Streamline"],"picked":"SKIP","floor":35},{"not_picked":["Dagger Throw+1","True Grit+1","Reprogram+1"],"picked":"SKIP","floor":36},{"not_picked":["Slice+1","Choke","Bane"],"picked":"SKIP","floor":39},{"not_picked":["Clash","Turbo+1","Compile Driver"],"picked":"SKIP","floor":41},{"not_picked":["Capacitor","True Grit+1","Calculated Gamble"],"picked":"SKIP","floor":48}],"player_experience":425976,"relics_obtained":[{"floor":4,"key":"Bottled Tornado"},{"floor":6,"key":"Ancient Tea Set"},{"floor":9,"key":"Gremlin Horn"},{"floor":13,"key":"Girya"},{"floor":14,"key":"Odd Mushroom"},{"floor":26,"key":"Lantern"},{"floor":41,"key":"Regal Pillow"},{"floor":43,"key":"Ornamental Fan"},{"floor":46,"key":"Bottled Lightning"},{"floor":48,"key":"Potion Belt"}],"event_choices":[{"damage_healed":0,"gold_gain":74,"player_choice":"Gained Gold","damage_taken":0,"max_hp_gain":0,"max_hp_loss":0,"event_name":"Golden Wing","floor":3,"gold_loss":0},{"damage_healed":0,"gold_gain":0,"player_choice":"Take Damage","damage_taken":18,"relics_obtained":["Golden Idol"],"max_hp_gain":0,"max_hp_loss":0,"event_name":"Golden Idol","floor":5,"gold_loss":0},{"damage_healed":0,"gold_gain":0,"player_choice":"Left Gold","damage_taken":0,"max_hp_gain":0,"max_hp_loss":0,"event_name":"World of Goop","floor":8,"gold_loss":24},{"damage_healed":0,"gold_gain":0,"player_choice":"Fought Mushrooms","damage_taken":0,"max_hp_gain":0,"max_hp_loss":0,"event_name":"Mushrooms","floor":14,"gold_loss":0},{"damage_healed":0,"gold_gain":99,"player_choice":"Stole From Cult","damage_taken":0,"max_hp_gain":0,"max_hp_loss":0,"event_name":"Nest","floor":20,"gold_loss":0},{"damage_healed":0,"gold_gain":100,"player_choice":"Bet on Murderer","damage_taken":0,"max_hp_gain":0,"max_hp_loss":0,"event_name":"The Joust","floor":21,"gold_loss":50},{"damage_healed":0,"gold_gain":0,"player_choice":"Bought 0 Potions","damage_taken":0,"max_hp_gain":0,"max_hp_loss":0,"event_name":"The Woman in Blue","floor":30,"gold_loss":0},{"cards_removed":["Dagger Spray"],"damage_healed":0,"gold_gain":0,"player_choice":"Removed Attack","damage_taken":0,"max_hp_gain":0,"max_hp_loss":0,"event_name":"Falling","floor":37,"gold_loss":0},{"damage_healed":0,"gold_gain":0,"player_choice":"Memory 1","damage_taken":0,"max_hp_gain":0,"max_hp_loss":0,"event_name":"SensoryStone","floor":38,"gold_loss":0},{"damage_healed":0,"gold_gain":0,"player_choice":"Max HP","damage_taken":0,"max_hp_gain":0,"max_hp_loss":4,"event_name":"Winding Halls","floor":44,"gold_loss":0}],"is_beta":false,"boss_relics":[{"not_picked":["Snecko Eye","Cursed Key"],"picked":"Empty Cage"},{"not_picked":["Runic Dome","Velvet Choker","Coffee Dripper"]}],"items_purged_floors":[],"is_endless":false,"potions_floor_spawned":[1,10,13,14,22,29,39,48],"killed_by":"Time Eater","ascension_level":0}