{"gold_per_floor":[118,137,137,149,160,193,193,193,240,253,253,286,286,286,286,286],"floor_reached":16,"playtime":504,"items_purged":[],"score":193,"play_id":"edbc7517-1ea0-48cb-88e7-ef8cfaa5e417","local_time":"20190502160548","is_ascension_mode":true,"campfire_choices":[{"data":"Deadly Poison","floor":7,"key":"SMITH"},{"floor":11,"key":"REST"},{"data":"Dash","floor":13,"key":"SMITH"},{"data":"Survivor","floor":15,"key":"SMITH"}],"neow_cost":"NONE","seed_source_timestamp":1659090201649698,"circlet_count":0,"master_deck":["AscendersBane","Defend_G","Defend_G","Defend_G","Defend_G","Defend_G","Strike_G","Strike_G","Strike_G","Strike_G","Survivor+1","Neutralize+1","Dagger Spray","Deadly Poison+1","Backflip","Dash+1"],"relics":["Ring of the Snake","NeowsBlessing","The Courier","Vajra","Omamori"],"potions_floor_usage":[12],"damage_taken":[{"damage":0,"enemies":"2 Louse","floor":1,"turns":1},{"damage":0,"enemies":"Jaw Worm","floor":2,"turns":1},{"damage":0,"enemies":"Cultist","floor":4,"turns":1},{"damage":24,"enemies":"Exordium Thugs","floor":5,"turns":5},{"damage":18,"enemies":"Lagavulin","floor":6,"turns":9},{"damage":6,"enemies":"Exordium Wildlife","floor":10,"turns":4},{"damage":13,"enemies":"3 Sentries","floor":12,"turns":8},{"damage":19,"enemies":"Hexaghost","floor":16,"turns":11}],"seed_played":"-1558958421377897077","potions_obtained":[{"floor":2,"key":"SpeedPotion"},{"floor":6,"key":"FearPotion"},{"floor":10,"key":"EssenceOfSteel"}],"is_trial":false,"path_per_floor":["M","M","?","M","M","E","R","?","T","M","R","E","R","T","R","B"],"character_chosen":"THE_SILENT","items_purchased":[],"campfire_rested":1,"item_purchase_floors":[],"current_hp_per_floor":[59,59,59,59,35,17,17,17,17,11,30,17,17,17,17,0],"gold":286,"neow_bonus":"THREE_ENEMY_KILL","is_prod":false,"is_daily":false,"chose_seed":false,"campfire_upgraded":3,"win_rate":0,"timestamp":1556838348,"path_taken":["M","M","?","M","M","E","R","?","T","?","R","E","R","?","R","BOSS"],"build_version":"2019-01-23","purchased_purges":0,"victory":false,"max_hp_per_floor":[66,66,66,66,66,66,66,66,66,66,66,66,66,66,66,66],"card_choices":[{"not_picked":["Calculated Gamble","Cloak And Dagger"],"picked":"Dagger Spray","floor":1},{"not_picked":["Calculated Gamble","Distraction"],"picked":"Deadly Poison","floor":2},{"not_picked":["A Thousand Cuts","Escape Plan"],"picked":"Backflip","floor":4},{"not_picked":["Heel Hook","Backflip","Expertise"],"picked":"SKIP","floor":5},{"not_picked":["Doppelganger","Sucker Punch","Blade Dance"],"picked":"SKIP","floor":6},{"not_picked":["Calculated Gamble","Dagger Spray"],"picked":"Dash","floor":10},{"not_picked":["Choke","Outmaneuver","Cloak And Dagger"],"picked":"SKIP","floor":12}],"player_experience":380346,"relics_obtained":[{"floor":6,"key":"The Courier"},{"floor":9,"key":"Vajra"},{"floor":12,"key":"Omamori"}],"event_choices":[{"damage_healed":0,"gold_gain":0,"player_choice":"Grow","damage_taken":0,"max_hp_gain":0,"max_hp_loss":0,"event_name":"Living Wall","floor":3,"gold_loss":0,"cards_upgraded":["Neutralize"]},{"cards_removed":["Strike_G"],"damage_healed":0,"gold_gain":0,"player_choice":"Purged","damage_taken":0,"max_hp_gain":0,"max_hp_loss":0,"event_name":"Purifier","floor":8,"gold_loss":0}],"is_beta":false,"boss_relics":[],"items_purged_floors":[],"is_endless":false,"potions_floor_spawned":[2,6,10],"killed_by":"Hexaghost","ascension_level":15}