{"gold_per_floor":[12,25,44,57,57,57,88,88,88,132,132,207,9,9,9,9],"floor_reached":16,"playtime":421,"items_purged":[],"score":200,"play_id":"61405730-ccd4-4278-b689-1ccbb04db4ec","local_time":"20190430230709","is_ascension_mode":true,"campfire_choices":[{"data":"Bash","floor":6,"key":"SMITH"},{"floor":8,"key":"REST"},{"data":"Whirlwind","floor":11,"key":"SMITH"},{"floor":15,"key":"REST"}],"neow_cost":"NO_GOLD","seed_source_timestamp":4942608476113,"circlet_count":0,"master_deck":["AscendersBane","Strike_R","Strike_R","Strike_R","Strike_R","Strike_R","Defend_R","Defend_R","Defend_R","Defend_R","Bash+1","Offering","Thunderclap","Rampage","Sword Boomerang","Feel No Pain","Demon Form","Whirlwind+1","Apotheosis"],"relics":["Burning Blood","Golden Idol","PreservedInsect","Blue Candle","StoneCalendar"],"potions_floor_usage":[16],"damage_taken":[{"damage":7,"enemies":"2 Louse","floor":1,"turns":3},{"damage":10,"enemies":"Jaw Worm","floor":2,"turns":3},{"damage":6,"enemies":"Small Slimes","floor":3,"turns":3},{"damage":13,"enemies":"Looter","floor":4,"turns":3},{"damage":31,"enemies":"Gremlin Nob","floor":7,"turns":4},{"damage":28,"enemies":"Lagavulin","floor":10,"turns":4},{"damage":43,"enemies":"The Guardian","floor":16,"turns":6}],"seed_played":"-5164808835746829080","potions_obtained":[{"floor":3,"key":"Fire Potion"},{"floor":10,"key":"EssenceOfSteel"}],"is_trial":false,"path_per_floor":["M","M","M","M","?","R","E","R","T","E","R","?","$","?","R","B"],"character_chosen":"IRONCLAD","items_purchased":["Apotheosis"],"campfire_rested":2,"item_purchase_floors":[13],"current_hp_per_floor":[67,63,63,56,56,56,31,51,51,29,29,18,18,18,38,0],"gold":9,"neow_bonus":"THREE_RARE_CARDS","is_prod":false,"is_daily":false,"chose_seed":false,"campfire_upgraded":2,"win_rate":0,"timestamp":1556690829,"path_taken":["M","M","M","M","?","R","E","R","T","E","R","?","$","?","R","BOSS"],"build_version":"2019-01-23","purchased_purges":0,"victory":false,"max_hp_per_floor":[75,75,75,75,68,68,68,68,68,68,68,68,68,68,68,68],"card_choices":[{"not_picked":["Demon Form","Limit Break"],"picked":"Offering","floor":0},{"not_picked":["Body Slam","Power Through"],"picked":"Thunderclap","floor":1},{"not_picked":["Anger","Body Slam"],"picked":"Rampage","floor":2},{"not_picked":["Warcry","Clash"],"picked":"Sword Boomerang","floor":3},{"not_picked":["Carnage","True Grit"],"picked":"Feel No Pain","floor":4},{"not_picked":["Body Slam","Iron Wave"],"picked":"Demon Form","floor":7},{"not_picked":["Infernal Blade","Flex"],"picked":"Whirlwind","floor":10}],"player_experience":514216,"relics_obtained":[{"floor":7,"key":"PreservedInsect"},{"floor":9,"key":"Blue Candle"},{"floor":10,"key":"StoneCalendar"}],"event_choices":[{"damage_healed":0,"gold_gain":0,"player_choice":"Lose Max HP","damage_taken":0,"relics_obtained":["Golden Idol"],"max_hp_gain":0,"max_hp_loss":7,"event_name":"Golden Idol","floor":5,"gold_loss":0},{"damage_healed":0,"gold_gain":75,"player_choice":"Gather Gold","damage_taken":11,"max_hp_gain":0,"max_hp_loss":0,"event_name":"World of Goop","floor":12,"gold_loss":0},{"damage_healed":0,"gold_gain":0,"player_choice":"Searched \u00270\u0027 times","damage_taken":0,"max_hp_gain":0,"max_hp_loss":0,"event_name":"Dead Adventurer","floor":14,"gold_loss":0}],"is_beta":false,"boss_relics":[],"items_purged_floors":[],"is_endless":false,"potions_floor_spawned":[3,10],"killed_by":"The Guardian","ascension_level":17}