{"gold_per_floor":[116,135,150,150,150,185,199,199,226,256,270,270,302,315,315,388,388,400,411,461,474,474,506,506,535,535,550,550,569,584,618,618,618],"floor_reached":33,"playtime":1464,"items_purged":[],"score":609,"play_id":"b4302814-52d0-4de7-ba78-a208bf0f2e93","local_time":"20190424223222","is_ascension_mode":true,"campfire_choices":[{"floor":8,"key":"REST"},{"data":"Whirlwind","floor":12,"key":"SMITH"},{"data":"Disarm","floor":15,"key":"SMITH"},{"data":"Flame Barrier","floor":24,"key":"SMITH"},{"data":"Juggernaut","floor":32,"key":"SMITH"}],"neow_cost":"NONE","seed_source_timestamp":4429057292546,"circlet_count":0,"master_deck":["AscendersBane","Strike_R+1","Strike_R+1","Strike_R+1","Strike_R+1","Defend_R+1","Defend_R+1","Defend_R+1","Defend_R+1","Bash","Uppercut","Headbutt","Armaments","Clothesline","Spot Weakness","Whirlwind+1","Disarm+1","Battle Trance","Bludgeon","Sword Boomerang","Flame Barrier+1","True Grit","Juggernaut+1","Rage","Dropkick"],"relics":["Burning Blood","Ancient Tea Set","Lantern","Bronze Scales","Strawberry","Bag of Preparation","Mark of Pain","Omamori","Self Forming Clay","Letter Opener","Mercury Hourglass"],"potions_floor_usage":[11,21,25,33,33],"damage_taken":[{"damage":12,"enemies":"Cultist","floor":1,"turns":4},{"damage":2,"enemies":"2 Louse","floor":2,"turns":2},{"damage":3,"enemies":"Small Slimes","floor":3,"turns":3},{"damage":44,"enemies":"Gremlin Nob","floor":6,"turns":5},{"damage":6,"enemies":"Looter","floor":7,"turns":3},{"damage":25,"enemies":"Lagavulin","floor":10,"turns":5},{"damage":1,"enemies":"Gremlin Gang","floor":11,"turns":1},{"damage":15,"enemies":"3 Sentries","floor":13,"turns":3},{"damage":0,"enemies":"2 Fungi Beasts","floor":14,"turns":2},{"damage":8,"enemies":"Hexaghost","floor":16,"turns":9},{"damage":24,"enemies":"Spheric Guardian","floor":18,"turns":4},{"damage":0,"enemies":"Chosen","floor":19,"turns":4},{"damage":3,"enemies":"Snake Plant","floor":21,"turns":3},{"damage":6,"enemies":"Gremlin Leader","floor":23,"turns":6},{"damage":5,"enemies":"Book of Stabbing","floor":25,"turns":3},{"damage":2,"enemies":"3 Cultists","floor":27,"turns":3},{"damage":2,"enemies":"Snecko","floor":29,"turns":3},{"damage":14,"enemies":"Snake Plant","floor":30,"turns":2},{"damage":26,"enemies":"Gremlin Leader","floor":31,"turns":6},{"damage":50,"enemies":"Automaton","floor":33,"turns":6}],"seed_played":"-8787011308778254103","potions_obtained":[{"floor":6,"key":"Block Potion"},{"floor":7,"key":"Weak Potion"},{"floor":13,"key":"SkillPotion"},{"floor":21,"key":"SteroidPotion"},{"floor":27,"key":"AttackPotion"},{"floor":30,"key":"SkillPotion"}],"is_trial":false,"path_per_floor":["M","M","M","?","?","E","M","R","T","E","M","R","E","M","R","B",null,"M","M","?","M","?","E","R","E","T","M","?","M","M","E","R","B"],"character_chosen":"IRONCLAD","items_purchased":[],"campfire_rested":1,"item_purchase_floors":[],"current_hp_per_floor":[62,66,69,74,74,36,36,60,60,48,53,53,44,50,50,48,77,59,65,65,68,68,68,68,69,69,73,73,77,69,49,49,0],"gold":618,"neow_bonus":"RANDOM_COMMON_RELIC","is_prod":false,"is_daily":false,"chose_seed":false,"campfire_upgraded":4,"win_rate":0,"timestamp":1556170342,"path_taken":["M","M","M","?","?","E","M","R","T","E","M","R","E","M","R","BOSS","M","M","?","?","?","E","R","E","T","M","?","?","M","E","R","BOSS"],"build_version":"2019-01-23","purchased_purges":0,"victory":false,"max_hp_per_floor":[75,75,75,80,80,80,80,80,80,87,87,87,87,87,87,87,87,87,87,87,87,87,87,87,87,87,87,87,87,87,87,87,87],"card_choices":[{"not_picked":["Wild Strike","Twin Strike"],"picked":"Uppercut","floor":1},{"not_picked":["Armaments","Body Slam"],"picked":"Headbutt","floor":2},{"not_picked":["Body Slam","Heavy Blade"],"picked":"Armaments","floor":3},{"not_picked":["Barricade","Flex"],"picked":"Clothesline","floor":6},{"not_picked":["Warcry","Burning Pact"],"picked":"Spot Weakness","floor":7},{"not_picked":["Flex","Twin Strike"],"picked":"Whirlwind","floor":10},{"not_picked":["Pommel Strike","Dual Wield","Thunderclap"],"picked":"SKIP","floor":11},{"not_picked":["Armaments","Ghostly Armor"],"picked":"Disarm","floor":13},{"not_picked":["Clothesline","Body Slam"],"picked":"Battle Trance","floor":14},{"not_picked":["Double Tap","Fiend Fire"],"picked":"Bludgeon","floor":16},{"not_picked":["Sentinel","Iron Wave","Twin Strike"],"picked":"SKIP","floor":18},{"not_picked":["Warcry","Sentinel+1"],"picked":"Sword Boomerang","floor":19},{"not_picked":["Shrug It Off","Battle Trance"],"picked":"Flame Barrier","floor":21},{"not_picked":["Power Through","Thunderclap"],"picked":"True Grit","floor":23},{"not_picked":["Flex","Dual Wield","Bloodletting"],"picked":"SKIP","floor":25},{"not_picked":["Perfected Strike","True Grit"],"picked":"Juggernaut","floor":27},{"not_picked":["Sword Boomerang","Iron Wave"],"picked":"Rage","floor":29},{"not_picked":["Warcry","Rupture","Pommel Strike"],"picked":"SKIP","floor":30},{"not_picked":["Uppercut","Clothesline"],"picked":"Dropkick","floor":31}],"player_experience":475940,"relics_obtained":[{"floor":6,"key":"Lantern"},{"floor":9,"key":"Bronze Scales"},{"floor":10,"key":"Strawberry"},{"floor":13,"key":"Bag of Preparation"},{"floor":23,"key":"Omamori"},{"floor":25,"key":"Self Forming Clay"},{"floor":26,"key":"Letter Opener"},{"floor":31,"key":"Mercury Hourglass"}],"event_choices":[{"damage_healed":0,"gold_gain":0,"player_choice":"Donut","damage_taken":0,"max_hp_gain":5,"max_hp_loss":0,"event_name":"Big Fish","floor":4,"gold_loss":0},{"cards_removed":["Strike_R"],"damage_healed":0,"gold_gain":0,"player_choice":"Offered Basic","damage_taken":0,"max_hp_gain":0,"max_hp_loss":0,"event_name":"Bonfire Elementals","floor":5,"gold_loss":0},{"damage_healed":0,"gold_gain":50,"player_choice":"Pray","damage_taken":0,"max_hp_gain":0,"max_hp_loss":0,"event_name":"Golden Shrine","floor":20,"gold_loss":0},{"damage_healed":0,"gold_gain":0,"player_choice":"Simplicity","damage_taken":0,"max_hp_gain":0,"max_hp_loss":0,"event_name":"Back to Basics","floor":22,"gold_loss":0,"cards_upgraded":["Strike_R","Strike_R","Strike_R","Strike_R","Defend_R","Defend_R","Defend_R","Defend_R"]},{"damage_healed":0,"gold_gain":0,"player_choice":"Got Potions","damage_taken":0,"max_hp_gain":0,"max_hp_loss":0,"event_name":"Lab","floor":28,"gold_loss":0}],"is_beta":false,"boss_relics":[{"not_picked":["Ectoplasm","Runic Dome"],"picked":"Mark of Pain"}],"items_purged_floors":[],"is_endless":false,"potions_floor_spawned":[6,7,13,14,21,27,29,30,31],"killed_by":"Automaton","ascension_level":17}