{"gold_per_floor":[110,128,128,192,267,267,295,308,334,350,428,7,22,122,122,225,275,295,308,326,63,63],"floor_reached":22,"playtime":898,"items_purged":["Strike_B","Strike_B"],"score":242,"play_id":"d37481a9-9c46-4894-aaa3-b430b4c4bdc7","local_time":"20190407112440","is_ascension_mode":true,"campfire_choices":[{"floor":6,"key":"REST"},{"floor":15,"key":"REST"}],"neow_cost":"NONE","seed_source_timestamp":64560467293703,"circlet_count":0,"master_deck":["Strike_B","Strike_B","Defend_B+1","Defend_B","Defend_B","Defend_B","Zap","Dualcast","Melter","Streamline+1","Compile Driver","Rebound+1","Conserve Battery","Electrodynamics","Ball Lightning","Conserve Battery+1","Double Energy+1","Capacitor","Capacitor+1"],"relics":["Cracked Core","Ancient Tea Set","Bag of Marbles","Omamori","The Courier","Bottled Flame","Membership Card","Tiny House","Frozen Egg 2","Frozen Eye"],"potions_floor_usage":[10,16,20,20,22],"damage_taken":[{"damage":1,"enemies":"2 Louse","floor":1,"turns":3},{"damage":8,"enemies":"Small Slimes","floor":2,"turns":3},{"damage":20,"enemies":"3 Sentries","floor":7,"turns":6},{"damage":0,"enemies":"Cultist","floor":8,"turns":2},{"damage":0,"enemies":"3 Louse","floor":10,"turns":1},{"damage":14,"enemies":"Red Slaver","floor":13,"turns":2},{"damage":30,"enemies":"Hexaghost","floor":16,"turns":8},{"damage":12,"enemies":"Chosen","floor":18,"turns":3},{"damage":26,"enemies":"Shell Parasite","floor":19,"turns":5},{"damage":11,"enemies":"Snecko","floor":20,"turns":5},{"damage":21,"enemies":"Shelled Parasite and Fungi","floor":22,"turns":3}],"seed_played":"-7278989262641969145","potions_obtained":[{"floor":7,"key":"SmokeBomb"},{"floor":8,"key":"AttackPotion"},{"floor":13,"key":"Poison Potion"},{"floor":16,"key":"SpeedPotion"},{"floor":17,"key":"FearPotion"},{"floor":18,"key":"FocusPotion"}],"is_trial":false,"path_per_floor":["M","M","?","?","?","R","E","M","T","M","T","$","M","?","R","B",null,"M","M","M","$","M"],"character_chosen":"DEFECT","items_purchased":["Bottled Flame","Membership Card","Conserve Battery","Frozen Egg 2","Frozen Eye","Capacitor+1"],"campfire_rested":2,"item_purchase_floors":[12,12,12,21,21,21],"current_hp_per_floor":[67,59,44,44,33,55,35,35,35,35,35,35,21,21,43,13,65,53,27,16,16,0],"gold":63,"neow_bonus":"RANDOM_COMMON_RELIC","is_prod":false,"is_daily":false,"chose_seed":false,"campfire_upgraded":0,"win_rate":0,"timestamp":1554603880,"path_taken":["M","M","?","?","?","R","E","M","T","M","?","$","M","?","R","BOSS","M","M","M","$","M"],"build_version":"2019-01-23","purchased_purges":2,"victory":false,"max_hp_per_floor":[75,75,75,75,75,75,75,75,75,75,75,75,75,75,75,75,80,80,80,80,80,80],"card_choices":[{"not_picked":["Redo","Static Discharge"],"picked":"Melter","floor":1},{"not_picked":["Loop","Barrage"],"picked":"Streamline","floor":2},{"not_picked":["Gash","Sweeping Beam","Blizzard"],"picked":"SKIP","floor":7},{"not_picked":["Barrage","Doom and Gloom"],"picked":"Compile Driver","floor":8},{"not_picked":["Steam Power","Steam"],"picked":"Rebound","floor":10},{"not_picked":["Coolheaded","Hologram","Creative AI"],"picked":"SKIP","floor":13},{"not_picked":["Hyperbeam","Reboot"],"picked":"Electrodynamics","floor":16},{"not_picked":["Leap","Undo"],"picked":"Ball Lightning","floor":17},{"not_picked":["Reprogram","Static Discharge"],"picked":"Conserve Battery+1","floor":18},{"not_picked":["Rebound","Conserve Battery+1"],"picked":"Double Energy+1","floor":19},{"not_picked":["Tempest","Turbo"],"picked":"Capacitor","floor":20}],"player_experience":284454,"relics_obtained":[{"floor":7,"key":"Bag of Marbles"},{"floor":9,"key":"Omamori"},{"floor":11,"key":"The Courier"}],"event_choices":[{"damage_healed":0,"gold_gain":0,"player_choice":"Entered Light","damage_taken":15,"max_hp_gain":0,"max_hp_loss":0,"event_name":"Shining Light","floor":3,"gold_loss":0,"cards_upgraded":["Streamline","Defend_B"]},{"damage_healed":0,"gold_gain":64,"player_choice":"Gained Gold","damage_taken":0,"max_hp_gain":0,"max_hp_loss":0,"event_name":"Golden Wing","floor":4,"gold_loss":0},{"damage_healed":0,"gold_gain":75,"player_choice":"Gather Gold","damage_taken":11,"max_hp_gain":0,"max_hp_loss":0,"event_name":"World of Goop","floor":5,"gold_loss":0},{"damage_healed":0,"gold_gain":100,"player_choice":"Pray","damage_taken":0,"max_hp_gain":0,"max_hp_loss":0,"event_name":"Golden Shrine","floor":14,"gold_loss":0}],"is_beta":false,"boss_relics":[{"not_picked":["Runic Dome","Astrolabe"],"picked":"Tiny House"}],"items_purged_floors":[12,21],"is_endless":false,"potions_floor_spawned":[7,8,13,16,18],"killed_by":"Shelled Parasite and Fungi","ascension_level":6}