{"gold_per_floor":[112,112,130,144,16,45,45,70,70,85,120,139,149,31,31,131,131,146,157,31,31,46,46,79,95,95,95,120,138,173,173,473,473],"floor_reached":33,"playtime":1598,"items_purged":["Strike_R"],"score":434,"play_id":"1999e176-1843-4a9c-9dcb-e0b95cebc482","local_time":"20190326150352","is_ascension_mode":true,"campfire_choices":[{"floor":15,"key":"REST"},{"floor":23,"key":"REST"},{"floor":27,"key":"REST"},{"floor":32,"key":"DIG"}],"neow_cost":"NONE","seed_source_timestamp":252852268029066,"circlet_count":0,"master_deck":["Defend_R","Defend_R","Defend_R","Defend_R","Bash","True Grit+1","Heavy Blade","Sever Soul","Clothesline","Pummel","Reaper","Shrug It Off","Pummel","Armaments","Whirlwind","Metallicize","Uppercut","Immolate","Feel No Pain","Twin Strike","Shrug It Off+1","Corruption","Dropkick+1","Exhume","Metallicize","Shrug It Off+1","Carnage+1","True Grit","Bite","Bite","Bite","Bite","Bite"],"relics":["Burning Blood","Regal Pillow","StoneCalendar","Pear","Question Card","Velvet Choker","Bag of Preparation","Mercury Hourglass","Shovel","War Paint","Ornamental Fan","Old Coin"],"potions_floor_usage":[3,6,6,11,13,28,28,33],"damage_taken":[{"damage":0,"enemies":"Small Slimes","floor":1,"turns":3},{"damage":5,"enemies":"Cultist","floor":3,"turns":4},{"damage":9,"enemies":"Jaw Worm","floor":4,"turns":4},{"damage":44,"enemies":"Lagavulin","floor":6,"turns":6},{"damage":22,"enemies":"Gremlin Nob","floor":8,"turns":4},{"damage":10,"enemies":"Large Slime","floor":10,"turns":6},{"damage":48,"enemies":"Lagavulin","floor":11,"turns":7},{"damage":1,"enemies":"Looter","floor":12,"turns":4},{"damage":6,"enemies":"2 Fungi Beasts","floor":13,"turns":5},{"damage":46,"enemies":"Slime Boss","floor":16,"turns":9},{"damage":3,"enemies":"Chosen","floor":18,"turns":4},{"damage":22,"enemies":"Shell Parasite","floor":19,"turns":7},{"damage":13,"enemies":"3 Cultists","floor":22,"turns":5},{"damage":51,"enemies":"Book of Stabbing","floor":24,"turns":7},{"damage":15,"enemies":"Sentry and Sphere","floor":25,"turns":6},{"damage":30,"enemies":"Gremlin Leader","floor":28,"turns":8},{"damage":6,"enemies":"Cultist and Chosen","floor":29,"turns":7},{"damage":45,"enemies":"Book of Stabbing","floor":30,"turns":7},{"damage":70,"enemies":"Champ","floor":33,"turns":11}],"seed_played":"-5763083731677593664","potions_obtained":[{"floor":0,"key":"Strength Potion"},{"floor":0,"key":"BloodPotion"},{"floor":0,"key":"Weak Potion"},{"floor":1,"key":"Fruit Juice"},{"floor":8,"key":"EssenceOfSteel"},{"floor":12,"key":"PowerPotion"},{"floor":16,"key":"Poison Potion"},{"floor":19,"key":"EssenceOfSteel"},{"floor":22,"key":"FearPotion"}],"is_trial":false,"path_per_floor":["M","?","M","M","$","E","?","E","T","M","E","M","M","$","R","B",null,"M","M","$","?","M","R","E","M","T","R","E","M","E","?","R","B"],"character_chosen":"IRONCLAD","items_purchased":["Clothesline","Metallicize","Uppercut","Shrug It Off","Corruption"],"campfire_rested":3,"item_purchase_floors":[5,14,14,20,20],"current_hp_per_floor":[80,80,85,82,82,52,57,41,51,51,12,17,17,17,62,28,82,88,72,72,72,65,100,59,50,50,95,83,87,48,48,48,0],"gold":473,"neow_bonus":"THREE_SMALL_POTIONS","is_prod":false,"is_daily":false,"chose_seed":false,"campfire_upgraded":0,"win_rate":0,"timestamp":1553634232,"path_taken":["M","?","?","M","$","E","?","E","T","M","E","M","M","$","R","BOSS","M","M","$","?","M","R","E","M","T","R","E","M","E","?","R","BOSS"],"build_version":"2019-01-23","purchased_purges":1,"victory":false,"max_hp_per_floor":[80,80,85,85,85,85,90,90,100,100,100,100,100,100,100,100,100,100,100,100,100,100,100,100,100,100,100,100,100,100,70,70,70],"card_choices":[{"not_picked":["Body Slam","Iron Wave"],"picked":"True Grit","floor":1},{"not_picked":["Iron Wave","Pommel Strike"],"picked":"Heavy Blade","floor":3},{"not_picked":["Sword Boomerang","Warcry"],"picked":"Sever Soul","floor":4},{"not_picked":["Armaments","Warcry"],"picked":"Pummel","floor":6},{"not_picked":["Entrench","Heavy Blade"],"picked":"Reaper","floor":8},{"not_picked":["Cleave","Body Slam"],"picked":"Shrug It Off","floor":10},{"not_picked":["Carnage","Warcry"],"picked":"Pummel","floor":11},{"not_picked":["Warcry","Bludgeon","Iron Wave"],"picked":"Armaments","floor":12},{"not_picked":["Clothesline","Heavy Blade","Reckless Charge"],"picked":"Whirlwind","floor":13},{"not_picked":["Impervious","Barricade","Berserk"],"picked":"Immolate","floor":16},{"not_picked":["Pummel+1","Battle Trance","Thunderclap+1"],"picked":"Feel No Pain","floor":18},{"not_picked":["Heavy Blade+1","Warcry","Clothesline"],"picked":"Twin Strike","floor":19},{"not_picked":["Searing Blow","Body Slam","Hemokinesis+1"],"picked":"Dropkick+1","floor":22},{"not_picked":["Bloodletting","Armaments","Twin Strike"],"picked":"Exhume","floor":24},{"not_picked":["Whirlwind","Clash","True Grit"],"picked":"Metallicize","floor":25},{"not_picked":["Intimidate","Sword Boomerang","Sever Soul"],"picked":"Shrug It Off+1","floor":28},{"not_picked":["Shrug It Off","Second Wind","Combust"],"picked":"Carnage+1","floor":29},{"not_picked":["Dual Wield+1","Thunderclap","Berserk"],"picked":"True Grit","floor":30}],"player_experience":335293,"relics_obtained":[{"floor":6,"key":"Regal Pillow"},{"floor":8,"key":"StoneCalendar"},{"floor":9,"key":"Pear"},{"floor":11,"key":"Question Card"},{"floor":24,"key":"Mercury Hourglass"},{"floor":26,"key":"Shovel"},{"floor":28,"key":"War Paint"},{"floor":30,"key":"Ornamental Fan"},{"floor":32,"key":"Old Coin"}],"event_choices":[{"damage_healed":0,"gold_gain":0,"player_choice":"Bought 0 Potions","damage_taken":0,"max_hp_gain":0,"max_hp_loss":0,"event_name":"The Woman in Blue","floor":2,"gold_loss":0},{"damage_healed":0,"gold_gain":0,"player_choice":"Donut","damage_taken":0,"max_hp_gain":5,"max_hp_loss":0,"event_name":"Big Fish","floor":7,"gold_loss":0},{"damage_healed":0,"gold_gain":0,"player_choice":"Opened","damage_taken":0,"relics_obtained":["Bag of Preparation"],"max_hp_gain":0,"max_hp_loss":0,"event_name":"The Mausoleum","floor":21,"gold_loss":0},{"damage_healed":0,"gold_gain":0,"player_choice":"Became a vampire","damage_taken":0,"max_hp_gain":0,"max_hp_loss":30,"event_name":"Vampires","floor":31,"gold_loss":0,"cards_obtained":["Bite","Bite","Bite","Bite","Bite"]}],"is_beta":false,"boss_relics":[{"not_picked":["Mark of Pain","Black Blood"],"picked":"Velvet Choker"}],"items_purged_floors":[5],"is_endless":false,"potions_floor_spawned":[1,8,12,16,19,22],"killed_by":"Champ","ascension_level":5}