{"gold_per_floor":[115,125,125,6,6,34,34,68,68,96,116,136,156,156,156,257,257,275,32,32,52,52,81,81,109,109,109,140,151,151,164,164,266,266,286,286,341,41,54,86,86,0,25,36,69,69,69,85,85,85],"floor_reached":51,"playtime":3964,"items_purged":["Strike_B","Strike_B"],"score":819,"play_id":"13e24399-d95a-4a2f-855d-efe8dc2996ae","local_time":"20190502200421","is_ascension_mode":true,"campfire_choices":[{"data":"White Noise","floor":7,"key":"SMITH"},{"floor":15,"key":"REST"},{"floor":24,"key":"REST"},{"floor":32,"key":"REST"},{"floor":41,"key":"REST"},{"floor":49,"key":"REST"}],"neow_cost":"PERCENT_DAMAGE","seed_source_timestamp":1540741006199179,"circlet_count":0,"master_deck":["Strike_B","Strike_B","Defend_B","Defend_B","Defend_B+1","Zap+1","Dualcast","Capacitor","Cold Snap","Beam Cell","White Noise+1","Reinforced Body","Chill","Leap","Darkness","Go for the Eyes","Loop","Core Surge","Ball Lightning","Apotheosis","Defragment+1","Loop+1","Ball Lightning+1","Coolheaded","Fusion","Hologram","Amplify","Buffer","Consume+1","Multi-Cast","Doom and Gloom+1","Discovery"],"relics":["Cracked Core","Blue Candle","Dream Catcher","Orichalcum","Mummified Hand","Meat on the Bone","Sozu","Regal Pillow","Kunai","Incense Burner","Centennial Puzzle","Letter Opener","Fusion Hammer","Torii","Lee\u0027s Waffle","Calipers","Red Mask","War Paint","Frozen Egg 2"],"potions_floor_usage":[10,10,16,16],"damage_taken":[{"damage":3,"enemies":"Jaw Worm","floor":1,"turns":3},{"damage":0,"enemies":"2 Louse","floor":2,"turns":2},{"damage":26,"enemies":"Gremlin Nob","floor":6,"turns":5},{"damage":19,"enemies":"3 Sentries","floor":8,"turns":10},{"damage":8,"enemies":"Gremlin Nob","floor":10,"turns":4},{"damage":0,"enemies":"Cultist","floor":11,"turns":3},{"damage":0,"enemies":"Exordium Wildlife","floor":12,"turns":2},{"damage":0,"enemies":"Exordium Thugs","floor":13,"turns":4},{"damage":3,"enemies":"Slime Boss","floor":16,"turns":4},{"damage":2,"enemies":"Shell Parasite","floor":18,"turns":7},{"damage":0,"enemies":"Chosen","floor":21,"turns":5},{"damage":15,"enemies":"Colosseum Slavers","floor":22,"turns":4},{"damage":50,"enemies":"Book of Stabbing","floor":23,"turns":6},{"damage":44,"enemies":"Slavers","floor":25,"turns":5},{"damage":16,"enemies":"Book of Stabbing","floor":28,"turns":6},{"damage":0,"enemies":"Snecko","floor":29,"turns":4},{"damage":0,"enemies":"Cultist and Chosen","floor":31,"turns":5},{"damage":4,"enemies":"Collector","floor":33,"turns":8},{"damage":0,"enemies":"Orb Walker","floor":35,"turns":5},{"damage":40,"enemies":"2 Orb Walkers","floor":37,"turns":6},{"damage":0,"enemies":"3 Darklings","floor":39,"turns":8},{"damage":6,"enemies":"Nemesis","floor":40,"turns":5},{"damage":37,"enemies":"Spire Growth","floor":44,"turns":6},{"damage":14,"enemies":"Reptomancer","floor":45,"turns":4},{"damage":1,"enemies":"Sphere and 2 Shapes","floor":48,"turns":4},{"damage":12,"enemies":"Donu and Deca","floor":50,"turns":10}],"seed_played":"-2273457603695086650","potions_obtained":[{"floor":1,"key":"FocusPotion"},{"floor":5,"key":"Ancient Potion"},{"floor":5,"key":"Dexterity Potion"},{"floor":6,"key":"AttackPotion"},{"floor":8,"key":"Energy Potion"},{"floor":12,"key":"PowerPotion"}],"is_trial":false,"path_per_floor":["M","M","?","$","?","E","R","E","T","E","M","M","M","T","R","B",null,"M","$","?","M","?","E","R","E","T","?","E","M","T","M","R","B",null,"M","?","?","$","M","E","R","?","T","M","E","?","$","M","R","B",null],"character_chosen":"DEFECT","items_purchased":["Beam Cell","White Noise","Apotheosis","Lee\u0027s Waffle"],"campfire_rested":5,"item_purchase_floors":[4,4,19,38],"current_hp_per_floor":[65,65,65,65,65,39,39,20,20,12,12,12,12,12,38,47,89,87,87,87,87,72,34,75,43,43,43,39,51,51,51,89,85,89,89,89,49,96,96,90,96,96,96,59,57,57,57,56,96,84],"gold":85,"neow_bonus":"TWENTY_PERCENT_HP_BONUS","is_prod":false,"is_daily":false,"chose_seed":false,"campfire_upgraded":1,"win_rate":0,"timestamp":1556823861,"path_taken":["M","M","?","$","?","E","R","E","T","E","M","?","M","?","R","BOSS","M","$","?","M","?","E","R","E","T","?","E","M","?","M","R","BOSS","M","?","?","$","M","E","R","?","T","M","E","?","?","M","R","BOSS"],"build_version":"2019-01-23","purchased_purges":2,"victory":true,"max_hp_per_floor":[89,89,89,89,89,89,89,89,89,89,89,89,89,89,89,89,89,89,89,89,89,89,89,89,89,89,89,89,89,89,89,89,89,89,89,89,89,96,96,96,96,96,96,96,96,96,96,96,96,96],"card_choices":[{"not_picked":["Undo","Rebound"],"picked":"Capacitor","floor":1},{"not_picked":["Conserve Battery","Beam Cell"],"picked":"Cold Snap","floor":2},{"not_picked":["Reprogram","Storm"],"picked":"Reinforced Body","floor":6},{"not_picked":["Fusion","Go for the Eyes"],"picked":"Chill","floor":8},{"not_picked":["Capacitor","Hologram"],"picked":"Leap","floor":10},{"not_picked":["Leap","Turbo"],"picked":"Darkness","floor":11},{"not_picked":["Barrage","Skim"],"picked":"Go for the Eyes","floor":12},{"not_picked":["Go for the Eyes","Hyperbeam"],"picked":"Loop","floor":13},{"not_picked":["Reboot","Seek"],"picked":"Core Surge","floor":16},{"not_picked":["Turbo","FTL+1"],"picked":"Ball Lightning","floor":18},{"not_picked":["Rebound+1","Loop"],"picked":"Defragment+1","floor":21},{"not_picked":["Blizzard","All For One"],"picked":"Loop+1","floor":23},{"not_picked":["Turbo+1","Conserve Battery+1"],"picked":"Ball Lightning+1","floor":24},{"not_picked":["Compile Driver+1","Leap"],"picked":"Coolheaded","floor":25},{"not_picked":["FTL","Barrage"],"picked":"Fusion","floor":28},{"not_picked":["Steam","Capacitor"],"picked":"Hologram","floor":29},{"not_picked":["Leap+1","Capacitor+1"],"picked":"Amplify","floor":31},{"not_picked":["Rainbow","Amplify"],"picked":"Buffer","floor":33},{"not_picked":["Leap","Go for the Eyes+1","Undo+1"],"picked":"SKIP","floor":35},{"not_picked":["Storm+1","Steam"],"picked":"Consume+1","floor":37},{"not_picked":["Blizzard+1","Cold Snap","Hyperbeam"],"picked":"SKIP","floor":39},{"not_picked":["Compile Driver","Blizzard"],"picked":"Multi-Cast","floor":40},{"not_picked":["Genetic Algorithm","Cold Snap"],"picked":"Doom and Gloom+1","floor":41},{"not_picked":["Blizzard","Sweeping Beam+1","Skim+1"],"picked":"SKIP","floor":44},{"not_picked":["Steam Power","Darkness","Scrape+1"],"picked":"SKIP","floor":45},{"not_picked":["Jack Of All Trades","Swift Strike"],"picked":"Discovery","floor":46},{"not_picked":["Cold Snap+1","Coolheaded","Turbo"],"picked":"SKIP","floor":48}],"player_experience":1887845,"relics_obtained":[{"floor":6,"key":"Blue Candle"},{"floor":8,"key":"Dream Catcher"},{"floor":9,"key":"Orichalcum"},{"floor":10,"key":"Mummified Hand"},{"floor":14,"key":"Meat on the Bone"},{"floor":23,"key":"Regal Pillow"},{"floor":25,"key":"Kunai"},{"floor":26,"key":"Incense Burner"},{"floor":28,"key":"Centennial Puzzle"},{"floor":30,"key":"Letter Opener"},{"floor":37,"key":"Torii"},{"floor":40,"key":"Calipers"},{"floor":43,"key":"War Paint"},{"floor":45,"key":"Frozen Egg 2"}],"event_choices":[{"damage_healed":0,"gold_gain":0,"player_choice":"Leave","damage_taken":0,"max_hp_gain":0,"max_hp_loss":0,"event_name":"The Cleric","floor":3,"gold_loss":0},{"damage_healed":0,"gold_gain":0,"player_choice":"Got Potions","damage_taken":0,"max_hp_gain":0,"max_hp_loss":0,"event_name":"Lab","floor":5,"gold_loss":0},{"damage_healed":0,"gold_gain":0,"player_choice":"Ignored","damage_taken":0,"max_hp_gain":0,"max_hp_loss":0,"event_name":"Beggar","floor":20,"gold_loss":0},{"damage_healed":0,"gold_gain":0,"player_choice":"Fight","damage_taken":0,"max_hp_gain":0,"max_hp_loss":0,"event_name":"Colosseum","floor":22,"gold_loss":0},{"damage_healed":0,"gold_gain":0,"player_choice":"Fled From Nobs","damage_taken":0,"max_hp_gain":0,"max_hp_loss":0,"event_name":"Colosseum","floor":22,"gold_loss":0},{"damage_healed":0,"gold_gain":0,"player_choice":"Ignored","damage_taken":0,"max_hp_gain":0,"max_hp_loss":0,"event_name":"Vampires","floor":27,"gold_loss":0},{"cards_removed":["Defend_B"],"damage_healed":0,"gold_gain":0,"player_choice":"Removed Skill","damage_taken":0,"max_hp_gain":0,"max_hp_loss":0,"event_name":"Falling","floor":36,"gold_loss":0},{"damage_healed":0,"gold_gain":0,"player_choice":"Fight","damage_taken":0,"max_hp_gain":0,"max_hp_loss":0,"event_name":"Mysterious Sphere","floor":37,"gold_loss":0},{"damage_healed":0,"gold_gain":0,"player_choice":"Paid","damage_taken":0,"relics_obtained":["Red Mask"],"max_hp_gain":0,"max_hp_loss":0,"event_name":"Tomb of Lord Red Mask","floor":42,"gold_loss":86},{"damage_healed":0,"gold_gain":0,"player_choice":"Memory 1","damage_taken":0,"max_hp_gain":0,"max_hp_loss":0,"event_name":"SensoryStone","floor":46,"gold_loss":0}],"is_beta":false,"boss_relics":[{"not_picked":["Runic Dome","Inserter"],"picked":"Sozu"},{"not_picked":["Snecko Eye","Empty Cage"],"picked":"Fusion Hammer"}],"items_purged_floors":[19,38],"is_endless":false,"potions_floor_spawned":[1,6,8,12,22,23,29,31,33,35,37,44],"ascension_level":1}