{"gold_per_floor":[119,3,21,21,21,21,52,63,89,114,177,194,194,194,194,194],"floor_reached":16,"playtime":824,"items_purged":[],"score":200,"play_id":"79d73811-fdcf-411b-b91a-c2984162eaea","local_time":"20190429100348","is_ascension_mode":true,"campfire_choices":[{"data":"Shockwave","floor":6,"key":"SMITH"},{"floor":13,"key":"REST"},{"data":"Anger","floor":15,"key":"SMITH"}],"neow_cost":"NONE","seed_source_timestamp":124063542361511,"circlet_count":0,"master_deck":["AscendersBane","Strike_R","Strike_R","Strike_R","Strike_R","Defend_R","Defend_R","Defend_R","Defend_R","Bash","Shrug It Off","Shrug It Off","Shockwave+1","Hemokinesis","Anger+1","Armaments","Shockwave","Sword Boomerang"],"relics":["Burning Blood","Oddly Smooth Stone","Boot","Torii","The Courier"],"potions_floor_usage":[10,12],"damage_taken":[{"damage":2,"enemies":"Cultist","floor":1,"turns":4},{"damage":1,"enemies":"2 Louse","floor":3,"turns":4},{"damage":36,"enemies":"Lagavulin","floor":7,"turns":9},{"damage":6,"enemies":"Small Slimes","floor":8,"turns":5},{"damage":11,"enemies":"3 Sentries","floor":10,"turns":7},{"damage":26,"enemies":"Lagavulin Event","floor":11,"turns":8},{"damage":6,"enemies":"3 Louse","floor":12,"turns":4},{"damage":53,"enemies":"Slime Boss","floor":16,"turns":6}],"seed_played":"3142364046354732161","potions_obtained":[{"floor":7,"key":"Explosive Potion"},{"floor":11,"key":"Explosive Potion"}],"is_trial":false,"path_per_floor":["M","$","M","?","$","R","E","M","T","E","?","M","R","?","R","B"],"character_chosen":"IRONCLAD","items_purchased":["Shrug It Off","Shockwave"],"campfire_rested":1,"item_purchase_floors":[2,2],"current_hp_per_floor":[79,79,82,75,75,75,45,45,45,40,20,20,44,49,49,0],"gold":194,"neow_bonus":"TEN_PERCENT_HP_BONUS","is_prod":false,"is_daily":false,"chose_seed":false,"campfire_upgraded":2,"win_rate":0,"timestamp":1556557428,"path_taken":["M","?","M","?","$","R","E","M","T","E","?","M","R","?","R","BOSS"],"build_version":"2019-01-23","purchased_purges":0,"victory":false,"max_hp_per_floor":[82,82,82,82,82,82,82,82,82,82,82,82,82,87,87,87],"card_choices":[{"not_picked":["Twin Strike","Seeing Red"],"picked":"Shrug It Off","floor":1},{"not_picked":["Body Slam","Rupture","Evolve"],"picked":"SKIP","floor":3},{"not_picked":["Dropkick","Dual Wield"],"picked":"Hemokinesis","floor":7},{"not_picked":["Perfected Strike","Fire Breathing"],"picked":"Anger","floor":8},{"not_picked":["Perfected Strike","Power Through"],"picked":"Armaments","floor":10},{"not_picked":["Twin Strike","Pommel Strike"],"picked":"Shockwave","floor":11},{"not_picked":["Twin Strike","Seeing Red"],"picked":"Sword Boomerang","floor":12}],"player_experience":497273,"relics_obtained":[{"floor":7,"key":"Oddly Smooth Stone"},{"floor":9,"key":"Boot"},{"floor":10,"key":"Torii"},{"floor":11,"key":"The Courier"}],"event_choices":[{"cards_removed":["Strike_R"],"damage_healed":0,"gold_gain":0,"player_choice":"Card Removal","damage_taken":7,"max_hp_gain":0,"max_hp_loss":0,"event_name":"Golden Wing","floor":4,"gold_loss":0},{"damage_healed":0,"gold_gain":0,"player_choice":"Searched \u00271\u0027 times","damage_taken":0,"max_hp_gain":0,"max_hp_loss":0,"event_name":"Dead Adventurer","floor":11,"gold_loss":0},{"damage_healed":0,"gold_gain":0,"player_choice":"Donut","damage_taken":0,"max_hp_gain":5,"max_hp_loss":0,"event_name":"Big Fish","floor":14,"gold_loss":0}],"is_beta":false,"boss_relics":[],"items_purged_floors":[],"is_endless":false,"potions_floor_spawned":[7,11],"killed_by":"Slime Boss","ascension_level":17}