{"gold_per_floor":[213,213,7,19,19,19,31,61,61,95,107,107,142,156,156,255,255,270,270,290,72,86,86],"floor_reached":23,"playtime":834,"items_purged":["Strike_B"],"score":319,"play_id":"3a556194-02c2-4864-a121-30cd4a985ac9","local_time":"20181202213518","is_ascension_mode":true,"campfire_choices":[{"data":"Dualcast","floor":6,"key":"SMITH"},{"floor":12,"key":"REST"},{"floor":15,"key":"REST"}],"neow_cost":"NONE","seed_source_timestamp":139557200323980,"circlet_count":0,"master_deck":["Strike_B","Strike_B","Defend_B","Defend_B","Defend_B","Defend_B","Zap","Dualcast+1","Ball Lightning","Ball Lightning","Ball Lightning","Capacitor","Consume","Capacitor","Thunder Strike"],"relics":["Cracked Core","PreservedInsect","Symbiotic Virus","Kunai","Blue Candle","Orichalcum","Sozu","Blood Vial"],"potions_floor_usage":[7,8,16,23],"damage_taken":[{"damage":0,"enemies":"Small Slimes","floor":1,"turns":2},{"damage":6,"enemies":"Cultist","floor":4,"turns":3},{"damage":0,"enemies":"2 Louse","floor":7,"turns":1},{"damage":0,"enemies":"Gremlin Nob","floor":8,"turns":2},{"damage":24,"enemies":"3 Sentries","floor":10,"turns":3},{"damage":9,"enemies":"Exordium Wildlife","floor":11,"turns":3},{"damage":13,"enemies":"Gremlin Nob","floor":13,"turns":3},{"damage":18,"enemies":"Exordium Thugs","floor":14,"turns":3},{"damage":20,"enemies":"Hexaghost","floor":16,"turns":7},{"damage":22,"enemies":"Shell Parasite","floor":18,"turns":4},{"damage":6,"enemies":"3 Byrds","floor":20,"turns":4},{"damage":23,"enemies":"Centurion and Healer","floor":22,"turns":5},{"damage":26,"enemies":"Book of Stabbing","floor":23,"turns":2}],"seed_played":"3818552095407339661","potions_obtained":[{"floor":4,"key":"SteroidPotion"},{"floor":7,"key":"SteroidPotion"},{"floor":14,"key":"Energy Potion"},{"floor":16,"key":"Ancient Potion"}],"is_trial":false,"path_per_floor":["M","?","$","M","$","R","M","E","T","E","M","R","E","M","R","B",null,"M","?","M","$","M","E"],"character_chosen":"DEFECT","items_purchased":["PreservedInsect","Ball Lightning","Blood Vial"],"campfire_rested":2,"item_purchase_floors":[3,3,21],"current_hp_per_floor":[68,68,68,62,62,62,62,62,62,38,29,51,38,20,42,22,62,40,40,34,34,13,0],"gold":86,"neow_bonus":"HUNDRED_GOLD","is_prod":false,"is_daily":false,"chose_seed":false,"campfire_upgraded":1,"win_rate":0,"timestamp":1543782918,"path_taken":["M","?","$","M","$","R","M","E","T","E","M","R","E","M","R","BOSS","M","?","M","$","?","E"],"build_version":"2018-11-15","purchased_purges":1,"victory":false,"max_hp_per_floor":[75,75,75,75,75,75,75,75,75,75,75,75,75,75,75,75,75,75,75,75,75,75,75],"card_choices":[{"not_picked":["Sweeping Beam","Reprogram"],"picked":"Ball Lightning","floor":1},{"not_picked":["Coolheaded","Gash","Go for the Eyes"],"picked":"SKIP","floor":4},{"not_picked":["Coolheaded","Rebound"],"picked":"Ball Lightning","floor":7},{"not_picked":["Sweeping Beam","Gash","Creative AI"],"picked":"SKIP","floor":8},{"not_picked":["Self Repair","Sweeping Beam"],"picked":"Capacitor","floor":10},{"not_picked":["Rebound","Undo"],"picked":"Consume","floor":11},{"not_picked":["Redo","Rebound"],"picked":"Capacitor","floor":13},{"not_picked":["Sweeping Beam","Leap","Barrage"],"picked":"SKIP","floor":14},{"not_picked":["Amplify","Seek"],"picked":"Thunder Strike","floor":16},{"not_picked":["Rebound+1","Leap","Reprogram"],"picked":"SKIP","floor":18},{"not_picked":["Redo","Go for the Eyes","Rebound"],"picked":"SKIP","floor":20},{"not_picked":["Undo","Fusion+1","Barrage"],"picked":"SKIP","floor":22}],"player_experience":328128,"relics_obtained":[{"floor":8,"key":"Symbiotic Virus"},{"floor":9,"key":"Kunai"},{"floor":10,"key":"Blue Candle"},{"floor":13,"key":"Orichalcum"}],"event_choices":[{"cards_removed":["Strike_B"],"damage_healed":0,"gold_gain":0,"player_choice":"Forget","damage_taken":0,"max_hp_gain":0,"max_hp_loss":0,"event_name":"Living Wall","floor":2,"gold_loss":0},{"damage_healed":0,"gold_gain":0,"player_choice":"Leave","damage_taken":0,"max_hp_gain":0,"max_hp_loss":0,"event_name":"FaceTrader","floor":19,"gold_loss":0}],"is_beta":false,"boss_relics":[{"not_picked":["Fusion Hammer","Runic Dome"],"picked":"Sozu"}],"items_purged_floors":[21],"is_endless":false,"potions_floor_spawned":[4,7,14,16,20,22],"killed_by":"Book of Stabbing","ascension_level":7}