{"gold_per_floor":[14,34,47,66,80,107,107,124,172,206,206,235,29,39,39,113,113,125,138,0,0,17,17,47,47,77,77,94,94,114,83,83,83],"floor_reached":33,"playtime":2786,"items_purged":["Strike_B"],"score":550,"play_id":"5b1aebe4-120c-49f5-af65-7574dda27244","local_time":"20190327200527","is_ascension_mode":true,"campfire_choices":[{"data":"Zap","floor":7,"key":"SMITH"},{"floor":11,"key":"REST"},{"data":"Panache","floor":15,"key":"SMITH"},{"data":"Creative AI","floor":23,"key":"SMITH"},{"floor":25,"key":"REST"},{"floor":27,"key":"REST"},{"floor":29,"key":"REST"},{"data":"Streamline","floor":32,"key":"SMITH"}],"neow_cost":"NO_GOLD","seed_source_timestamp":1386500827417587,"circlet_count":0,"master_deck":["AscendersBane","Strike_B","Strike_B","Strike_B","Defend_B","Defend_B","Defend_B","Defend_B","Zap+1","Dualcast","Glacier","Gash","Go for the Eyes","Leap","Coolheaded","Gash","Cold Snap","Chill","Coolheaded","Panache+1","Creative AI+1","BootSequence","Streamline+1","Storm","Lockon"],"relics":["Cracked Core","The Courier","Boot","Blue Candle","Mercury Hourglass","Sozu","Pen Nib","Tiny Chest"],"potions_floor_usage":[6,10,12,12,12],"damage_taken":[{"damage":1,"enemies":"Cultist","floor":1,"turns":4},{"damage":0,"enemies":"Small Slimes","floor":2,"turns":3},{"damage":0,"enemies":"2 Louse","floor":3,"turns":3},{"damage":2,"enemies":"Looter","floor":4,"turns":3},{"damage":16,"enemies":"2 Fungi Beasts","floor":5,"turns":4},{"damage":10,"enemies":"3 Sentries","floor":6,"turns":8},{"damage":10,"enemies":"Exordium Wildlife","floor":8,"turns":6},{"damage":20,"enemies":"Gremlin Nob","floor":10,"turns":5},{"damage":0,"enemies":"3 Sentries","floor":12,"turns":8},{"damage":0,"enemies":"Red Slaver","floor":14,"turns":3},{"damage":12,"enemies":"The Guardian","floor":16,"turns":14},{"damage":7,"enemies":"3 Byrds","floor":18,"turns":5},{"damage":4,"enemies":"Spheric Guardian","floor":19,"turns":5},{"damage":9,"enemies":"Snake Plant","floor":22,"turns":5},{"damage":51,"enemies":"Gremlin Leader","floor":24,"turns":9},{"damage":15,"enemies":"Chosen and Byrds","floor":28,"turns":7},{"damage":0,"enemies":"Centurion and Healer","floor":30,"turns":3},{"damage":62,"enemies":"Automaton","floor":33,"turns":10}],"seed_played":"-6338854927213058884","potions_obtained":[{"floor":1,"key":"Fire Potion"},{"floor":5,"key":"Energy Potion"},{"floor":10,"key":"EntropicBrew"},{"floor":12,"key":"FearPotion"}],"is_trial":false,"path_per_floor":["M","M","M","M","M","E","R","M","T","E","R","E","$","M","R","B",null,"M","M","?","?","M","R","E","R","T","R","M","R","M","$","R","B"],"character_chosen":"DEFECT","items_purchased":["Panache","Lockon"],"campfire_rested":4,"item_purchase_floors":[13,31],"current_hp_per_floor":[77,77,77,75,59,49,49,39,39,19,44,44,44,44,44,32,72,65,61,61,61,52,52,1,26,26,51,36,61,61,61,61,0],"gold":83,"neow_bonus":"TWENTY_PERCENT_HP_BONUS","is_prod":false,"is_daily":false,"chose_seed":false,"campfire_upgraded":4,"win_rate":0,"timestamp":1553717127,"path_taken":["M","M","M","M","M","E","R","M","T","E","R","E","$","?","R","BOSS","M","M","?","?","M","R","E","R","T","R","M","R","M","$","R","BOSS"],"build_version":"2019-01-23","purchased_purges":1,"victory":false,"max_hp_per_floor":[85,85,85,85,85,85,85,85,85,85,85,85,85,85,85,85,85,85,85,85,85,85,85,85,85,85,85,85,85,85,85,85,85],"card_choices":[{"not_picked":["Rip and Tear","Force Field"],"picked":"Glacier","floor":1},{"not_picked":["Melter","Cold Snap"],"picked":"Gash","floor":2},{"not_picked":["Turbo","Barrage"],"picked":"Go for the Eyes","floor":3},{"not_picked":["Steam Power","Aggregate"],"picked":"Leap","floor":4},{"not_picked":["Sweeping Beam","Streamline"],"picked":"Coolheaded","floor":5},{"not_picked":["Redo","Stack"],"picked":"Gash","floor":6},{"not_picked":["Streamline","Meteor Strike"],"picked":"Cold Snap","floor":8},{"not_picked":["Consume","Redo"],"picked":"Chill","floor":10},{"not_picked":["Blizzard","Storm"],"picked":"Coolheaded","floor":12},{"not_picked":["Redo","Conserve Battery","Cold Snap"],"picked":"SKIP","floor":14},{"not_picked":["Meteor Strike","Hyperbeam"],"picked":"Creative AI","floor":16},{"not_picked":["Compile Driver+1","Coolheaded"],"picked":"BootSequence","floor":18},{"not_picked":["Skim","Cold Snap","Barrage+1"],"picked":"SKIP","floor":19},{"not_picked":["Stack","Hologram","Streamline"],"picked":"SKIP","floor":22},{"not_picked":["Compile Driver","Static Discharge"],"picked":"Streamline","floor":24},{"not_picked":["Cold Snap","Melter","Leap"],"picked":"SKIP","floor":28},{"not_picked":["Turbo","Force Field"],"picked":"Storm","floor":30}],"player_experience":1650575,"relics_obtained":[{"floor":6,"key":"The Courier"},{"floor":9,"key":"Boot"},{"floor":10,"key":"Blue Candle"},{"floor":12,"key":"Mercury Hourglass"},{"floor":24,"key":"Pen Nib"},{"floor":26,"key":"Tiny Chest"}],"event_choices":[{"damage_healed":0,"gold_gain":0,"player_choice":"Paid Fearfully","damage_taken":0,"max_hp_gain":0,"max_hp_loss":0,"event_name":"Masked Bandits","floor":20,"gold_loss":138},{"damage_healed":0,"gold_gain":0,"player_choice":"Ignored","damage_taken":0,"max_hp_gain":0,"max_hp_loss":0,"event_name":"Ghosts","floor":21,"gold_loss":0}],"is_beta":false,"boss_relics":[{"not_picked":["Nuclear Battery","Tiny House"],"picked":"Sozu"}],"items_purged_floors":[13],"is_endless":false,"potions_floor_spawned":[1,5,10,12,18,28,30],"killed_by":"Automaton","ascension_level":15}