{"gold_per_floor":[111,126,51,63,63,93,107,107,107,107,135,155,186,199,199,299,299,312,9,21,40,40,40],"floor_reached":23,"playtime":1062,"items_purged":["Strike_R"],"score":274,"play_id":"b43d339b-28f8-4108-9191-36966b447184","local_time":"20190412102001","is_ascension_mode":true,"campfire_choices":[{"data":"Bludgeon","floor":8,"key":"SMITH"},{"data":"Bash","floor":10,"key":"SMITH"},{"data":"Sword Boomerang","floor":15,"key":"SMITH"}],"neow_cost":"NONE","seed_source_timestamp":4656806216687,"circlet_count":0,"master_deck":["Strike_R","Strike_R","Strike_R","Defend_R","Defend_R","Defend_R","Bash+1","Bludgeon+1","Twin Strike","Battle Trance","Sword Boomerang+1","Heavy Blade","Double Tap","Flex"],"relics":["Burning Blood","Ancient Tea Set","Bottled Lightning","Turnip","Blood Vial","Empty Cage","Gremlin Horn"],"potions_floor_usage":[12,13,14,16,21],"damage_taken":[{"damage":6,"enemies":"Cultist","floor":1,"turns":3},{"damage":11,"enemies":"Jaw Worm","floor":2,"turns":4},{"damage":4,"enemies":"Small Slimes","floor":4,"turns":2},{"damage":30,"enemies":"3 Sentries","floor":6,"turns":11},{"damage":7,"enemies":"Looter","floor":7,"turns":3},{"damage":0,"enemies":"Gremlin Nob","floor":11,"turns":2},{"damage":5,"enemies":"Blue Slaver","floor":12,"turns":3},{"damage":5,"enemies":"3 Sentries","floor":13,"turns":5},{"damage":8,"enemies":"Large Slime","floor":14,"turns":3},{"damage":58,"enemies":"Hexaghost","floor":16,"turns":6},{"damage":37,"enemies":"2 Thieves","floor":18,"turns":4},{"damage":2,"enemies":"Chosen","floor":20,"turns":3},{"damage":49,"enemies":"Snecko","floor":21,"turns":6},{"damage":3,"enemies":"Gremlin Leader","floor":23,"turns":6}],"seed_played":"3674597423817711785","potions_obtained":[{"floor":1,"key":"LiquidBronze"},{"floor":7,"key":"Weak Potion"},{"floor":11,"key":"SpeedPotion"},{"floor":12,"key":"Fire Potion"},{"floor":20,"key":"BloodPotion"}],"is_trial":false,"path_per_floor":["M","M","$","M","$","E","M","R","T","R","E","M","E","M","R","B",null,"M","$","M","M","$","E"],"character_chosen":"IRONCLAD","items_purchased":["Gremlin Horn","Flex"],"campfire_rested":0,"item_purchase_floors":[19,19],"current_hp_per_floor":[80,75,75,77,77,53,52,52,52,52,58,59,60,60,60,10,80,49,49,55,22,22,21],"gold":40,"neow_bonus":"ONE_RANDOM_RARE_CARD","is_prod":false,"is_daily":false,"chose_seed":false,"campfire_upgraded":3,"win_rate":0,"timestamp":1555057201,"path_taken":["M","M","$","M","$","E","M","R","T","R","E","M","E","M","R","BOSS","M","$","?","M","?","E"],"build_version":"2019-01-23","purchased_purges":1,"victory":false,"max_hp_per_floor":[80,80,80,80,80,80,80,80,80,80,80,80,80,80,80,80,80,80,80,80,80,80,80],"card_choices":[{"not_picked":["Whirlwind","Bloodletting","Thunderclap"],"picked":"SKIP","floor":1},{"not_picked":["Cleave","Clash"],"picked":"Twin Strike","floor":2},{"not_picked":["True Grit","Disarm"],"picked":"Battle Trance","floor":4},{"not_picked":["Battle Trance","Fiend Fire","Armaments"],"picked":"SKIP","floor":6},{"not_picked":["Armaments","Feel No Pain","Flame Barrier"],"picked":"SKIP","floor":7},{"not_picked":["Flame Barrier","Entrench"],"picked":"Sword Boomerang","floor":11},{"not_picked":["Hemokinesis","Wild Strike"],"picked":"Heavy Blade","floor":12},{"not_picked":["Sentinel","Flame Barrier","True Grit"],"picked":"SKIP","floor":13},{"not_picked":["Ghostly Armor","Anger","Sword Boomerang"],"picked":"SKIP","floor":14},{"not_picked":["Reaper","Impervious"],"picked":"Double Tap","floor":16},{"not_picked":["Second Wind","Havoc","Flame Barrier"],"picked":"SKIP","floor":18},{"not_picked":["Thunderclap","Wild Strike","Anger"],"picked":"SKIP","floor":20},{"not_picked":["Sentinel","Blood for Blood+1","Headbutt"],"picked":"SKIP","floor":21}],"player_experience":349917,"relics_obtained":[{"floor":6,"key":"Ancient Tea Set"},{"floor":9,"key":"Bottled Lightning"},{"floor":11,"key":"Turnip"},{"floor":13,"key":"Blood Vial"}],"event_choices":[],"is_beta":false,"boss_relics":[{"not_picked":["Busted Crown","Runic Pyramid"],"picked":"Empty Cage"}],"items_purged_floors":[3],"is_endless":false,"potions_floor_spawned":[1,7,11,12,20],"killed_by":"Gremlin Leader","ascension_level":3}