{"gold_per_floor":[119,219,234,137,137,170,170,70,95,95,127,302,302,316,316,316],"floor_reached":16,"playtime":640,"items_purged":["Strike_R","Strike_R"],"score":106,"play_id":"f47d7afe-122a-49a0-af95-333309c4e07a","local_time":"20180907173614","is_ascension_mode":false,"campfire_choices":[{"data":"Bash","floor":7,"key":"SMITH"},{"data":"True Grit","floor":10,"key":"SMITH"},{"data":"Spot Weakness","floor":13,"key":"SMITH"},{"data":"Clash","floor":15,"key":"SMITH"}],"neow_cost":"","seed_source_timestamp":421725607296169,"circlet_count":0,"master_deck":["Strike_R+1","Strike_R+1","Strike_R+1","Defend_R","Defend_R","Defend_R","Defend_R","Bash+1","Spot Weakness+1","Clash+1","True Grit+1","Clash+1","Doubt"],"relics":["Burning Blood","Bag of Preparation","Whetstone","Juzu Bracelet"],"potions_floor_usage":[16],"damage_taken":[{"damage":12,"enemies":"Jaw Worm","floor":1,"turns":5},{"damage":1,"enemies":"Cultist","floor":3,"turns":3},{"damage":33,"enemies":"3 Sentries","floor":6,"turns":10},{"damage":18,"enemies":"Lagavulin","floor":11,"turns":3},{"damage":0,"enemies":"Small Slimes","floor":14,"turns":3},{"damage":34,"enemies":"The Guardian","floor":16,"turns":5}],"seed_played":"-4934129854203983330","potions_obtained":[{"floor":14,"key":"Poison Potion"}],"is_trial":false,"path_per_floor":["M","?","M","$","?","E","R","$","T","R","E","?","R","M","R"],"character_chosen":"IRONCLAD","items_purchased":["True Grit"],"campfire_rested":0,"item_purchase_floors":[4],"current_hp_per_floor":[74,74,79,79,63,36,36,36,36,36,24,24,24,30,30,0],"gold":316,"neow_bonus":"","is_prod":false,"is_daily":false,"chose_seed":false,"campfire_upgraded":4,"win_rate":0,"timestamp":1536366974,"path_taken":["M","?","?","$","?","E","R","?","T","R","E","?","R","M","R","BOSS"],"build_version":"2018-09-06","purchased_purges":2,"victory":false,"max_hp_per_floor":[80,80,80,80,80,80,80,80,80,80,80,80,80,80,80,80],"card_choices":[{"not_picked":["Body Slam","Warcry"],"picked":"Spot Weakness","floor":1},{"not_picked":["Carnage","Iron Wave"],"picked":"Clash","floor":3},{"not_picked":["Flex","Pummel"],"picked":"Clash","floor":6},{"not_picked":["Burning Pact","Pummel","Clothesline"],"picked":"SKIP","floor":11},{"not_picked":["Pummel","Shrug It Off","Flex"],"picked":"SKIP","floor":14}],"player_experience":186087,"relics_obtained":[{"floor":6,"key":"Bag of Preparation"},{"floor":9,"key":"Whetstone"},{"floor":11,"key":"Juzu Bracelet"}],"event_choices":[{"event_name":"Golden Shrine","player_choice":"Pray","floor":2,"damage_taken":0},{"event_name":"Shining Light","player_choice":"Entered Light","floor":5,"damage_taken":0},{"event_name":"Liars Game","player_choice":"agreed","floor":12,"damage_taken":0}],"is_beta":false,"boss_relics":[],"items_purged_floors":[4,8],"is_endless":false,"potions_floor_spawned":[14],"killed_by":"The Guardian","ascension_level":0}