{"gold_per_floor":[214,214,5,5,25,25,52,52,52,2,36,36,55,8,8,113,113,126,126,126,143,157,185,185,215,245,259,294,309,309,327,327,429,429,447,496,514,91,105,119,147,159,171,183,195,207,219,244,256,268],"floor_reached":51,"playtime":4179,"items_purged":["Strike_B","Defend_B"],"score":728,"play_id":"2db90729-5602-4249-b5c5-7538eb7a3c53","local_time":"20190505174526","is_ascension_mode":true,"campfire_choices":[{"data":"Streamline","floor":6.0,"key":"SMITH"},{"data":"Beam Cell","floor":8.0,"key":"SMITH"},{"data":"Dualcast","floor":12.0,"key":"SMITH"},{"data":"Machine Learning","floor":15.0,"key":"SMITH"},{"floor":24.0,"key":"REST"},{"floor":32.0,"key":"REST"},{"floor":42.0,"key":"REST"},{"data":"Fission","floor":47.0,"key":"SMITH"},{"data":"Chill","floor":49,"key":"SMITH"}],"neow_cost":"NONE","seed_source_timestamp":1791279593149783,"circlet_count":0,"master_deck":["Strike_B+1","Defend_B","Zap+1","Dualcast+1","Streamline+1","Gash","BootSequence","Leap","Beam Cell+1","Chill+1","Machine Learning+1","Cold Snap","Rebound+1","Fission+1","Ball Lightning+1","Go for the Eyes","Cold Snap","Hologram","Chaos","Doom and Gloom","Coolheaded","Gash","All For One","Loop+1","Chaos+1","Lockon+1","Hologram+1","Darkness+1","Glacier+1","Gash","Writhe","Trip"],"special_seed":0,"relics":["Cracked Core","Bottled Flame","Blue Candle","Thread and Needle","Torii","Pen Nib","Sozu","Ancient Tea Set","Gremlin Horn","Tiny Chest","Whetstone","Astrolabe","Pocketwatch","Membership Card","Meat on the Bone","MawBank","Dodecahedron"],"potions_floor_usage":[],"damage_taken":[{"damage":6.0,"enemies":"Jaw Worm","floor":1.0,"turns":3.0},{"damage":0.0,"enemies":"Cultist","floor":5.0,"turns":2.0},{"damage":17.0,"enemies":"3 Sentries","floor":7.0,"turns":7.0},{"damage":7.0,"enemies":"Lagavulin","floor":11.0,"turns":6.0},{"damage":0.0,"enemies":"Small Slimes","floor":13.0,"turns":2.0},{"damage":3.0,"enemies":"The Guardian","floor":16.0,"turns":11.0},{"damage":1.0,"enemies":"Shell Parasite","floor":18.0,"turns":3.0},{"damage":0.0,"enemies":"Spheric Guardian","floor":21.0,"turns":3.0},{"damage":8.0,"enemies":"Snake Plant","floor":22.0,"turns":3.0},{"damage":8.0,"enemies":"Gremlin Leader","floor":23.0,"turns":8.0},{"damage":21.0,"enemies":"Slavers","floor":25.0,"turns":5.0},{"damage":0.0,"enemies":"Centurion and Healer","floor":27.0,"turns":5.0},{"damage":6.0,"enemies":"Gremlin Leader","floor":28.0,"turns":6.0},{"damage":9.0,"enemies":"Snecko","floor":29.0,"turns":4.0},{"damage":11.0,"enemies":"Shelled Parasite and Fungi","floor":31.0,"turns":4.0},{"damage":26.0,"enemies":"Collector","floor":33.0,"turns":11.0},{"damage":7.0,"enemies":"3 Shapes","floor":35.0,"turns":3.0},{"damage":23.0,"enemies":"2 Orb Walkers","floor":36.0,"turns":5.0},{"damage":23.0,"enemies":"3 Darklings","floor":37.0,"turns":4.0},{"damage":0.0,"enemies":"Sphere and 2 Shapes","floor":39.0,"turns":4.0},{"damage":8.0,"enemies":"4 Shapes","floor":40.0,"turns":6.0},{"damage":18.0,"enemies":"Giant Head","floor":41.0,"turns":6.0},{"damage":0,"enemies":"Jaw Worm Horde","floor":48,"turns":2},{"damage":43,"enemies":"Awakened One","floor":50,"turns":9}],"seed_played":"-6721642412775840332","potions_obtained":[{"floor":5.0,"key":"LiquidBronze"},{"floor":7.0,"key":"Dexterity Potion"},{"floor":13.0,"key":"Energy Potion"}],"is_trial":false,"path_per_floor":["M","?","$","T","M","R","E","R","T","?","E","R","M","$","R","B",null,"M","?","?","M","M","E","R","E","T","M","E","M","?","M","R","B",null,"M","?","M","$","M","M","E","R","T","?","?","?","R","M","R","B",null],"character_chosen":"DEFECT","items_purchased":["Gash","BootSequence","Leap","Rebound","Gash","Membership Card","Meat on the Bone"],"campfire_rested":3,"item_purchase_floors":[3,3,3,14,38,38,38],"current_hp_per_floor":[69,69,69,69,69,69,52,52,52,52,45,45,45,45,45,42,75,74,60,60,60,52,44,68,47,47,47,41,32,32,21,45,19,80,73,50,27,27,39,43,37,61,61,61,80,80,80,80,80,49],"gold":280,"neow_bonus":"HUNDRED_GOLD","is_prod":false,"is_daily":false,"chose_seed":false,"campfire_upgraded":6,"win_rate":0,"timestamp":1557074726,"path_taken":["M","?","$","?","M","R","E","R","T","?","E","R","?","?","R","BOSS","M","?","?","M","M","E","R","E","T","M","E","M","?","?","R","BOSS","M","?","M","$","M","M","E","R","T","?","?","?","R","M","R","BOSS"],"build_version":"2019-01-23","purchased_purges":2,"victory":true,"max_hp_per_floor":[75,75,75,75,75,75,75,75,75,75,75,75,75,75,75,75,75,75,80,80,80,80,80,80,80,80,80,80,80,80,80,80,80,80,80,80,80,80,80,80,80,80,80,80,80,80,80,80,80,80],"card_choices":[{"not_picked":["Compile Driver","Conserve Battery"],"picked":"Streamline","floor":1.0},{"not_picked":["Storm","Ball Lightning"],"picked":"Beam Cell","floor":5.0},{"not_picked":["Conserve Battery","Compile Driver"],"picked":"Chill","floor":7.0},{"not_picked":["Static Discharge","Cold Snap"],"picked":"Machine Learning","floor":11.0},{"not_picked":["Barrage","Force Field"],"picked":"Cold Snap","floor":13.0},{"not_picked":["Reboot","Multi-Cast"],"picked":"Fission","floor":16.0},{"not_picked":["Rebound","Genetic Algorithm"],"picked":"Ball Lightning+1","floor":18.0},{"not_picked":["Aggregate+1","Stack+1"],"picked":"Go for the Eyes","floor":21.0},{"not_picked":["Steam","Reprogram","Stack+1"],"picked":"SKIP","floor":22.0},{"not_picked":["Recycle","Scrape"],"picked":"Cold Snap","floor":23.0},{"not_picked":["Capacitor","Beam Cell"],"picked":"Hologram","floor":25.0},{"not_picked":["Conserve Battery","Reprogram"],"picked":"Chaos","floor":27.0},{"not_picked":["Capacitor","Sweeping Beam"],"picked":"Doom and Gloom","floor":28.0},{"not_picked":["Fission","Stack"],"picked":"Coolheaded","floor":29.0},{"not_picked":["Turbo+1","Undo+1"],"picked":"Gash","floor":31.0},{"not_picked":["Meteor Strike","Seek"],"picked":"All For One","floor":33.0},{"not_picked":["Coolheaded","Melter+1"],"picked":"Hologram+1","floor":35.0},{"not_picked":["Conserve Battery","Sweeping Beam+1"],"picked":"Darkness+1","floor":36.0},{"not_picked":["Defragment","Hologram+1"],"picked":"Glacier+1","floor":37.0},{"not_picked":["Auto Shields+1","Steam","Static Discharge"],"picked":"SKIP","floor":39.0},{"not_picked":["Cold Snap+1","FTL","Ball Lightning+1"],"picked":"SKIP","floor":40.0},{"not_picked":["Sweeping Beam+1","Barrage","Electrodynamics"],"picked":"SKIP","floor":41.0},{"not_picked":["HandOfGreed","Thinking Ahead"],"picked":"Trip","floor":46.0},{"not_picked":["Blizzard+1","Rebound+1","Force Field+1"],"picked":"SKIP","floor":48}],"player_experience":1922701,"relics_obtained":[{"floor":4.0,"key":"Bottled Flame"},{"floor":7.0,"key":"Blue Candle"},{"floor":9.0,"key":"Thread and Needle"},{"floor":11.0,"key":"Pen Nib"},{"floor":23.0,"key":"Ancient Tea Set"},{"floor":25.0,"key":"Gremlin Horn"},{"floor":26.0,"key":"Tiny Chest"},{"floor":28.0,"key":"Whetstone"},{"floor":36.0,"key":"Pocketwatch"},{"floor":41.0,"key":"MawBank"},{"floor":43.0,"key":"Dodecahedron"}],"event_choices":[{"damage_healed":0.0,"max_hp_gain":0.0,"max_hp_loss":0.0,"gold_gain":0.0,"event_name":"Upgrade Shrine","player_choice":"Upgraded","floor":2.0,"gold_loss":0.0,"damage_taken":0.0,"cards_upgraded":["Zap"]},{"damage_healed":0.0,"max_hp_gain":0.0,"max_hp_loss":0.0,"gold_gain":0.0,"event_name":"WeMeetAgain","player_choice":"Paid Gold","floor":10.0,"gold_loss":50.0,"damage_taken":0.0,"relics_obtained":["Torii"]},{"damage_healed":0.0,"max_hp_gain":5.0,"max_hp_loss":0.0,"gold_gain":0.0,"event_name":"Forgotten Altar","player_choice":"Shed Blood","floor":19.0,"gold_loss":0.0,"damage_taken":19.0},{"damage_healed":0.0,"max_hp_gain":0.0,"max_hp_loss":0.0,"gold_gain":0.0,"event_name":"Beggar","player_choice":"Ignored","floor":20.0,"gold_loss":0.0,"damage_taken":0.0},{"damage_healed":0.0,"max_hp_gain":0.0,"max_hp_loss":0.0,"gold_gain":0.0,"event_name":"Cursed Tome","player_choice":"Ignored","floor":30.0,"gold_loss":0.0,"damage_taken":0.0},{"damage_healed":0.0,"max_hp_gain":0.0,"max_hp_loss":0.0,"gold_gain":0.0,"event_name":"Mysterious Sphere","player_choice":"Fight","floor":36.0,"gold_loss":0.0,"damage_taken":0.0},{"cards_removed":["Defend_B"],"damage_healed":0.0,"max_hp_gain":0.0,"max_hp_loss":0.0,"gold_gain":0.0,"event_name":"Falling","player_choice":"Removed Skill","floor":44.0,"gold_loss":0.0,"damage_taken":0.0},{"damage_healed":20.0,"max_hp_gain":0.0,"max_hp_loss":0.0,"gold_gain":0.0,"event_name":"Winding Halls","player_choice":"Writhe","floor":45.0,"gold_loss":0.0,"damage_taken":0.0,"cards_obtained":["Writhe"]},{"damage_healed":0.0,"max_hp_gain":0.0,"max_hp_loss":0.0,"gold_gain":0.0,"event_name":"SensoryStone","player_choice":"Memory 1","floor":46.0,"gold_loss":0.0,"damage_taken":0.0}],"is_beta":false,"boss_relics":[{"not_picked":["Busted Crown","Runic Dome"],"picked":"Sozu"},{"not_picked":["Eternal Feather","Black Star"],"picked":"Astrolabe"}],"items_purged_floors":[3,38],"is_endless":false,"potions_floor_spawned":[5,7,13,18,22,25,27,31,37,39,40],"ascension_level":1}