{"gold_per_floor":[109,123,137,156,106,135,135,410,410,421,421,447,459,42,42,145,145,158,211,223,223,236,236,246,246],"floor_reached":25,"playtime":978,"items_purged":["Strike_R"],"score":344,"play_id":"5b80a114-81cb-4c9e-bab4-f14605ada593","local_time":"20190408080920","is_ascension_mode":true,"campfire_choices":[{"floor":7,"key":"REST"},{"floor":11,"key":"REST"},{"floor":15,"key":"REST"},{"floor":23,"key":"REST"}],"neow_cost":"CURSE","seed_source_timestamp":173834062772642,"circlet_count":0,"master_deck":["AscendersBane","Strike_R","Strike_R","Strike_R","Strike_R","Defend_R","Defend_R","Defend_R","Defend_R","Bash","Immolate","Headbutt","Blood for Blood","Feel No Pain","Armaments","Twin Strike+1","Regret","Offering","Pummel+1","Pommel Strike+1","Disarm","Metallicize","Intimidate","Fiend Fire+1","Power Through","True Grit","Shrug It Off","Spot Weakness"],"relics":["Burning Blood","Molten Egg 2","Bottled Lightning","Dodecahedron","PreservedInsect","Snecko Eye","Tiny Chest"],"potions_floor_usage":[6,12,16,25,25],"damage_taken":[{"damage":0,"enemies":"Small Slimes","floor":1,"turns":2},{"damage":6,"enemies":"Cultist","floor":2,"turns":3},{"damage":2,"enemies":"2 Louse","floor":3,"turns":3},{"damage":24,"enemies":"Large Slime","floor":4,"turns":7},{"damage":60,"enemies":"Gremlin Nob","floor":6,"turns":6},{"damage":8,"enemies":"Blue Slaver","floor":10,"turns":3},{"damage":43,"enemies":"Lagavulin","floor":12,"turns":6},{"damage":15,"enemies":"Red Slaver","floor":13,"turns":4},{"damage":29,"enemies":"Hexaghost","floor":16,"turns":9},{"damage":17,"enemies":"2 Thieves","floor":18,"turns":3},{"damage":0,"enemies":"Spheric Guardian","floor":20,"turns":2},{"damage":32,"enemies":"Snake Plant","floor":22,"turns":4},{"damage":41,"enemies":"Centurion and Healer","floor":24,"turns":7},{"damage":25,"enemies":"Book of Stabbing","floor":25,"turns":3}],"seed_played":"-4534566025425976062","potions_obtained":[{"floor":2,"key":"Regen Potion"},{"floor":3,"key":"Block Potion"},{"floor":6,"key":"LiquidBronze"},{"floor":16,"key":"PowerPotion"},{"floor":22,"key":"PowerPotion"}],"is_trial":false,"path_per_floor":["M","M","M","M","?","E","R","?","T","M","R","E","M","$","R","B",null,"M","T","M","?","M","R","M","E"],"character_chosen":"IRONCLAD","items_purchased":["Disarm","Metallicize","Intimidate","PreservedInsect"],"campfire_rested":4,"item_purchase_floors":[14,14,14,14],"current_hp_per_floor":[78,78,80,62,62,8,32,32,32,30,54,22,13,13,37,14,64,53,53,59,59,33,57,22,0],"gold":246,"neow_bonus":"THREE_RARE_CARDS","is_prod":false,"is_daily":false,"chose_seed":false,"campfire_upgraded":0,"win_rate":0,"timestamp":1554736160,"path_taken":["M","M","M","M","?","E","R","?","T","M","R","E","M","$","R","BOSS","M","?","M","?","M","R","M","E"],"build_version":"2019-01-23","purchased_purges":1,"victory":false,"max_hp_per_floor":[80,80,80,80,80,80,80,80,80,80,80,80,80,80,80,80,80,80,80,80,80,80,80,80,80],"card_choices":[{"not_picked":["Double Tap","Demon Form"],"picked":"Immolate","floor":0},{"not_picked":["True Grit","Sword Boomerang"],"picked":"Headbutt","floor":1},{"not_picked":["Searing Blow","Reckless Charge"],"picked":"Blood for Blood","floor":2},{"not_picked":["Havoc","Anger"],"picked":"Feel No Pain","floor":3},{"not_picked":["Anger","Warcry"],"picked":"Armaments","floor":4},{"not_picked":["Heavy Blade","Dual Wield"],"picked":"Twin Strike","floor":6},{"not_picked":["Headbutt+1","Cleave+1"],"picked":"Offering","floor":10},{"not_picked":["Fire Breathing","Bloodletting"],"picked":"Pummel+1","floor":12},{"not_picked":["Body Slam+1","Infernal Blade"],"picked":"Pommel Strike+1","floor":13},{"not_picked":["Double Tap","Offering"],"picked":"Fiend Fire+1","floor":16},{"not_picked":["Flex","Wild Strike+1"],"picked":"Power Through","floor":18},{"not_picked":["Heavy Blade+1","Rage"],"picked":"True Grit","floor":20},{"not_picked":["Fire Breathing+1","Wild Strike+1"],"picked":"Shrug It Off","floor":22},{"not_picked":["Body Slam+1","Warcry"],"picked":"Spot Weakness","floor":24}],"player_experience":386390,"relics_obtained":[{"floor":6,"key":"Molten Egg 2"},{"floor":9,"key":"Bottled Lightning"},{"floor":12,"key":"Dodecahedron"},{"floor":19,"key":"Tiny Chest"}],"event_choices":[{"cards_removed":["Writhe"],"damage_healed":0,"gold_gain":0,"player_choice":"Card Removal","damage_taken":0,"max_hp_gain":0,"max_hp_loss":0,"event_name":"The Cleric","floor":5,"gold_loss":50},{"damage_healed":0,"gold_gain":275,"player_choice":"Desecrate","damage_taken":0,"max_hp_gain":0,"max_hp_loss":0,"event_name":"Golden Shrine","floor":8,"gold_loss":0,"cards_obtained":["Regret"]},{"damage_healed":0,"gold_gain":0,"player_choice":"Ignored","damage_taken":0,"max_hp_gain":0,"max_hp_loss":0,"event_name":"Vampires","floor":21,"gold_loss":0}],"is_beta":false,"boss_relics":[{"not_picked":["Eternal Feather","Runic Cube"],"picked":"Snecko Eye"}],"items_purged_floors":[14],"is_endless":false,"potions_floor_spawned":[2,3,6,10,16,22],"killed_by":"Book of Stabbing","ascension_level":12}