{"gold_per_floor":[114,114,114,129,144,174,174,54,54,54,54,54,69,84,84,184,234,249,99,114,129,54,84,99,99,174,189,189,288,288,303,303,403,403,418,418,18,18,18,18,48,48,73,73,73,73,103,0,0,0],"floor_reached":51,"playtime":2111,"items_purged":["Streamline","Gash"],"score":819,"play_id":"6017955e-935e-4d61-ad73-7ba196b17caf","local_time":"20181123212235","daily_mods":["SealedDeck","Time Dilation","Binary"],"is_ascension_mode":false,"campfire_choices":[{"data":"Coolheaded","floor":7,"key":"SMITH"},{"data":"Coolheaded","floor":10,"key":"SMITH"},{"data":"Capacitor","floor":15,"key":"SMITH"},{"data":"Coolheaded","floor":25,"key":"SMITH"},{"data":"Seek","floor":28,"key":"SMITH"},{"data":"Go for the Eyes","floor":30,"key":"SMITH"},{"data":"Go for the Eyes","floor":32,"key":"SMITH"},{"data":"Gash","floor":40,"key":"SMITH"},{"data":"Gash","floor":42,"key":"SMITH"},{"data":"Finesse","floor":44,"key":"SMITH"},{"data":"Self Repair","floor":46,"key":"SMITH"},{"floor":49,"key":"REST"}],"neow_cost":"","seed_source_timestamp":0,"circlet_count":0,"master_deck":["Self Repair+1","Coolheaded+1","Coolheaded+1","Coolheaded+1","Go for the Eyes+1","Gash+1","Go for the Eyes+1","Gash+1","Gash+1","Seek+1","FTL+1","Echo Form+1","Gash+1","Finesse+1","Loop+1"],"special_seed":17858,"relics":["Cracked Core","Blood Vial","Tiny Chest","PreservedInsect","Molten Egg 2","Tiny House","Vajra","Frozen Egg 2","Bottled Tornado","Eternal Feather","WingedGreaves","Cables","DataDisk","Strawberry","Juzu Bracelet","Red Mask"],"potions_floor_usage":[16,16,23,24,50,50],"damage_taken":[{"damage":0,"enemies":"2 Louse","floor":1,"turns":2},{"damage":8,"enemies":"Jaw Worm","floor":4,"turns":2},{"damage":0,"enemies":"Cultist","floor":5,"turns":2},{"damage":0,"enemies":"Lagavulin","floor":6,"turns":3},{"damage":7,"enemies":"3 Louse","floor":13,"turns":2},{"damage":1,"enemies":"Looter","floor":14,"turns":2},{"damage":22,"enemies":"Hexaghost","floor":16,"turns":3},{"damage":5,"enemies":"2 Thieves","floor":18,"turns":3},{"damage":0,"enemies":"3 Byrds","floor":20,"turns":3},{"damage":0,"enemies":"Cultist and Chosen","floor":21,"turns":3},{"damage":4,"enemies":"Book of Stabbing","floor":23,"turns":2},{"damage":6,"enemies":"Centurion and Healer","floor":24,"turns":3},{"damage":13,"enemies":"Snake Plant","floor":27,"turns":2},{"damage":0,"enemies":"Snecko","floor":31,"turns":2},{"damage":6,"enemies":"Champ","floor":33,"turns":4},{"damage":11,"enemies":"Orb Walker","floor":35,"turns":2},{"damage":0,"enemies":"Reptomancer","floor":41,"turns":2},{"damage":0,"enemies":"Giant Head","floor":47,"turns":4},{"damage":21,"enemies":"Time Eater","floor":50,"turns":4}],"seed_played":"-8909243859478805778","potions_obtained":[{"floor":1,"key":"LiquidBronze"},{"floor":6,"key":"LiquidBronze"},{"floor":16,"key":"GamblersBrew"},{"floor":17,"key":"Dexterity Potion"},{"floor":21,"key":"Dexterity Potion"},{"floor":23,"key":"Block Potion"},{"floor":27,"key":"Ancient Potion"},{"floor":31,"key":"Energy Potion"},{"floor":33,"key":"Energy Potion"},{"floor":47,"key":"Ancient Potion"}],"is_trial":false,"path_per_floor":["M","$","?","M","M","E","R","$","T","R","T","$","M","M","R","B",null,"M","$","M","M","$","E","M","R","T","M","R","?","R","M","R","B",null,"M","?","$","?","T","R","E","R","T","R","$","R","E","?","R","B",null],"character_chosen":"DEFECT","items_purchased":["Tiny Chest","Vajra","WingedGreaves"],"campfire_rested":1,"item_purchase_floors":[8,19,37],"current_hp_per_floor":[75,75,75,74,75,75,75,75,75,75,75,75,75,75,75,60,80,80,80,80,80,80,80,80,80,80,74,74,74,74,76,76,79,80,69,69,69,69,69,75,77,80,87,87,87,87,87,87,87,66],"gold":0,"neow_bonus":"","is_prod":false,"is_daily":true,"chose_seed":false,"campfire_upgraded":11,"win_rate":0,"timestamp":1543004555,"path_taken":["M","$","?","M","M","E","R","$","T","R","?","$","M","?","R","BOSS","M","$","M","M","$","E","M","R","T","M","R","?","R","M","R","BOSS","M","?","$","?","?","R","E","R","T","R","$","R","E","?","R","BOSS"],"build_version":"2018-11-15","purchased_purges":2,"victory":true,"max_hp_per_floor":[75,75,75,75,75,75,75,75,75,75,75,75,75,75,75,75,80,80,80,80,80,80,80,80,80,80,80,80,80,80,80,80,80,80,80,80,80,80,80,80,80,80,87,87,87,87,87,87,87,87],"card_choices":[{"not_picked":["Chaos","Compile Driver"],"picked":"SKIP","floor":1},{"not_picked":["Recycle","Cold Snap"],"picked":"SKIP","floor":4},{"not_picked":["Ball Lightning"],"picked":"Streamline","floor":5},{"not_picked":["Auto Shields","Darkness"],"picked":"SKIP","floor":6},{"not_picked":["Stack"],"picked":"Capacitor","floor":13},{"not_picked":["Coolheaded","Go for the Eyes+1"],"picked":"SKIP","floor":14},{"not_picked":["Creative AI"],"picked":"Seek","floor":16},{"not_picked":["Self Repair"],"picked":"FTL+1","floor":18},{"not_picked":["Go for the Eyes+1","Steam"],"picked":"SKIP","floor":20},{"not_picked":["Leap+1","Go for the Eyes+1"],"picked":"SKIP","floor":21},{"not_picked":["Streamline+1","Barrage+1"],"picked":"SKIP","floor":23},{"not_picked":["Streamline+1","Turbo"],"picked":"SKIP","floor":24},{"not_picked":["Redo","Chaos"],"picked":"SKIP","floor":27},{"not_picked":["Heatsinks+1","Hologram"],"picked":"SKIP","floor":31},{"not_picked":["Electrodynamics+1"],"picked":"Echo Form+1","floor":33},{"not_picked":["Rebound+1"],"picked":"Gash+1","floor":35},{"not_picked":["Jack Of All Trades"],"picked":"Finesse","floor":36},{"not_picked":["Consume"],"picked":"Loop+1","floor":41},{"not_picked":["Auto Shields+1","Genetic Algorithm"],"picked":"SKIP","floor":47}],"player_experience":237600,"relics_obtained":[{"floor":6,"key":"Blood Vial"},{"floor":9,"key":"PreservedInsect"},{"floor":11,"key":"Molten Egg 2"},{"floor":23,"key":"Frozen Egg 2"},{"floor":26,"key":"Bottled Tornado"},{"floor":39,"key":"Cables"},{"floor":41,"key":"DataDisk"},{"floor":43,"key":"Strawberry"},{"floor":47,"key":"Juzu Bracelet"}],"event_choices":[{"damage_healed":0,"gold_gain":0,"player_choice":"Leave","damage_taken":0,"max_hp_gain":0,"max_hp_loss":0,"event_name":"The Cleric","floor":3,"gold_loss":0},{"damage_healed":0,"gold_gain":99,"player_choice":"Stole From Cult","damage_taken":0,"max_hp_gain":0,"max_hp_loss":0,"event_name":"Nest","floor":29,"gold_loss":0},{"damage_healed":0,"gold_gain":0,"player_choice":"Memory 1","damage_taken":0,"max_hp_gain":0,"max_hp_loss":0,"event_name":"SensoryStone","floor":36,"gold_loss":0},{"cards_removed":["Capacitor"],"damage_healed":0,"gold_gain":0,"player_choice":"Removed Power","damage_taken":0,"max_hp_gain":0,"max_hp_loss":0,"event_name":"Falling","floor":38,"gold_loss":0},{"damage_healed":0,"gold_gain":0,"player_choice":"Paid","damage_taken":0,"relics_obtained":["Red Mask"],"max_hp_gain":0,"max_hp_loss":0,"event_name":"Tomb of Lord Red Mask","floor":48,"gold_loss":103}],"is_beta":false,"boss_relics":[{"not_picked":["Astrolabe","Inserter"],"picked":"Tiny House"},{"not_picked":["Velvet Choker","Snecko Eye"],"picked":"Eternal Feather"}],"items_purged_floors":[22,37],"is_endless":false,"potions_floor_spawned":[1,6,16,21,23,27,31,33,47],"ascension_level":0}