{"gold_per_floor":[115,129,79,79,90,106,0,18,18,30,30,61,61,136,136,136],"floor_reached":16,"playtime":824,"items_purged":[],"score":102,"play_id":"4e782a87-6429-4485-95d4-6b7a78ee5c18","local_time":"20181204214440","is_ascension_mode":false,"campfire_choices":[{"data":"Body Slam","floor":11,"key":"SMITH"},{"floor":13,"key":"REST"},{"floor":15,"key":"REST"}],"neow_cost":"NONE","seed_source_timestamp":224818704701158,"circlet_count":0,"master_deck":["Strike_R","Strike_R","Strike_R","Strike_R","Defend_R","Defend_R","Defend_R","Bash","Shrug It Off","Shrug It Off","Body Slam+1"],"relics":["Lizard Tail","Pear","Singing Bowl"],"potions_floor_usage":[2,10,12],"damage_taken":[{"damage":9,"enemies":"2 Louse","floor":1,"turns":3},{"damage":7,"enemies":"Small Slimes","floor":2,"turns":3},{"damage":1,"enemies":"Cultist","floor":5,"turns":3},{"damage":9,"enemies":"3 Louse","floor":6,"turns":4},{"damage":0,"enemies":"Blue Slaver","floor":8,"turns":5},{"damage":0,"enemies":"Lots of Slimes","floor":10,"turns":4},{"damage":36,"enemies":"3 Sentries","floor":12,"turns":12},{"damage":120,"enemies":"Hexaghost","floor":16,"turns":16}],"seed_played":"-6805593770863980879","potions_obtained":[{"floor":1,"key":"Poison Potion"},{"floor":8,"key":"PowerPotion"},{"floor":10,"key":"EssenceOfSteel"},{"floor":12,"key":"Ancient Potion"}],"is_trial":false,"path_per_floor":["M","M","?","?","M","M","$","M","T","M","R","E","R","?","R","B"],"character_chosen":"IRONCLAD","items_purchased":["Shrug It Off","Body Slam"],"campfire_rested":2,"item_purchase_floors":[7,7],"current_hp_per_floor":[71,64,64,57,56,47,47,47,57,57,57,23,50,41,68,0],"gold":136,"neow_bonus":"BOSS_RELIC","is_prod":false,"is_daily":false,"chose_seed":false,"campfire_upgraded":1,"win_rate":0,"timestamp":1543956280,"path_taken":["M","M","?","?","M","M","$","M","T","M","R","E","R","?","R","BOSS"],"build_version":"2018-11-15","purchased_purges":0,"victory":false,"max_hp_per_floor":[80,80,80,80,80,80,80,80,90,90,90,92,92,92,92,92],"card_choices":[{"not_picked":["Rage","True Grit","Warcry"],"picked":"SKIP","floor":1},{"not_picked":["Wild Strike","Evolve","Flex"],"picked":"SKIP","floor":2},{"not_picked":["Blood for Blood","Twin Strike"],"picked":"Shrug It Off","floor":5},{"not_picked":["True Grit","Clash","Armaments"],"picked":"SKIP","floor":6},{"not_picked":["Second Wind","Clash","Disarm"],"picked":"SKIP","floor":8},{"not_picked":["Thunderclap","Dark Embrace","Clothesline"],"picked":"SKIP","floor":10},{"not_picked":["Clothesline","Blood for Blood","Dropkick"],"picked":"Singing Bowl","floor":12}],"player_experience":348784,"relics_obtained":[{"floor":9,"key":"Pear"},{"floor":12,"key":"Singing Bowl"}],"event_choices":[{"cards_removed":["Strike_R"],"damage_healed":0,"gold_gain":0,"player_choice":"Card Removal","damage_taken":0,"max_hp_gain":0,"max_hp_loss":0,"event_name":"The Cleric","floor":3,"gold_loss":50},{"cards_removed":["Defend_R"],"damage_healed":0,"gold_gain":0,"player_choice":"Card Removal","damage_taken":7,"max_hp_gain":0,"max_hp_loss":0,"event_name":"Golden Wing","floor":4,"gold_loss":0},{"damage_healed":0,"gold_gain":75,"player_choice":"Touch","damage_taken":9,"max_hp_gain":0,"max_hp_loss":0,"event_name":"FaceTrader","floor":14,"gold_loss":0}],"is_beta":false,"boss_relics":[],"items_purged_floors":[],"is_endless":false,"potions_floor_spawned":[1,8,10,12],"killed_by":"Hexaghost","ascension_level":0}