{"gold_per_floor":[119,135,145,74,93,93,122,122,122,122,122,42,53,63,63,158,158,132,144,95,111,111,111,140,239,265,283,283,208,208,218,218,318,318,332,346,346,18,29,60,60,92,92,120,120,120,148,161,161,161],"floor_reached":51,"playtime":2178,"items_purged":[],"score":1032,"play_id":"1fdbdcac-32e7-4539-96ca-fdc43ad2c0a9","local_time":"20190506184620","is_ascension_mode":true,"campfire_choices":[{"data":"Footwork","floor":6,"key":"SMITH"},{"data":"Glass Knife","floor":8,"key":"SMITH"},{"floor":10,"key":"DIG"},{"floor":15,"key":"DIG"},{"floor":23,"key":"DIG"},{"floor":28,"key":"DIG"},{"floor":30,"key":"DIG"},{"floor":32,"key":"DIG"},{"floor":41,"key":"DIG"},{"floor":46,"key":"DIG"},{"floor":49,"key":"DIG"}],"neow_cost":"NONE","seed_source_timestamp":584568239961800,"circlet_count":0,"master_deck":["Defend_G+1","Defend_G+1","Defend_G+1","Defend_G+1","Defend_G+1","Strike_G+1","Strike_G+1","Survivor+1","Neutralize+1","Dodge and Roll+1","Calculated Gamble+1","Footwork+1","Leg Sweep+1","Catalyst+1","Dodge and Roll+1","Bouncing Flask+1","Glass Knife+1","Footwork+1","PiercingWail+1","Setup+1","Well Laid Plans+1","Backflip+1","Calculated Gamble+1","Malaise+1","Predator+1","Cloak And Dagger+1","Deadly Poison+1","Escape Plan+1","Corpse Explosion+1","Concentrate+1","PiercingWail+1","Burst+1","Cloak And Dagger+1","Escape Plan+1","Footwork","Blur+1","Deadly Poison+1"],"relics":["Orrery","Kunai","Shovel","FossilizedHelix","Centennial Puzzle","Runic Dome","Bottled Flame","Pear","PreservedInsect","Girya","Omamori","Dream Catcher","Sozu","Mark of the Bloom","Matryoshka","Blood Vial","Art of War","Ginger","War Paint","Ornamental Fan","Snake Skull","Molten Egg 2","Toxic Egg 2","Calipers"],"potions_floor_usage":[3,19,24,24,33],"damage_taken":[{"damage":3,"enemies":"Cultist","floor":1,"turns":5},{"damage":0,"enemies":"Small Slimes","floor":2,"turns":6},{"damage":0,"enemies":"Jaw Worm","floor":3,"turns":4},{"damage":0,"enemies":"3 Louse","floor":5,"turns":5},{"damage":25,"enemies":"3 Sentries","floor":7,"turns":14},{"damage":4,"enemies":"Exordium Thugs","floor":13,"turns":8},{"damage":0,"enemies":"Blue Slaver","floor":14,"turns":5},{"damage":22,"enemies":"Hexaghost","floor":16,"turns":8},{"damage":1,"enemies":"2 Thieves","floor":18,"turns":5},{"damage":0,"enemies":"3 Byrds","floor":19,"turns":8},{"damage":0,"enemies":"Snecko","floor":21,"turns":5},{"damage":20,"enemies":"Slavers","floor":24,"turns":10},{"damage":0,"enemies":"Shelled Parasite and Fungi","floor":27,"turns":6},{"damage":0,"enemies":"Centurion and Healer","floor":31,"turns":6},{"damage":15,"enemies":"Champ","floor":33,"turns":11},{"damage":2,"enemies":"Orb Walker","floor":35,"turns":5},{"damage":0,"enemies":"3 Shapes","floor":36,"turns":5},{"damage":0,"enemies":"Writhing Mass","floor":39,"turns":5},{"damage":9,"enemies":"Reptomancer","floor":40,"turns":5},{"damage":0,"enemies":"Giant Head","floor":42,"turns":7},{"damage":0,"enemies":"Nemesis","floor":44,"turns":5},{"damage":9,"enemies":"Reptomancer","floor":47,"turns":6},{"damage":0,"enemies":"Transient","floor":48,"turns":5},{"damage":10,"enemies":"Time Eater","floor":50,"turns":6}],"seed_played":"-3699348382495090138","potions_obtained":[{"floor":1,"key":"LiquidBronze"},{"floor":7,"key":"Swift Potion"},{"floor":16,"key":"Weak Potion"},{"floor":21,"key":"Explosive Potion"},{"floor":27,"key":"PowerPotion"}],"is_trial":false,"path_per_floor":["M","M","M","$","M","R","E","R","T","R","?","$","M","M","R","B",null,"M","M","$","M","?","R","E","?","T","M","R","?","R","M","R","B",null,"M","M","?","$","M","E","R","E","T","E","?","R","E","M","R","B",null],"character_chosen":"THE_SILENT","items_purchased":["Footwork","Well Laid Plans","Deadly Poison","Matryoshka","Footwork"],"campfire_rested":0,"item_purchase_floors":[4,12,20,38,38],"current_hp_per_floor":[67,67,67,67,67,67,42,42,42,42,65,65,61,61,61,39,70,69,69,69,69,69,69,59,59,59,59,59,59,59,59,59,44,80,78,78,78,78,78,69,69,69,69,69,69,69,60,60,60,50],"gold":161,"neow_bonus":"BOSS_RELIC","is_prod":false,"is_daily":false,"chose_seed":false,"campfire_upgraded":2,"win_rate":0,"timestamp":1557161180,"path_taken":["M","M","M","$","M","R","E","R","T","R","?","$","M","M","R","BOSS","M","M","$","M","?","R","E","?","T","M","R","?","R","M","R","BOSS","M","M","?","$","M","E","R","E","T","E","?","R","E","M","R","BOSS"],"build_version":"2019-01-23","purchased_purges":0,"victory":true,"max_hp_per_floor":[70,70,70,70,70,70,70,70,70,70,70,70,70,70,70,70,70,70,70,70,70,70,70,80,80,80,80,80,80,80,80,80,80,80,80,80,80,80,80,80,80,80,80,80,90,90,90,90,90,90],"card_choices":[{"not_picked":["Heel Hook","Prepared"],"picked":"Dodge and Roll","floor":0},{"not_picked":["Underhanded Strike","Flechettes"],"picked":"Calculated Gamble","floor":0},{"not_picked":["Deflect","PiercingWail"],"picked":"Footwork","floor":0},{"not_picked":["Acrobatics","Bane"],"picked":"Leg Sweep","floor":0},{"not_picked":["Dodge and Roll","Outmaneuver"],"picked":"Catalyst","floor":0},{"not_picked":["Endless Agony","Concentrate"],"picked":"Dodge and Roll","floor":1},{"not_picked":["Prepared","Underhanded Strike"],"picked":"Bouncing Flask","floor":2},{"not_picked":["Prepared","Bane"],"picked":"Glass Knife","floor":3},{"not_picked":["Quick Slash","Flying Knee"],"picked":"PiercingWail","floor":5},{"not_picked":["Sucker Punch","Flying Knee"],"picked":"Setup","floor":7},{"not_picked":["Dagger Throw","Terror"],"picked":"Backflip","floor":13},{"not_picked":["Flechettes","Acrobatics"],"picked":"Calculated Gamble","floor":14},{"not_picked":["Burst","Bullet Time"],"picked":"Malaise","floor":16},{"not_picked":["Endless Agony","Caltrops"],"picked":"Predator+1","floor":18},{"not_picked":["Dagger Throw","Dodge and Roll"],"picked":"Cloak And Dagger","floor":19},{"not_picked":["Blade Dance","Slice","Bane"],"picked":"SKIP","floor":21},{"not_picked":["Slice+1","Deadly Poison+1"],"picked":"Corpse Explosion","floor":24},{"not_picked":["Cloak And Dagger","Dagger Spray+1"],"picked":"Concentrate+1","floor":27},{"not_picked":["Prepared+1","Choke"],"picked":"PiercingWail","floor":31},{"not_picked":["Unload","A Thousand Cuts"],"picked":"Burst","floor":33},{"not_picked":["Underhanded Strike","Choke+1"],"picked":"Cloak And Dagger+1","floor":35},{"not_picked":["Blade Dance","Infinite Blades"],"picked":"Escape Plan+1","floor":36},{"not_picked":["Dash","Concentrate+1"],"picked":"Blur+1","floor":39},{"not_picked":["Dagger Throw+1","Skewer+1"],"picked":"Deadly Poison+1","floor":40},{"not_picked":["Underhanded Strike+1","Leg Sweep","Acrobatics+1"],"picked":"SKIP","floor":42},{"not_picked":["Tactician+1","Skewer","Deflect"],"picked":"SKIP","floor":44},{"not_picked":["Bane+1","PiercingWail","Concentrate"],"picked":"SKIP","floor":47},{"not_picked":["Caltrops","Endless Agony+1","Finisher+1"],"picked":"SKIP","floor":48}],"player_experience":1156197,"relics_obtained":[{"floor":7,"key":"Kunai"},{"floor":9,"key":"Shovel"},{"floor":10,"key":"FossilizedHelix"},{"floor":15,"key":"Centennial Puzzle"},{"floor":23,"key":"Bottled Flame"},{"floor":24,"key":"Pear"},{"floor":26,"key":"PreservedInsect"},{"floor":28,"key":"Girya"},{"floor":30,"key":"Omamori"},{"floor":32,"key":"Dream Catcher"},{"floor":40,"key":"Blood Vial"},{"floor":41,"key":"Art of War"},{"floor":42,"key":"Ginger"},{"floor":43,"key":"War Paint"},{"floor":43,"key":"Ornamental Fan"},{"floor":44,"key":"Snake Skull"},{"floor":46,"key":"Molten Egg 2"},{"floor":47,"key":"Toxic Egg 2"},{"floor":49,"key":"Calipers"}],"event_choices":[{"damage_healed":23,"gold_gain":0,"player_choice":"Banana","damage_taken":0,"max_hp_gain":0,"max_hp_loss":0,"event_name":"Big Fish","floor":11,"gold_loss":0},{"damage_healed":0,"gold_gain":0,"cards_transformed":["Strike_G","Strike_G"],"player_choice":"Became Test Subject","damage_taken":0,"max_hp_gain":0,"max_hp_loss":0,"event_name":"Drug Dealer","floor":22,"gold_loss":0,"cards_obtained":["Doppelganger","Escape Plan"]},{"damage_healed":0,"gold_gain":99,"player_choice":"Stole From Cult","damage_taken":0,"max_hp_gain":0,"max_hp_loss":0,"event_name":"Nest","floor":25,"gold_loss":0},{"cards_removed":["Strike_G"],"damage_healed":0,"gold_gain":0,"player_choice":"Gave Gold","damage_taken":0,"max_hp_gain":0,"max_hp_loss":0,"event_name":"Beggar","floor":29,"gold_loss":75},{"damage_healed":0,"gold_gain":0,"player_choice":"Upgrade","damage_taken":0,"relics_obtained":["Mark of the Bloom"],"max_hp_gain":0,"max_hp_loss":0,"event_name":"MindBloom","floor":37,"gold_loss":0,"cards_upgraded":["Defend_G","Defend_G","Defend_G","Defend_G","Defend_G","Strike_G","Strike_G","Survivor","Neutralize","Dodge and Roll","Calculated Gamble","Footwork","Leg Sweep","Catalyst","Dodge and Roll","Bouncing Flask","PiercingWail","Setup","Well Laid Plans","Backflip","Calculated Gamble","Malaise","Cloak And Dagger","Deadly Poison","Doppelganger","Escape Plan","Corpse Explosion","PiercingWail","Burst"]},{"cards_removed":["Doppelganger"],"damage_healed":11,"gold_gain":0,"player_choice":"Offered Rare","damage_taken":0,"max_hp_gain":10,"max_hp_loss":0,"event_name":"Bonfire Elementals","floor":45,"gold_loss":0}],"is_beta":false,"boss_relics":[{"not_picked":["White Beast Statue","Velvet Choker"],"picked":"Runic Dome"},{"not_picked":["Astrolabe","Black Star"],"picked":"Sozu"}],"items_purged_floors":[],"is_endless":false,"potions_floor_spawned":[1,7,16,21,27,35,42,47],"ascension_level":3}