{"gold_per_floor":[119,135,98,48,48,75,75,75,153,167,167,184,109,128,128,202,202,216,233,250,263,276,276,276],"floor_reached":24,"playtime":910,"items_purged":["Pain"],"score":383,"play_id":"ae7524eb-96cd-4f89-a40e-1e062d326a5a","local_time":"20190429181649","is_ascension_mode":true,"campfire_choices":[{"data":"Genetic Algorithm","floor":8,"key":"SMITH"},{"data":"Sunder","floor":11,"key":"SMITH"},{"data":"Self Repair","floor":15,"key":"SMITH"},{"data":"Amplify","floor":23,"key":"SMITH"}],"neow_cost":"NONE","seed_source_timestamp":1407344399504039,"circlet_count":0,"master_deck":["AscendersBane","Strike_B","Strike_B","Strike_B","Defend_B","Defend_B","Defend_B","Defend_B","Zap","Dualcast","Genetic Algorithm+1","Self Repair+1","Sunder+1","White Noise","Melter","Ball Lightning","Gash","Core Surge","Coolheaded","Conserve Battery","Amplify+1"],"relics":["Cracked Core","NeowsBlessing","Happy Flower","WarpedTongs","Matryoshka","Coffee Dripper"],"potions_floor_usage":[],"damage_taken":[{"damage":0,"enemies":"Cultist","floor":1,"turns":1},{"damage":0,"enemies":"2 Louse","floor":2,"turns":1},{"damage":0,"enemies":"Lagavulin","floor":6,"turns":1},{"damage":6,"enemies":"Small Slimes","floor":10,"turns":4},{"damage":10,"enemies":"3 Louse","floor":12,"turns":3},{"damage":11,"enemies":"Red Slaver","floor":14,"turns":5},{"damage":33,"enemies":"Hexaghost","floor":16,"turns":8},{"damage":0,"enemies":"Spheric Guardian","floor":18,"turns":2},{"damage":6,"enemies":"Shell Parasite","floor":19,"turns":4},{"damage":8,"enemies":"Centurion and Healer","floor":20,"turns":6},{"damage":20,"enemies":"Shelled Parasite and Fungi","floor":21,"turns":8},{"damage":30,"enemies":"Snecko","floor":22,"turns":5},{"damage":45,"enemies":"Book of Stabbing","floor":24,"turns":4}],"seed_played":"3356011518084452325","potions_obtained":[{"floor":10,"key":"EssenceOfSteel"},{"floor":14,"key":"LiquidBronze"}],"is_trial":false,"path_per_floor":["M","M","$","?","$","E","?","R","T","M","R","M","$","M","R","B",null,"M","M","M","M","M","R","E"],"character_chosen":"DEFECT","items_purchased":["Sunder"],"campfire_rested":0,"item_purchase_floors":[3],"current_hp_per_floor":[64,64,64,64,64,71,71,71,71,71,71,68,68,64,64,51,66,66,70,71,61,41,41,0],"gold":276,"neow_bonus":"THREE_ENEMY_KILL","is_prod":false,"is_daily":false,"chose_seed":false,"campfire_upgraded":4,"win_rate":0,"timestamp":1556587009,"path_taken":["M","M","?","?","$","E","?","R","T","?","R","?","$","M","R","BOSS","M","M","M","M","M","R","E"],"build_version":"2019-01-23","purchased_purges":1,"victory":false,"max_hp_per_floor":[71,71,71,71,71,71,71,71,71,71,71,71,71,71,71,71,71,71,71,71,71,71,71,71],"card_choices":[{"not_picked":["Streamline","Blizzard"],"picked":"Genetic Algorithm","floor":1},{"not_picked":["Blizzard","Coolheaded"],"picked":"Self Repair","floor":2},{"not_picked":["Stack","Turbo"],"picked":"White Noise","floor":6},{"not_picked":["Leap","Gash"],"picked":"Melter","floor":10},{"not_picked":["Hello World","Sweeping Beam"],"picked":"Ball Lightning","floor":12},{"not_picked":["Sunder","Turbo"],"picked":"Gash","floor":14},{"not_picked":["Biased Cognition","Thunder Strike"],"picked":"Core Surge","floor":16},{"not_picked":["Steam Power","Streamline"],"picked":"Coolheaded","floor":18},{"not_picked":["Compile Driver+1","Rebound"],"picked":"Conserve Battery","floor":19},{"not_picked":["Aggregate+1","Rip and Tear","Fusion"],"picked":"SKIP","floor":20},{"not_picked":["Recycle","Steam","Sweeping Beam"],"picked":"SKIP","floor":21},{"not_picked":["White Noise","Turbo+1"],"picked":"Amplify","floor":22}],"player_experience":357184,"relics_obtained":[{"floor":6,"key":"Happy Flower"},{"floor":9,"key":"Matryoshka"}],"event_choices":[{"cards_removed":["Strike_B"],"damage_healed":0,"gold_gain":0,"player_choice":"Card Removal","damage_taken":0,"max_hp_gain":0,"max_hp_loss":0,"event_name":"The Cleric","floor":4,"gold_loss":50},{"damage_healed":0,"gold_gain":0,"player_choice":"Rummage","damage_taken":0,"relics_obtained":["WarpedTongs"],"max_hp_gain":0,"max_hp_loss":0,"event_name":"Accursed Blacksmith","floor":7,"gold_loss":0,"cards_obtained":["Pain"]}],"is_beta":false,"boss_relics":[{"not_picked":["Philosopher\u0027s Stone","Runic Dome"],"picked":"Coffee Dripper"}],"items_purged_floors":[13],"is_endless":false,"potions_floor_spawned":[10,14,20,21],"killed_by":"Book of Stabbing","ascension_level":14}