{"gold_per_floor":[112,132,132,82,101,135,135,170,245,260,273,40,67,17,17,17],"floor_reached":16,"playtime":457,"items_purged":["Defend_R","Strike_R"],"score":174,"play_id":"d0663fd2-f058-4cc8-a1e7-1568b9a6ceb2","local_time":"20190428231741","is_ascension_mode":true,"campfire_choices":[{"data":"1","floor":15,"key":"LIFT"}],"neow_cost":"NONE","seed_source_timestamp":1644885157966800,"circlet_count":0,"master_deck":["Strike_R","Strike_R","Defend_R","Defend_R","Defend_R","Bash","Shockwave","Uppercut","Havoc","Disarm","Uppercut","Seeing Red","Spot Weakness"],"relics":["Burning Blood","NeowsBlessing","Thread and Needle","Blood Vial","Singing Bowl","Darkstone Periapt","Membership Card","Girya"],"potions_floor_usage":[6,13,16,16],"damage_taken":[{"damage":0,"enemies":"Jaw Worm","floor":1,"turns":1},{"damage":0,"enemies":"2 Louse","floor":2,"turns":1},{"damage":0,"enemies":"Cultist","floor":5,"turns":1},{"damage":24,"enemies":"Gremlin Nob","floor":6,"turns":4},{"damage":33,"enemies":"Lagavulin","floor":8,"turns":8},{"damage":0,"enemies":"Looter","floor":10,"turns":3},{"damage":0,"enemies":"Blue Slaver","floor":11,"turns":5},{"damage":15,"enemies":"Gremlin Nob","floor":13,"turns":4},{"damage":49,"enemies":"Slime Boss","floor":16,"turns":9}],"seed_played":"-254576064962519262","potions_obtained":[{"floor":5,"key":"AttackPotion"},{"floor":6,"key":"GamblersBrew"},{"floor":11,"key":"FearPotion"},{"floor":13,"key":"Explosive Potion"}],"is_trial":false,"path_per_floor":["M","M","?","?","M","E","?","E","T","M","M","$","E","$","R","B"],"character_chosen":"IRONCLAD","items_purchased":["Membership Card"],"campfire_rested":0,"item_purchase_floors":[12],"current_hp_per_floor":[78,80,73,73,79,61,54,29,29,37,45,45,40,40,40,0],"gold":17,"neow_bonus":"THREE_ENEMY_KILL","is_prod":false,"is_daily":false,"chose_seed":false,"campfire_upgraded":0,"win_rate":0,"timestamp":1556486261,"path_taken":["M","M","?","?","M","E","?","E","T","M","M","$","E","?","R","BOSS"],"build_version":"2019-01-23","purchased_purges":2,"victory":false,"max_hp_per_floor":[80,80,80,80,80,80,80,80,80,80,80,80,82,82,82,82],"card_choices":[{"not_picked":["Wild Strike","Blood for Blood"],"picked":"Shockwave","floor":1},{"not_picked":["Headbutt","Thunderclap"],"picked":"Uppercut","floor":2},{"not_picked":["Armaments","Feel No Pain"],"picked":"Havoc","floor":5},{"not_picked":["Power Through","Seeing Red"],"picked":"Disarm","floor":6},{"not_picked":["Seeing Red","Twin Strike"],"picked":"Uppercut","floor":8},{"not_picked":["Sword Boomerang","Burning Pact"],"picked":"Seeing Red","floor":10},{"not_picked":["Twin Strike","Rupture"],"picked":"Spot Weakness","floor":11},{"not_picked":["Cleave","Perfected Strike","Body Slam"],"picked":"Singing Bowl","floor":13}],"player_experience":847560,"relics_obtained":[{"floor":6,"key":"Thread and Needle"},{"floor":8,"key":"Singing Bowl"},{"floor":9,"key":"Darkstone Periapt"},{"floor":13,"key":"Girya"}],"event_choices":[{"cards_removed":["Strike_R"],"damage_healed":0,"gold_gain":0,"player_choice":"Card Removal","damage_taken":7,"max_hp_gain":0,"max_hp_loss":0,"event_name":"Golden Wing","floor":3,"gold_loss":0},{"cards_removed":["Strike_R"],"damage_healed":0,"gold_gain":0,"player_choice":"Card Removal","damage_taken":0,"max_hp_gain":0,"max_hp_loss":0,"event_name":"The Cleric","floor":4,"gold_loss":50},{"damage_healed":0,"gold_gain":0,"player_choice":"Success","damage_taken":7,"relics_obtained":["Blood Vial"],"max_hp_gain":0,"max_hp_loss":0,"event_name":"Scrap Ooze","floor":7,"gold_loss":0}],"is_beta":false,"boss_relics":[],"items_purged_floors":[12,14],"is_endless":false,"potions_floor_spawned":[5,6,11,13],"killed_by":"Slime Boss","ascension_level":9}