{"gold_per_floor":[117,129,141,216,216,243,262,291,291,291],"floor_reached":10,"playtime":402,"items_purged":[],"score":121,"play_id":"01aa1f04-d1a1-4530-9042-a2087849c49a","local_time":"20190502101802","is_ascension_mode":true,"campfire_choices":[],"neow_cost":"NONE","seed_source_timestamp":210270786668600,"circlet_count":0,"master_deck":["AscendersBane","Strike_R","Strike_R","Strike_R","Strike_R","Strike_R","Defend_R","Defend_R","Defend_R","Defend_R","Bash","Reaper","Dual Wield","Pommel Strike","Heavy Blade","Disarm","Juggernaut+1"],"relics":["Burning Blood","Frozen Egg 2","Girya","WingedGreaves"],"potions_floor_usage":[6,6,8],"damage_taken":[{"damage":6,"enemies":"Cultist","floor":1,"turns":4},{"damage":6,"enemies":"2 Louse","floor":2,"turns":4},{"damage":12,"enemies":"Jaw Worm","floor":3,"turns":3},{"damage":52,"enemies":"3 Sentries","floor":6,"turns":11},{"damage":20,"enemies":"Looter","floor":7,"turns":4},{"damage":26,"enemies":"Lagavulin","floor":8,"turns":7},{"damage":15,"enemies":"The Mushroom Lair","floor":10,"turns":2}],"seed_played":"-241002172962337207","potions_obtained":[{"floor":1,"key":"Dexterity Potion"},{"floor":3,"key":"Regen Potion"},{"floor":6,"key":"GamblersBrew"}],"is_trial":false,"path_per_floor":["M","M","M","?","$","E","M","E","T","?"],"character_chosen":"IRONCLAD","items_purchased":[],"campfire_rested":0,"item_purchase_floors":[],"current_hp_per_floor":[78,78,72,61,61,42,32,12,12,0],"gold":291,"neow_bonus":"ONE_RANDOM_RARE_CARD","is_prod":false,"is_daily":false,"chose_seed":false,"campfire_upgraded":0,"win_rate":0,"timestamp":1556785082,"path_taken":["M","?","M","?","$","E","M","E","T","?"],"build_version":"2019-01-23","purchased_purges":0,"victory":false,"max_hp_per_floor":[80,80,80,80,80,80,80,80,80,80],"card_choices":[{"not_picked":["Reckless Charge","Warcry"],"picked":"Dual Wield","floor":1},{"not_picked":["Havoc","Thunderclap"],"picked":"Pommel Strike","floor":2},{"not_picked":["Sword Boomerang","Armaments"],"picked":"Heavy Blade","floor":3},{"not_picked":["Clothesline","Pommel Strike"],"picked":"Disarm","floor":6},{"not_picked":["Clash","Rage"],"picked":"Juggernaut+1","floor":7},{"not_picked":["Armaments","Anger","Headbutt"],"picked":"SKIP","floor":8}],"player_experience":984185,"relics_obtained":[{"floor":6,"key":"Frozen Egg 2"},{"floor":8,"key":"Girya"},{"floor":9,"key":"WingedGreaves"}],"event_choices":[{"damage_healed":0,"gold_gain":75,"player_choice":"Gather Gold","damage_taken":11,"max_hp_gain":0,"max_hp_loss":0,"event_name":"World of Goop","floor":4,"gold_loss":0},{"damage_healed":0,"gold_gain":0,"player_choice":"Fought Mushrooms","damage_taken":0,"max_hp_gain":0,"max_hp_loss":0,"event_name":"Mushrooms","floor":10,"gold_loss":0}],"is_beta":false,"boss_relics":[],"items_purged_floors":[],"is_endless":false,"potions_floor_spawned":[1,3,6],"killed_by":"The Mushroom Lair","ascension_level":11}