{"gold_per_floor":[219,394,15,27,59,59,96,163,238,291,353,30,86,86,86,86],"floor_reached":16,"playtime":773,"items_purged":["Doubt","Strike_B"],"score":144,"play_id":"788ed045-7ab4-4e9a-884c-2b9173a61cbe","local_time":"20190427200524","is_ascension_mode":true,"campfire_choices":[{"data":"HandOfGreed","floor":6,"key":"SMITH"},{"data":"Genetic Algorithm","floor":15,"key":"SMITH"}],"neow_cost":"NONE","seed_source_timestamp":1111985462012574,"circlet_count":0,"master_deck":["Strike_B","Strike_B","Strike_B","Defend_B","Defend_B","Defend_B","Defend_B","Zap","Dualcast","Genetic Algorithm+1","HandOfGreed+1","Steam","Cold Snap","Rainbow","Gash","Chill","Echo Form"],"relics":["Cracked Core","Membership Card","Singing Bowl","Thread and Needle","Ancient Tea Set","Gremlin Horn","Oddly Smooth Stone"],"potions_floor_usage":[10,10],"damage_taken":[{"damage":0,"enemies":"Cultist","floor":1,"turns":3},{"damage":2,"enemies":"2 Louse","floor":4,"turns":2},{"damage":3,"enemies":"Jaw Worm","floor":5,"turns":2},{"damage":0,"enemies":"Blue Slaver","floor":7,"turns":2},{"damage":7,"enemies":"2 Fungi Beasts","floor":8,"turns":4},{"damage":5,"enemies":"Gremlin Nob","floor":10,"turns":3},{"damage":1,"enemies":"Gremlin Gang","floor":11,"turns":5},{"damage":0,"enemies":"Lagavulin","floor":13,"turns":6},{"damage":64,"enemies":"Hexaghost","floor":16,"turns":10}],"seed_played":"-5579051326490046565","potions_obtained":[{"floor":1,"key":"FearPotion"},{"floor":5,"key":"FocusPotion"},{"floor":10,"key":"SteroidPotion"},{"floor":13,"key":"SteroidPotion"}],"is_trial":false,"path_per_floor":["M","?","$","M","M","R","M","M","T","E","M","$","E","?","R","B"],"character_chosen":"DEFECT","items_purchased":["Membership Card","HandOfGreed","Steam","Echo Form","Ancient Tea Set","Gremlin Horn"],"campfire_rested":0,"item_purchase_floors":[3,3,3,12,12,12],"current_hp_per_floor":[75,75,75,73,70,70,70,63,63,58,59,59,61,61,61,0],"gold":86,"neow_bonus":"HUNDRED_GOLD","is_prod":false,"is_daily":false,"chose_seed":false,"campfire_upgraded":2,"win_rate":0,"timestamp":1556391924,"path_taken":["M","?","$","M","M","R","M","M","T","E","M","$","E","?","R","BOSS"],"build_version":"2019-01-23","purchased_purges":2,"victory":false,"max_hp_per_floor":[75,75,75,75,75,75,75,75,75,75,77,77,79,79,79,79],"card_choices":[{"not_picked":["Barrage","Auto Shields"],"picked":"Genetic Algorithm","floor":1},{"not_picked":["Steam","Turbo"],"picked":"Cold Snap","floor":4},{"not_picked":["Capacitor","Cold Snap"],"picked":"Rainbow","floor":5},{"not_picked":["Static Discharge","Conserve Battery"],"picked":"Gash","floor":7},{"not_picked":["Heatsinks","Double Energy","Stack"],"picked":"SKIP","floor":8},{"not_picked":["Heatsinks","Tempest"],"picked":"Chill","floor":10},{"not_picked":["Sweeping Beam","Conserve Battery","Turbo"],"picked":"Singing Bowl","floor":11},{"not_picked":["Reprogram","Loop","FTL"],"picked":"Singing Bowl","floor":13}],"player_experience":1865656,"relics_obtained":[{"floor":9,"key":"Singing Bowl"},{"floor":10,"key":"Thread and Needle"},{"floor":13,"key":"Oddly Smooth Stone"}],"event_choices":[{"damage_healed":0,"gold_gain":175,"player_choice":"AGREE","damage_taken":0,"max_hp_gain":0,"max_hp_loss":0,"event_name":"Liars Game","floor":2,"gold_loss":0,"cards_obtained":["Doubt"]},{"damage_healed":0,"gold_gain":0,"player_choice":"Ignored","damage_taken":0,"max_hp_gain":0,"max_hp_loss":0,"event_name":"NoteForYourself","floor":14,"gold_loss":0}],"is_beta":false,"boss_relics":[],"items_purged_floors":[3,12],"is_endless":false,"potions_floor_spawned":[1,5,10,13],"killed_by":"Hexaghost","ascension_level":1}