{"gold_per_floor":[110,128,145,161,179,179,206,206,206,206,217,217,247,267,267,370,370,382,396,201,201,201,201,234,250,275,275,295,394,394],"floor_reached":30,"playtime":1509,"items_purged":["Strike_G"],"score":373,"play_id":"7fd5b067-2653-438f-8249-40516e402667","local_time":"20180820160220","is_ascension_mode":true,"campfire_choices":[{"floor":6,"key":"REST"},{"data":"Cloak And Dagger","floor":8,"key":"SMITH"},{"data":"Well Laid Plans","floor":10,"key":"SMITH"},{"floor":12,"key":"REST"},{"data":"A Thousand Cuts","floor":15,"key":"SMITH"},{"floor":23,"key":"REST"},{"floor":27,"key":"REST"}],"neow_cost":"NONE","seed_source_timestamp":183491700973709,"circlet_count":0,"master_deck":["Defend_G+1","Defend_G+1","Defend_G+1","Defend_G+1","Defend_G+1","Strike_G+1","Strike_G+1","Strike_G+1","Survivor","Neutralize","Slice","Caltrops","Flying Knee","Well Laid Plans+1","Dagger Spray","Cloak And Dagger+1","Infinite Blades","Dagger Throw","A Thousand Cuts+1","Glass Knife","Flying Knee","Acrobatics","Sucker Punch","Caltrops","Quick Slash+1","Leg Sweep","Noxious Fumes+1"],"relics":["Ring of the Snake","Du-Vu Doll","Ice Cream","Shuriken","White Beast Statue","Bottled Flame","Sundial","Art of War"],"potions_floor_usage":[7,13,19,25,30,30],"damage_taken":[{"damage":0,"enemies":"2 Louse","floor":1,"turns":2},{"damage":12,"enemies":"Jaw Worm","floor":2,"turns":6},{"damage":1,"enemies":"Small Slimes","floor":3,"turns":3},{"damage":12,"enemies":"Exordium Wildlife","floor":4,"turns":7},{"damage":20,"enemies":"Exordium Thugs","floor":5,"turns":5},{"damage":25,"enemies":"Gremlin Nob","floor":7,"turns":5},{"damage":8,"enemies":"Lots of Slimes","floor":11,"turns":2},{"damage":0,"enemies":"Lagavulin","floor":13,"turns":4},{"damage":0,"enemies":"2 Fungi Beasts","floor":14,"turns":4},{"damage":7,"enemies":"Hexaghost","floor":16,"turns":7},{"damage":18,"enemies":"Chosen","floor":18,"turns":6},{"damage":16,"enemies":"Shell Parasite","floor":19,"turns":4},{"damage":30,"enemies":"Gremlin Leader","floor":24,"turns":5},{"damage":2,"enemies":"Chosen and Byrds","floor":25,"turns":4},{"damage":23,"enemies":"Sentry and Sphere","floor":28,"turns":5},{"damage":11,"enemies":"Shelled Parasite and Fungi","floor":30,"turns":6}],"seed_played":"8244217085272198316","potions_obtained":[{"floor":2,"key":"Weak Potion"},{"floor":11,"key":"SteroidPotion"},{"floor":14,"key":"Ancient Potion"},{"floor":16,"key":"Fire Potion"},{"floor":18,"key":"LiquidBronze"},{"floor":19,"key":"FearPotion"},{"floor":24,"key":"Block Potion"},{"floor":25,"key":"Swift Potion"},{"floor":28,"key":"GhostInAJar"}],"is_trial":false,"path_per_floor":["M","M","M","M","M","R","E","R","T","R","M","R","E","M","R","B",null,"M","M","$","?","T","R","E","M","T","R","M","?"],"character_chosen":"THE_SILENT","items_purchased":["Sucker Punch","Caltrops"],"campfire_rested":4,"item_purchase_floors":[20,20],"current_hp_per_floor":[63,51,50,38,18,39,14,14,14,14,6,27,27,27,27,20,58,40,24,24,24,24,45,15,13,13,34,11,11,0],"gold":394,"neow_bonus":"TRANSFORM_CARD","is_prod":false,"is_daily":false,"chose_seed":false,"campfire_upgraded":3,"win_rate":0,"timestamp":1534806140,"path_taken":["M","M","M","M","M","R","E","R","T","R","M","R","E","M","R","BOSS","M","M","$","?","?","R","E","M","T","R","?","?","M"],"build_version":"2018-08-16","purchased_purges":1,"victory":false,"max_hp_per_floor":[70,70,70,70,70,70,70,70,70,70,70,70,70,70,70,70,70,70,70,70,70,70,70,70,70,70,70,70,70,70],"card_choices":[{"not_picked":["Cloak And Dagger","Escape Plan"],"picked":"Caltrops","floor":1},{"not_picked":["Dagger Spray","Blur"],"picked":"Flying Knee","floor":2},{"not_picked":["Grand Finale","Escape Plan"],"picked":"Well Laid Plans","floor":3},{"not_picked":["Accuracy","Slice"],"picked":"Dagger Spray","floor":4},{"not_picked":["Acrobatics","Outmaneuver"],"picked":"Cloak And Dagger","floor":5},{"not_picked":["Finisher","Calculated Gamble"],"picked":"Infinite Blades","floor":7},{"not_picked":["Deadly Poison","Acrobatics"],"picked":"Dagger Throw","floor":11},{"not_picked":["Predator","PiercingWail"],"picked":"A Thousand Cuts","floor":13},{"not_picked":["All Out Attack","Sucker Punch","Deadly Poison"],"picked":"SKIP","floor":14},{"not_picked":["Die Die Die","Unload"],"picked":"Glass Knife","floor":16},{"not_picked":["Masterful Stab","Leg Sweep"],"picked":"Flying Knee","floor":18},{"not_picked":["Deadly Poison","Bane"],"picked":"Acrobatics","floor":19},{"not_picked":["Skewer","Dodge and Roll"],"picked":"Quick Slash+1","floor":24},{"not_picked":["Concentrate","Blur"],"picked":"Leg Sweep","floor":25},{"not_picked":["Dodge and Roll","Tools of the Trade"],"picked":"Noxious Fumes+1","floor":28}],"player_experience":112387,"relics_obtained":[{"floor":7,"key":"Du-Vu Doll"},{"floor":9,"key":"Ice Cream"},{"floor":13,"key":"Shuriken"},{"floor":22,"key":"Bottled Flame"},{"floor":24,"key":"Sundial"},{"floor":26,"key":"Art of War"}],"event_choices":[{"event_name":"Back to Basics","player_choice":"Simplicity","floor":21,"damage_taken":0},{"event_name":"Nest","player_choice":"Stole From Cult","floor":29,"damage_taken":0}],"is_beta":false,"boss_relics":[{"not_picked":["Black Star","Tiny House"],"picked":"White Beast Statue"}],"items_purged_floors":[20],"is_endless":false,"potions_floor_spawned":[2,11,14,16,18,19,24,25,28],"killed_by":"Shelled Parasite and Fungi","ascension_level":6}