{"gold_per_floor":[114,128,70,86,97,129,141,181,248,2,22,22,36,62,62,158,158,174,174,185,198,4,4,33,53,53,70,84,84,84,117,117,222,222,235,335,350,10,10,10,22,47,47,47,76,91,120,139,139,139],"floor_reached":51,"playtime":7164,"items_purged":["Strike_G","Strike_G"],"score":836,"play_id":"9727d194-3ff8-467a-a0c3-4c20a75954b4","local_time":"20190304222148","is_ascension_mode":true,"campfire_choices":[{"data":"Neutralize","floor":7,"key":"SMITH"},{"data":"Backflip","floor":15,"key":"SMITH"},{"data":"Bullet Time","floor":23,"key":"SMITH"},{"floor":30,"key":"REST"},{"floor":32,"key":"REST"},{"data":"Noxious Fumes","floor":40,"key":"SMITH"},{"data":"Burst","floor":44,"key":"SMITH"},{"floor":49,"key":"REST"}],"neow_cost":"NONE","seed_source_timestamp":218408113530481,"circlet_count":0,"master_deck":["Defend_G+1","Defend_G","Defend_G","Defend_G","Survivor","Neutralize+1","Backstab","Backstab","Slice","Backflip+1","Dagger Throw","Cloak And Dagger","Chrysalis+1","Blade Dance","PiercingWail","Bullet Time+1","After Image","A Thousand Cuts+1","Riddle With Holes+1","Cloak And Dagger","Noxious Fumes+1","Noxious Fumes+1","Dark Shackles+1","Backflip","Quick Slash","Burst+1","Dash","Prepared+1","Doppelganger","Dagger Throw+1","Infinite Blades","Sucker Punch+1","Infinite Blades","Infinite Blades+1","Slice","Escape Plan","Deflect+1"],"relics":["Ring of the Snake","Kunai","MawBank","Lantern","Tiny Chest","Bronze Scales","Astrolabe","Regal Pillow","Paper Crane","Art of War","Cursed Key","Ginger","Shuriken","Anchor","War Paint","Omamori"],"potions_floor_usage":[8,14,14,16,33,36,45,50,50],"damage_taken":[{"damage":2,"enemies":"Jaw Worm","floor":1,"turns":5},{"damage":0,"enemies":"Cultist","floor":2,"turns":3},{"damage":0,"enemies":"2 Louse","floor":4,"turns":2},{"damage":0,"enemies":"Red Slaver","floor":5,"turns":2},{"damage":7,"enemies":"3 Sentries","floor":6,"turns":9},{"damage":21,"enemies":"Gremlin Nob","floor":8,"turns":4},{"damage":0,"enemies":"Lots of Slimes","floor":11,"turns":3},{"damage":0,"enemies":"Looter","floor":13,"turns":2},{"damage":13,"enemies":"Lagavulin","floor":14,"turns":6},{"damage":13,"enemies":"The Guardian","floor":16,"turns":11},{"damage":5,"enemies":"2 Thieves","floor":18,"turns":4},{"damage":0,"enemies":"Chosen","floor":20,"turns":3},{"damage":14,"enemies":"Shelled Parasite and Fungi","floor":21,"turns":8},{"damage":12,"enemies":"Book of Stabbing","floor":24,"turns":6},{"damage":0,"enemies":"Snake Plant","floor":25,"turns":3},{"damage":11,"enemies":"Centurion and Healer","floor":27,"turns":6},{"damage":24,"enemies":"3 Cultists","floor":28,"turns":5},{"damage":22,"enemies":"Slavers","floor":31,"turns":7},{"damage":26,"enemies":"Collector","floor":33,"turns":9},{"damage":0,"enemies":"3 Shapes","floor":35,"turns":6},{"damage":0,"enemies":"Mind Bloom Boss Battle","floor":36,"turns":7},{"damage":5,"enemies":"3 Darklings","floor":37,"turns":6},{"damage":0,"enemies":"Sphere and 2 Shapes","floor":41,"turns":5},{"damage":7,"enemies":"Giant Head","floor":42,"turns":6},{"damage":2,"enemies":"Nemesis","floor":45,"turns":5},{"damage":18,"enemies":"Writhing Mass","floor":46,"turns":7},{"damage":44,"enemies":"Reptomancer","floor":47,"turns":6},{"damage":7,"enemies":"Maw","floor":48,"turns":8},{"damage":56,"enemies":"Awakened One","floor":50,"turns":11}],"seed_played":"6066170891877199406","potions_obtained":[{"floor":1,"key":"Dexterity Potion"},{"floor":5,"key":"Block Potion"},{"floor":6,"key":"Poison Potion"},{"floor":11,"key":"PowerPotion"},{"floor":18,"key":"GhostInAJar"},{"floor":21,"key":"Block Potion"},{"floor":24,"key":"Explosive Potion"},{"floor":31,"key":"SpeedPotion"},{"floor":37,"key":"Energy Potion"},{"floor":42,"key":"FearPotion"},{"floor":47,"key":"FairyPotion"}],"is_trial":false,"path_per_floor":["?","$","M","?","M","M","?","?","?","M"],"character_chosen":"THE_SILENT","items_purchased":["Chrysalis","Dark Shackles","Shuriken","Infinite Blades"],"campfire_rested":3,"item_purchase_floors":[10,22,38,38],"current_hp_per_floor":[75,75,75,75,75,68,68,47,47,47,47,47,47,34,34,21,77,72,72,72,58,58,58,46,46,46,35,11,11,49,27,65,39,77,77,77,72,72,87,87,87,80,80,80,78,60,16,9,50,8],"gold":139,"neow_bonus":"TEN_PERCENT_HP_BONUS","is_prod":false,"is_daily":false,"chose_seed":false,"campfire_upgraded":5,"win_rate":0,"timestamp":1551763308,"path_taken":["M","M","?","M","M","E","R","E","T","?","?","$","M","E","R","BOSS","M","?","?","M","$","R","E","M","T","?","M","?","R","E","R","BOSS","M","?","M","$","?","R","M","E","T","R","E","M","E","?","R","BOSS"],"build_version":"2019-01-23","purchased_purges":2,"victory":true,"max_hp_per_floor":[77,77,77,77,77,77,77,77,77,77,77,77,77,77,77,77,77,77,77,77,77,77,77,77,77,77,77,77,77,77,77,77,77,77,77,77,77,77,87,87,87,87,87,87,87,87,87,87,87,87],"card_choices":[{"not_picked":["Flechettes","Underhanded Strike"],"picked":"Backstab","floor":1},{"not_picked":["Heel Hook","Escape Plan"],"picked":"Backstab","floor":2},{"not_picked":["Sucker Punch","Reflex"],"picked":"Slice","floor":4},{"not_picked":["Eviscerate","Flying Knee"],"picked":"Backflip","floor":5},{"not_picked":["Expertise","Finisher"],"picked":"Dagger Throw","floor":6},{"not_picked":["Prepared","Poisoned Stab"],"picked":"Cloak And Dagger","floor":8},{"not_picked":["Expertise","Backflip"],"picked":"Blade Dance","floor":11},{"not_picked":["Underhanded Strike","Blade Dance"],"picked":"PiercingWail","floor":13},{"not_picked":["Dagger Spray","Prepared"],"picked":"Bullet Time","floor":14},{"not_picked":["Wraith Form v2","Phantasmal Killer"],"picked":"After Image","floor":16},{"not_picked":["Crippling Poison+1","Slice+1"],"picked":"Cloak And Dagger","floor":18},{"not_picked":["Outmaneuver","Backflip"],"picked":"Noxious Fumes+1","floor":20},{"not_picked":["Bane","Tactician"],"picked":"Noxious Fumes","floor":21},{"not_picked":["Flechettes","Prepared"],"picked":"Backflip","floor":24},{"not_picked":["Bane","Deadly Poison"],"picked":"Quick Slash","floor":25},{"not_picked":["Prepared","Underhanded Strike"],"picked":"Burst","floor":27},{"not_picked":["Reflex","Underhanded Strike"],"picked":"Dash","floor":28},{"not_picked":["Eviscerate+1","Riddle With Holes"],"picked":"Prepared+1","floor":31},{"not_picked":["After Image","A Thousand Cuts"],"picked":"Doppelganger","floor":33},{"not_picked":["Deflect","Flying Knee"],"picked":"Dagger Throw+1","floor":35},{"not_picked":["Outmaneuver+1","Calculated Gamble"],"picked":"Infinite Blades","floor":36},{"not_picked":["Backflip","Blade Dance+1"],"picked":"Sucker Punch+1","floor":37},{"not_picked":["Eviscerate+1","Flechettes+1","Dagger Spray+1"],"picked":"SKIP","floor":41},{"not_picked":["Deadly Poison+1","Underhanded Strike"],"picked":"Infinite Blades+1","floor":42},{"not_picked":["Outmaneuver","Calculated Gamble","Caltrops+1"],"picked":"SKIP","floor":45},{"not_picked":["Quick Slash","Night Terror"],"picked":"Slice","floor":46},{"not_picked":["Underhanded Strike+1","Caltrops"],"picked":"Escape Plan","floor":47},{"not_picked":["Outmaneuver","Caltrops+1"],"picked":"Deflect+1","floor":48}],"player_experience":99970,"relics_obtained":[{"floor":6,"key":"MawBank"},{"floor":8,"key":"Lantern"},{"floor":9,"key":"Tiny Chest"},{"floor":14,"key":"Bronze Scales"},{"floor":24,"key":"Regal Pillow"},{"floor":26,"key":"Paper Crane"},{"floor":31,"key":"Art of War"},{"floor":36,"key":"Ginger"},{"floor":42,"key":"Anchor"},{"floor":45,"key":"War Paint"},{"floor":47,"key":"Omamori"}],"event_choices":[{"damage_healed":0,"gold_gain":0,"player_choice":"Paid Gold","damage_taken":0,"relics_obtained":["Kunai"],"max_hp_gain":0,"max_hp_loss":0,"event_name":"WeMeetAgain","floor":3,"gold_loss":58},{"damage_healed":0,"gold_gain":0,"player_choice":"Upgraded","damage_taken":0,"max_hp_gain":0,"max_hp_loss":0,"event_name":"Upgrade Shrine","floor":19,"gold_loss":0,"cards_upgraded":["Chrysalis"]},{"cards_removed":["Defend_G"],"damage_healed":0,"gold_gain":0,"player_choice":"Elegance","damage_taken":0,"max_hp_gain":0,"max_hp_loss":0,"event_name":"Back to Basics","floor":29,"gold_loss":0},{"damage_healed":0,"gold_gain":0,"player_choice":"Fight","damage_taken":0,"max_hp_gain":0,"max_hp_loss":0,"event_name":"MindBloom","floor":36,"gold_loss":0},{"cards_removed":["Phantasmal Killer"],"damage_healed":5,"gold_gain":0,"player_choice":"Offered Rare","damage_taken":0,"max_hp_gain":10,"max_hp_loss":0,"event_name":"Bonfire Elementals","floor":39,"gold_loss":0}],"is_beta":false,"boss_relics":[{"not_picked":["Velvet Choker","Empty Cage"],"picked":"Astrolabe"},{"not_picked":["Fusion Hammer","Snecko Eye"],"picked":"Cursed Key"}],"items_purged_floors":[10,22],"is_endless":false,"potions_floor_spawned":[1,5,6,11,18,21,24,25,31,37,42,47],"ascension_level":1}