{"gold_per_floor":[115,135,310,329,341,341,371,371,371,402,402,430,38,38,38,38],"floor_reached":16,"playtime":517,"items_purged":[],"score":208,"play_id":"9380f4b8-96be-42ef-8e80-7f809f2c66d1","local_time":"20190407135629","is_ascension_mode":true,"campfire_choices":[{"data":"Bash","floor":6,"key":"SMITH"},{"data":"Metallicize","floor":8,"key":"SMITH"},{"data":"Feel No Pain","floor":11,"key":"SMITH"},{"data":"Jack Of All Trades","floor":15,"key":"SMITH"}],"neow_cost":"NONE","seed_source_timestamp":161289607771946,"circlet_count":0,"master_deck":["AscendersBane","Strike_R","Strike_R+1","Strike_R","Strike_R","Strike_R+1","Defend_R","Defend_R","Defend_R+1","Defend_R+1","Bash+1","Cleave","Metallicize+1","Headbutt","Feel No Pain+1","Metallicize","Dropkick","Twin Strike","Immolate","Shrug It Off","Offering","Jack Of All Trades+1"],"relics":["Burning Blood","Whetstone","Ancient Tea Set","Pear","War Paint"],"potions_floor_usage":[7,10,16,16],"damage_taken":[{"damage":6,"enemies":"Cultist","floor":1,"turns":3},{"damage":8,"enemies":"2 Louse","floor":2,"turns":3},{"damage":10,"enemies":"Small Slimes","floor":4,"turns":3},{"damage":5,"enemies":"2 Fungi Beasts","floor":5,"turns":4},{"damage":22,"enemies":"Gremlin Nob","floor":7,"turns":5},{"damage":14,"enemies":"Lagavulin","floor":10,"turns":7},{"damage":10,"enemies":"3 Sentries","floor":12,"turns":7},{"damage":67,"enemies":"Slime Boss","floor":16,"turns":9}],"seed_played":"-2946766700104810025","potions_obtained":[{"floor":1,"key":"Swift Potion"},{"floor":5,"key":"Weak Potion"},{"floor":7,"key":"EssenceOfSteel"},{"floor":10,"key":"PowerPotion"}],"is_trial":false,"path_per_floor":["M","M","?","M","M","R","E","R","T","E","R","E","$","?","R","B"],"character_chosen":"IRONCLAD","items_purchased":["Immolate","Shrug It Off","Offering","Jack Of All Trades"],"campfire_rested":0,"item_purchase_floors":[13,13,13,13],"current_hp_per_floor":[80,78,78,74,75,75,59,59,59,61,61,57,57,57,57,0],"gold":38,"neow_bonus":"TEN_PERCENT_HP_BONUS","is_prod":false,"is_daily":false,"chose_seed":false,"campfire_upgraded":4,"win_rate":0,"timestamp":1554670589,"path_taken":["M","?","?","M","M","R","E","R","T","E","R","E","$","?","R","BOSS"],"build_version":"2019-01-23","purchased_purges":0,"victory":false,"max_hp_per_floor":[88,88,88,88,88,88,88,88,88,98,98,98,98,98,98,98],"card_choices":[{"not_picked":["Entrench","Sword Boomerang"],"picked":"Cleave","floor":1},{"not_picked":["Infernal Blade","Iron Wave"],"picked":"Metallicize","floor":2},{"not_picked":["Twin Strike","Iron Wave"],"picked":"Headbutt","floor":4},{"not_picked":["Combust","Clash"],"picked":"Feel No Pain","floor":5},{"not_picked":["Searing Blow","Thunderclap"],"picked":"Metallicize","floor":7},{"not_picked":["Clash","Rage"],"picked":"Dropkick","floor":10},{"not_picked":["Sword Boomerang","Infernal Blade"],"picked":"Twin Strike","floor":12}],"player_experience":381332,"relics_obtained":[{"floor":7,"key":"Whetstone"},{"floor":9,"key":"Ancient Tea Set"},{"floor":10,"key":"Pear"},{"floor":12,"key":"War Paint"}],"event_choices":[{"damage_healed":0,"gold_gain":175,"player_choice":"AGREE","damage_taken":0,"max_hp_gain":0,"max_hp_loss":0,"event_name":"Liars Game","floor":3,"gold_loss":0,"cards_obtained":["Doubt"]},{"cards_removed":["Doubt"],"damage_healed":0,"gold_gain":0,"player_choice":"Removed Curses","damage_taken":0,"max_hp_gain":0,"max_hp_loss":0,"event_name":"Fountain of Cleansing","floor":14,"gold_loss":0}],"is_beta":false,"boss_relics":[],"items_purged_floors":[],"is_endless":false,"potions_floor_spawned":[1,5,7,10],"killed_by":"Slime Boss","ascension_level":11}