{"gold_per_floor":[113,113,63,81,81,112,37,37,113,113,113,113,131,148,148,250,250,264,264,264,15,35,63,63,63,88,114,124,224,224,241,241,346,396,407,131,150,150,164,164,14,14,14,14],"floor_reached":44,"playtime":1412,"items_purged":["Strike_R","Writhe","Strike_R+1","Headbutt+1"],"score":447,"play_id":"3448287a-cfe5-42a5-8e31-7e9115eeb4af","local_time":"20180927142847","is_ascension_mode":false,"campfire_choices":[{"data":"Bash","floor":8,"key":"SMITH"},{"data":"Defend_R","floor":10,"key":"SMITH"},{"floor":12,"key":"REST"},{"data":"Headbutt","floor":15,"key":"SMITH"},{"floor":30,"key":"REST"},{"floor":32,"key":"REST"},{"floor":40,"key":"REST"},{"floor":42,"key":"REST"}],"neow_cost":"PERCENT_DAMAGE","seed_source_timestamp":334279620067855,"circlet_count":0,"master_deck":["Defend_R+1","Defend_R+1","Defend_R+1","Bash+1","Rampage+1","Iron Wave","Iron Wave","Shrug It Off+1"],"relics":["Burning Blood","Whetstone","Kunai","Pen Nib","Fusion Hammer","Gremlin Horn","MutagenicStrength","Art of War","Bottled Lightning","Darkstone Periapt","Dream Catcher","Happy Flower","Nunchaku","Question Card","Tiny House","Blood Vial","Matryoshka"],"potions_floor_usage":[6,33,35,44,44],"damage_taken":[{"damage":5,"enemies":"Small Slimes","floor":1,"turns":4},{"damage":1,"enemies":"Jaw Worm","floor":4,"turns":3},{"damage":20,"enemies":"3 Sentries","floor":6,"turns":5},{"damage":0,"enemies":"2 Louse","floor":13,"turns":2},{"damage":4,"enemies":"Blue Slaver","floor":14,"turns":3},{"damage":29,"enemies":"Hexaghost","floor":16,"turns":8},{"damage":0,"enemies":"Spheric Guardian","floor":18,"turns":3},{"damage":17,"enemies":"2 Thieves","floor":22,"turns":4},{"damage":0,"enemies":"Gremlin Leader","floor":23,"turns":4},{"damage":14,"enemies":"Shelled Parasite and Fungi","floor":28,"turns":3},{"damage":12,"enemies":"Colosseum Slavers","floor":29,"turns":3},{"damage":14,"enemies":"Colosseum Nobs","floor":29,"turns":3},{"damage":12,"enemies":"Centurion and Healer","floor":31,"turns":4},{"damage":57,"enemies":"Champ","floor":33,"turns":7},{"damage":6,"enemies":"3 Darklings","floor":35,"turns":3},{"damage":0,"enemies":"3 Shapes","floor":37,"turns":6},{"damage":0,"enemies":"Transient","floor":39,"turns":5},{"damage":120,"enemies":"Nemesis","floor":44,"turns":11}],"seed_played":"-6996752225753088871","potions_obtained":[{"floor":1,"key":"Explosive Potion"},{"floor":13,"key":"FairyPotion"},{"floor":22,"key":"GamblersBrew"},{"floor":23,"key":"Weak Potion"},{"floor":33,"key":"Regen Potion"},{"floor":35,"key":"LiquidBronze"}],"is_trial":false,"path_per_floor":["M","?","?","M","?","E","$","R","T","R","?","R","M","M","R","B",null,"M","?","?","$","M","E","?","$","T","T","M","?","R","M","R","B",null,"M","$","M","?","M","R","$","R","T"],"character_chosen":"IRONCLAD","items_purchased":["Art of War","Blood Vial"],"campfire_rested":5,"item_purchase_floors":[21,36],"current_hp_per_floor":[57,57,57,62,46,32,32,32,32,32,20,44,50,52,52,29,80,80,80,80,80,69,75,75,75,75,75,67,53,77,71,80,29,85,85,85,85,85,85,85,85,85,85,0],"gold":14,"neow_bonus":"TRANSFORM_TWO_CARDS","is_prod":false,"is_daily":false,"chose_seed":false,"campfire_upgraded":3,"win_rate":0,"timestamp":1538083727,"path_taken":["M","?","?","?","?","E","$","R","T","R","?","R","M","M","R","BOSS","M","?","?","$","M","E","?","$","T","?","M","?","R","M","R","BOSS","M","$","M","?","M","R","$","R","T","E"],"build_version":"2018-09-20","purchased_purges":4,"victory":false,"max_hp_per_floor":[80,80,80,80,80,80,80,80,80,80,80,80,80,80,80,80,80,80,80,80,80,80,80,80,80,80,80,80,80,80,80,80,80,85,85,85,85,85,85,85,85,85,85,85],"card_choices":[{"not_picked":["Pummel","Cleave"],"picked":"Rampage","floor":1},{"not_picked":["Sword Boomerang","Evolve","Clash"],"picked":"SKIP","floor":4},{"not_picked":["Bloodletting","Armaments","Body Slam"],"picked":"SKIP","floor":6},{"not_picked":["Feel No Pain","Sword Boomerang","Battle Trance"],"picked":"SKIP","floor":13},{"not_picked":["Pommel Strike","Searing Blow"],"picked":"Headbutt","floor":14},{"not_picked":["Warcry+1","Sword Boomerang","Pommel Strike"],"picked":"SKIP","floor":18},{"not_picked":["Infernal Blade+1","Headbutt","Bloodletting"],"picked":"SKIP","floor":22},{"not_picked":["Pummel","True Grit+1","Seeing Red"],"picked":"SKIP","floor":23},{"not_picked":["Spot Weakness","Clothesline","Heavy Blade"],"picked":"SKIP","floor":28},{"not_picked":["Metallicize+1","Wild Strike","Offering","Heavy Blade+1"],"picked":"SKIP","floor":31},{"not_picked":["Evolve","Twin Strike","Body Slam"],"picked":"Iron Wave","floor":35},{"not_picked":["Metallicize","Wild Strike","Power Through"],"picked":"Iron Wave","floor":37},{"not_picked":["Twin Strike","Warcry","Feel No Pain+1"],"picked":"Shrug It Off+1","floor":39}],"player_experience":268897,"relics_obtained":[{"floor":6,"key":"Whetstone"},{"floor":9,"key":"Kunai"},{"floor":23,"key":"Bottled Lightning"},{"floor":26,"key":"Dream Catcher"},{"floor":27,"key":"Happy Flower"},{"floor":29,"key":"Nunchaku"},{"floor":29,"key":"Question Card"},{"floor":43,"key":"Matryoshka"}],"event_choices":[{"event_name":"Living Wall","player_choice":"Forget","floor":2,"damage_taken":0},{"event_name":"The Cleric","player_choice":"Card Removal","floor":3,"damage_taken":0},{"event_name":"Shining Light","player_choice":"Entered Light","floor":5,"damage_taken":0},{"event_name":"Scrap Ooze","player_choice":"success","floor":11,"damage_taken":12},{"event_name":"The Mausoleum","player_choice":"Yes","floor":19,"damage_taken":0},{"event_name":"Drug Dealer","player_choice":"Inject Mutagens","floor":20,"damage_taken":0},{"event_name":"WeMeetAgain","player_choice":"Card","floor":24,"damage_taken":0},{"event_name":"Colosseum","player_choice":"Fight","floor":29,"damage_taken":0},{"event_name":"Colosseum","player_choice":"Fought Nobs","floor":29,"damage_taken":0},{"event_name":"Falling","player_choice":"Removed Attack","floor":38,"damage_taken":0}],"is_beta":false,"boss_relics":[{"not_picked":["Calling Bell","Runic Dome"],"picked":"Fusion Hammer"},{"not_picked":["Coffee Dripper","Runic Cube"],"picked":"Tiny House"}],"items_purged_floors":[7,21,36,41],"is_endless":false,"potions_floor_spawned":[1,13,22,23,29,33,35,37],"killed_by":"Nemesis","ascension_level":0}