{"gold_per_floor":[112,125,400,413,428,461,461,483,507,527,537,537,554,588,600,712,724,664,664,664,664],"floor_reached":21,"playtime":2193,"items_purged":[],"score":193,"play_id":"5d635d00-ce7b-40f5-bb98-de8d98de5e27","local_time":"20181218011858","is_ascension_mode":false,"campfire_choices":[{"floor":7,"key":"REST"},{"floor":15,"key":"REST"}],"neow_cost":"","seed_source_timestamp":56284992223076,"circlet_count":0,"master_deck":["Strike_R+1","Strike_R","Strike_R","Strike_R","Strike_R","Defend_R","Defend_R","Defend_R","Defend_R","Bash","True Grit","Blood for Blood","Regret","Warcry","Armaments","Anger","Juggernaut","Clash+1","Headbutt","Anger","Clash","Reaper","Second Wind","Rupture+1"],"relics":["Burning Blood","Red Skull","Odd Mushroom","Potion Belt","MawBank","Ectoplasm"],"potions_floor_usage":[16,16,16,21,21],"damage_taken":[{"damage":4,"enemies":"2 Louse","floor":1,"turns":4},{"damage":4,"enemies":"Cultist","floor":2,"turns":5},{"damage":8,"enemies":"Jaw Worm","floor":4,"turns":5},{"damage":16,"enemies":"Blue Slaver","floor":5,"turns":4},{"damage":22,"enemies":"Gremlin Nob","floor":6,"turns":4},{"damage":27,"enemies":"The Mushroom Lair","floor":8,"turns":4},{"damage":8,"enemies":"3 Louse","floor":10,"turns":4},{"damage":3,"enemies":"2 Fungi Beasts","floor":11,"turns":5},{"damage":7,"enemies":"Blue Slaver","floor":13,"turns":2},{"damage":13,"enemies":"Lagavulin","floor":14,"turns":4},{"damage":46,"enemies":"The Guardian","floor":16,"turns":9},{"damage":31,"enemies":"2 Thieves","floor":18,"turns":4},{"damage":34,"enemies":"Spheric Guardian","floor":20,"turns":5},{"damage":32,"enemies":"Snake Plant","floor":21,"turns":3}],"seed_played":"-4685872832036596425","potions_obtained":[{"floor":1,"key":"Block Potion"},{"floor":5,"key":"Dexterity Potion"},{"floor":6,"key":"PowerPotion"},{"floor":10,"key":"GamblersBrew"},{"floor":16,"key":"PowerPotion"},{"floor":18,"key":"FearPotion"}],"is_trial":false,"path_per_floor":["M","M","?","M","M","E","R","?","T","M","M","?","M","E","R","B",null,"M","?","M","M"],"character_chosen":"IRONCLAD","items_purchased":[],"campfire_rested":2,"item_purchase_floors":[],"current_hp_per_floor":[80,80,80,78,68,52,76,55,55,53,56,40,39,32,56,16,80,55,55,27,0],"gold":664,"neow_bonus":"","is_prod":false,"is_daily":false,"chose_seed":false,"campfire_upgraded":0,"win_rate":0.0,"timestamp":1545113938,"path_taken":["M","M","?","?","M","E","R","?","T","M","M","?","M","E","R","BOSS","M","?","M","M"],"build_version":"2018-12-13","purchased_purges":0,"victory":false,"max_hp_per_floor":[80,80,80,80,80,80,80,80,80,80,80,80,80,80,80,80,80,80,80,80,80],"card_choices":[{"not_picked":["Infernal Blade","Sword Boomerang"],"picked":"True Grit","floor":1},{"not_picked":["Rage","Cleave"],"picked":"Blood for Blood","floor":2},{"not_picked":["Battle Trance","Flex"],"picked":"Warcry","floor":4},{"not_picked":["Dropkick","Cleave"],"picked":"Armaments","floor":5},{"not_picked":["Clothesline","Perfected Strike"],"picked":"Anger","floor":6},{"not_picked":["Anger","Perfected Strike"],"picked":"Juggernaut","floor":8},{"not_picked":["Twin Strike","Headbutt"],"picked":"Clash","floor":10},{"not_picked":["Ghostly Armor","Warcry"],"picked":"Headbutt","floor":11},{"not_picked":["Body Slam","Rampage"],"picked":"Anger","floor":13},{"not_picked":["Flame Barrier","Thunderclap"],"picked":"Clash","floor":14},{"not_picked":["Offering","Brutality"],"picked":"Reaper","floor":16},{"not_picked":["Clothesline+1","Flex"],"picked":"Second Wind","floor":18},{"not_picked":["Combust+1","Pommel Strike"],"picked":"Rupture+1","floor":20}],"player_experience":0,"relics_obtained":[{"floor":6,"key":"Red Skull"},{"floor":8,"key":"Odd Mushroom"},{"floor":9,"key":"Potion Belt"},{"floor":14,"key":"MawBank"}],"event_choices":[{"damage_healed":0,"gold_gain":275,"player_choice":"Desecrate","damage_taken":0,"max_hp_gain":0,"max_hp_loss":0,"event_name":"Golden Shrine","floor":3,"gold_loss":0,"cards_obtained":["Regret"]},{"damage_healed":0,"gold_gain":0,"player_choice":"Fought Mushrooms","damage_taken":0,"max_hp_gain":0,"max_hp_loss":0,"event_name":"Mushrooms","floor":8,"gold_loss":0},{"damage_healed":0,"gold_gain":0,"player_choice":"Entered Light","damage_taken":16,"max_hp_gain":0,"max_hp_loss":0,"event_name":"Shining Light","floor":12,"gold_loss":0,"cards_upgraded":["Clash","Strike_R"]},{"damage_healed":0,"gold_gain":0,"player_choice":"Ignored","damage_taken":0,"max_hp_gain":0,"max_hp_loss":0,"event_name":"Vampires","floor":19,"gold_loss":0}],"is_beta":false,"boss_relics":[{"not_picked":["Calling Bell","White Beast Statue"],"picked":"Ectoplasm"}],"items_purged_floors":[],"is_endless":false,"potions_floor_spawned":[1,5,6,10,16,18],"killed_by":"Snake Plant","ascension_level":0}