{"gold_per_floor":[113,125,143,163,163,196,196,228,228,228,290,309,31,31,31,126,126,144,158,158,177,202,202,202,235,286,298,310,333,362,385,397,409],"floor_reached":33,"playtime":4096,"items_purged":[],"score":369,"play_id":"ee3dc257-5f77-4eb2-ae9f-cb4417e5bb71","local_time":"20190324100006","is_ascension_mode":true,"campfire_choices":[{"floor":7,"key":"REST"},{"floor":15,"key":"REST"},{"data":"Double Tap","floor":23,"key":"SMITH"},{"floor":28,"key":"REST"},{"floor":32,"key":"RECALL"}],"neow_cost":"NONE","seed_source_timestamp":823431312740707,"circlet_count":0,"master_deck":["Strike_R","Strike_R","Strike_R","Strike_R","Strike_R","Defend_R","Defend_R","Defend_R","Bash","Headbutt","Battle Trance","Perfected Strike","Pommel Strike","Dual Wield+1","Double Tap+1","Pommel Strike","Infernal Blade","Panacea","Flex","Reaper","Wild Strike+1","True Grit+1","Ghostly Armor+1","Infernal Blade+1","Barricade","Hemokinesis","Shrug It Off","Demon Form","Perfected Strike"],"relics":["Burning Blood","Lantern","Strawberry","Peace Pipe","Tiny Chest","Bag of Marbles","Mark of Pain","Potion Belt","Juzu Bracelet","MawBank"],"potions_floor_usage":[6,16,25,25,29,31],"damage_taken":[{"damage":6,"enemies":"Cultist","floor":1,"turns":3},{"damage":0,"enemies":"Small Slimes","floor":2,"turns":3},{"damage":2,"enemies":"Jaw Worm","floor":3,"turns":3},{"damage":30,"enemies":"Large Slime","floor":4,"turns":6},{"damage":35,"enemies":"Lagavulin","floor":6,"turns":5},{"damage":32,"enemies":"Gremlin Nob","floor":8,"turns":4},{"damage":25,"enemies":"Lagavulin","floor":11,"turns":6},{"damage":0,"enemies":"Exordium Wildlife","floor":12,"turns":2},{"damage":8,"enemies":"Slime Boss","floor":16,"turns":6},{"damage":7,"enemies":"3 Byrds","floor":18,"turns":4},{"damage":0,"enemies":"Shell Parasite","floor":19,"turns":1},{"damage":0,"enemies":"Snecko","floor":21,"turns":2},{"damage":79,"enemies":"Book of Stabbing","floor":25,"turns":6},{"damage":13,"enemies":"Snake Plant","floor":29,"turns":3},{"damage":0,"enemies":"Centurion and Healer","floor":30,"turns":2},{"damage":12,"enemies":"3 Cultists","floor":31,"turns":5},{"damage":77,"enemies":"Champ","floor":33,"turns":7}],"seed_played":"466622087061205848","potions_obtained":[{"floor":1,"key":"Swift Potion"},{"floor":2,"key":"Swift Potion"},{"floor":4,"key":"Energy Potion"},{"floor":12,"key":"EssenceOfSteel"},{"floor":25,"key":"Block Potion"},{"floor":29,"key":"Explosive Potion"}],"is_trial":false,"path_per_floor":["M","M","M","M","?","E","R","E","T","?","E","M","$","?","R","B",null,"M","M","?","M","T","R","?","E","T","?","R","M","M","M","R","B"],"character_chosen":"IRONCLAD","items_purchased":["Panacea","Bag of Marbles","Flex"],"campfire_rested":3,"item_purchase_floors":[13,13,13],"current_hp_per_floor":[88,88,88,64,61,39,67,41,41,34,15,21,21,21,49,47,95,94,95,95,95,95,95,95,28,28,28,56,49,55,55,55,0],"gold":409,"neow_bonus":"TEN_PERCENT_HP_BONUS","is_prod":false,"is_daily":false,"chose_seed":false,"campfire_upgraded":1,"win_rate":0,"timestamp":1553389206,"path_taken":["M","M","M","M","?","E","R","E","T","?","E","?","$","?","R","BOSS","M","M","?","M","?","R","?","E","T","?","R","M","M","M","R","BOSS"],"build_version":"2019-01-23","purchased_purges":0,"victory":false,"max_hp_per_floor":[88,88,88,88,88,95,95,95,95,95,95,95,95,95,95,95,95,95,95,95,95,95,95,95,95,95,95,95,95,95,95,95,95],"card_choices":[{"not_picked":["Metallicize","Iron Wave"],"picked":"Headbutt","floor":1},{"not_picked":["Corruption","Disarm"],"picked":"Battle Trance","floor":2},{"not_picked":["Sever Soul","True Grit"],"picked":"Perfected Strike","floor":3},{"not_picked":["Entrench","Flame Barrier"],"picked":"Pommel Strike","floor":4},{"not_picked":["Clothesline","Second Wind"],"picked":"Dual Wield","floor":6},{"not_picked":["True Grit","Wild Strike"],"picked":"Double Tap","floor":8},{"not_picked":["Entrench","Clash"],"picked":"Pommel Strike","floor":11},{"not_picked":["Thunderclap","Heavy Blade"],"picked":"Infernal Blade","floor":12},{"not_picked":["Double Tap","Barricade"],"picked":"Reaper","floor":16},{"not_picked":["Warcry","Body Slam+1"],"picked":"Wild Strike+1","floor":18},{"not_picked":["Armaments","Sword Boomerang+1"],"picked":"True Grit+1","floor":19},{"not_picked":["Wild Strike","Infernal Blade+1"],"picked":"Ghostly Armor+1","floor":21},{"not_picked":["Brutality","Second Wind"],"picked":"Infernal Blade+1","floor":25},{"not_picked":["Sword Boomerang","Searing Blow"],"picked":"Shrug It Off","floor":29},{"not_picked":["Headbutt","Flame Barrier"],"picked":"Demon Form","floor":30},{"not_picked":["Iron Wave","Sword Boomerang"],"picked":"Perfected Strike","floor":31}],"player_experience":151148,"relics_obtained":[{"floor":6,"key":"Strawberry"},{"floor":8,"key":"Peace Pipe"},{"floor":11,"key":"Tiny Chest"},{"floor":22,"key":"Potion Belt"},{"floor":25,"key":"Juzu Bracelet"},{"floor":26,"key":"MawBank"}],"event_choices":[{"damage_healed":0,"gold_gain":0,"player_choice":"Success","damage_taken":3,"relics_obtained":["Lantern"],"max_hp_gain":0,"max_hp_loss":0,"event_name":"Scrap Ooze","floor":5,"gold_loss":0},{"cards_removed":["Defend_R"],"damage_healed":0,"gold_gain":0,"player_choice":"Card Removal","damage_taken":7,"max_hp_gain":0,"max_hp_loss":0,"event_name":"Golden Wing","floor":10,"gold_loss":0},{"damage_healed":0,"gold_gain":0,"player_choice":"Ignored","damage_taken":0,"max_hp_gain":0,"max_hp_loss":0,"event_name":"Liars Game","floor":14,"gold_loss":0},{"damage_healed":0,"gold_gain":0,"player_choice":"Ignored","damage_taken":0,"max_hp_gain":0,"max_hp_loss":0,"event_name":"Ghosts","floor":20,"gold_loss":0},{"damage_healed":0,"gold_gain":0,"player_choice":"Upgraded","damage_taken":0,"max_hp_gain":0,"max_hp_loss":0,"event_name":"Upgrade Shrine","floor":24,"gold_loss":0,"cards_upgraded":["Dual Wield"]},{"damage_healed":0,"gold_gain":0,"player_choice":"2 cards matched","damage_taken":0,"max_hp_gain":0,"max_hp_loss":0,"event_name":"Match and Keep!","floor":27,"gold_loss":0,"cards_obtained":["Barricade","Hemokinesis"]}],"is_beta":false,"boss_relics":[{"not_picked":["Tiny House","Runic Cube"],"picked":"Mark of Pain"}],"items_purged_floors":[],"is_endless":false,"potions_floor_spawned":[1,2,4,12,25,29],"killed_by":"Champ","ascension_level":4}