{"gold_per_floor":[111,42,42,7,7,32,32,67,147,173,48,48,80,97,97,196,196,209,484,499,74,91,125,125,154,200,230,230,241,42,42,42,137,137,152,228,245,259,81,111,123,137,163,196,196,227,245,271,271,271],"floor_reached":51,"playtime":2656,"items_purged":["Regret","Strike_G"],"score":1391,"play_id":"ea51205f-e0d5-4d1a-a5a4-e257f3a9c8bd","local_time":"20190108193328","is_ascension_mode":true,"campfire_choices":[{"data":"Neutralize","floor":7.0,"key":"SMITH"},{"data":"Strike_G","floor":12.0,"key":"PURGE"},{"data":"Defend_G+1","floor":15.0,"key":"PURGE"},{"data":"Defend_G","floor":24.0,"key":"PURGE"},{"data":"Strike_G","floor":28.0,"key":"PURGE"},{"data":"Defend_G","floor":32.0,"key":"PURGE"},{"data":"Defend_G","floor":45,"key":"PURGE"},{"data":"Strike_G","floor":49,"key":"PURGE"}],"neow_cost":"NONE","seed_source_timestamp":0,"circlet_count":0,"master_deck":["Defend_G","Strike_G+1","Survivor","Neutralize+1","Terror","Well Laid Plans","Leg Sweep","Venomology+1","Dash","Blade Dance+1","Adrenaline+1","PiercingWail+1","Riddle With Holes","Adrenaline+1","Good Instincts+1","Backflip+1","Backstab","Acrobatics+1","Dash","Adrenaline+1","Adrenaline+1","Acrobatics+1","Burst+1","Backflip+1"],"special_seed":0,"relics":["Ring of the Snake","NeowsBlessing","Pen Nib","Peace Pipe","Toxic Egg 2","Vajra","Shuriken","Coffee Dripper","DollysMirror","The Specimen","Gambling Chip","Lantern","Pantograph","Bag of Preparation","Fusion Hammer","Sundial","Dream Catcher","Blood Vial","Potion Belt","Bottled Tornado","Anchor"],"potions_floor_usage":[47,47,48,50,50,50,50],"damage_taken":[{"damage":0.0,"enemies":"Small Slimes","floor":1.0,"turns":1.0},{"damage":0.0,"enemies":"Gremlin Nob","floor":6.0,"turns":1.0},{"damage":0.0,"enemies":"3 Sentries","floor":8.0,"turns":1.0},{"damage":15.0,"enemies":"Lagavulin","floor":10.0,"turns":8.0},{"damage":2.0,"enemies":"Gremlin Nob","floor":13.0,"turns":3.0},{"damage":0.0,"enemies":"Jaw Worm","floor":14.0,"turns":2.0},{"damage":5.0,"enemies":"Slime Boss","floor":16.0,"turns":6.0},{"damage":0.0,"enemies":"Shell Parasite","floor":18.0,"turns":3.0},{"damage":0.0,"enemies":"Chosen","floor":20.0,"turns":2.0},{"damage":1.0,"enemies":"3 Cultists","floor":22.0,"turns":4.0},{"damage":0.0,"enemies":"Book of Stabbing","floor":23.0,"turns":4.0},{"damage":0.0,"enemies":"Gremlin Leader","floor":25.0,"turns":3.0},{"damage":0.0,"enemies":"Book of Stabbing","floor":27.0,"turns":3.0},{"damage":0.0,"enemies":"Chosen and Byrds","floor":29.0,"turns":3.0},{"damage":0.0,"enemies":"Champ","floor":33.0,"turns":4.0},{"damage":0,"enemies":"Orb Walker","floor":35,"turns":1},{"damage":0,"enemies":"3 Shapes","floor":37,"turns":1},{"damage":0,"enemies":"Writhing Mass","floor":38,"turns":2},{"damage":0,"enemies":"Nemesis","floor":40,"turns":1},{"damage":0,"enemies":"3 Darklings","floor":41,"turns":1},{"damage":0,"enemies":"Sphere and 2 Shapes","floor":42,"turns":1},{"damage":0,"enemies":"Giant Head","floor":44,"turns":1},{"damage":0,"enemies":"Nemesis","floor":46,"turns":3},{"damage":0,"enemies":"4 Shapes","floor":47,"turns":1},{"damage":0,"enemies":"Giant Head","floor":48,"turns":1},{"damage":0,"enemies":"Awakened One","floor":50,"turns":6}],"seed_played":"-6193879098074845494","potions_obtained":[{"floor":10.0,"key":"SmokeBomb"},{"floor":27.0,"key":"Poison Potion"},{"floor":33.0,"key":"Regen Potion"},{"floor":38,"key":"SkillPotion"},{"floor":44,"key":"Dexterity Potion"},{"floor":48,"key":"Fruit Juice"}],"is_trial":false,"path_per_floor":["M","$","?","?","$","E","R","E","T","E","$","R","E","M","R","B",null,"M","?","M","$","M","E","R","E","T","E","R","M","$","?","R","B",null,"M","T","M","M","$","E","M","M","T","E","R","E","M","E","R","B",null],"character_chosen":"THE_SILENT","items_purchased":["Well Laid Plans","Dash","Fire Potion","DollysMirror","GhostInAJar","Good Instincts+1","Bag of Preparation","SteroidPotion","GhostInAJar"],"campfire_rested":0,"item_purchase_floors":[2,11,11,21,21,21,30,30,39],"current_hp_per_floor":[70,70,56,70,70,70,70,70,70,55,55,55,53,53,53,48,70,70,70,70,70,69,69,69,69,69,69,69,69,69,69,69,70,70,70,70,70,70,70,70,70,70,70,70,70,70,70,75,75,75],"gold":271,"neow_bonus":"THREE_ENEMY_KILL","is_prod":false,"is_daily":false,"chose_seed":false,"campfire_upgraded":1,"win_rate":0,"timestamp":1546976008,"path_taken":["M","$","?","?","?","E","R","E","T","E","$","R","E","M","R","BOSS","M","?","M","$","M","E","R","E","T","E","R","?","$","?","R","BOSS","M","?","M","M","$","E","M","M","T","E","R","E","M","E","R","BOSS"],"build_version":"2019-01-03v4","purchased_purges":2,"victory":true,"max_hp_per_floor":[70,70,70,70,70,70,70,70,70,70,70,70,70,70,70,70,70,70,70,70,70,70,70,70,70,70,70,70,70,70,70,70,70,70,70,70,70,70,70,70,70,70,70,70,70,70,70,75,75,75],"card_choices":[{"not_picked":["Sucker Punch","Caltrops"],"picked":"Terror","floor":1.0},{"not_picked":["Acrobatics","Blade Dance","Escape Plan"],"picked":"SKIP","floor":6.0},{"not_picked":["Deflect","Sucker Punch"],"picked":"Leg Sweep","floor":8.0},{"not_picked":["Dodge and Roll+1","Heel Hook"],"picked":"Venomology+1","floor":10.0},{"not_picked":["Bouncing Flask+1","Deadly Poison+1"],"picked":"Blade Dance+1","floor":13.0},{"not_picked":["Outmaneuver+1","Calculated Gamble+1","Poisoned Stab"],"picked":"SKIP","floor":14.0},{"not_picked":["Glass Knife","Venomology+1"],"picked":"Adrenaline+1","floor":16.0},{"not_picked":["Calculated Gamble+1","Eviscerate"],"picked":"PiercingWail+1","floor":18.0},{"not_picked":["Acrobatics+1","Flying Knee+1"],"picked":"Riddle With Holes","floor":20.0},{"not_picked":["Crippling Poison+1","Underhanded Strike"],"picked":"Backflip+1","floor":22.0},{"not_picked":["Prepared+1","All Out Attack"],"picked":"Backstab","floor":23.0},{"not_picked":["Leg Sweep+1","Outmaneuver+1","Expertise+1"],"picked":"SKIP","floor":25.0},{"not_picked":["Sucker Punch","Noxious Fumes"],"picked":"Acrobatics+1","floor":27.0},{"not_picked":["Dagger Throw","Endless Agony"],"picked":"Dash","floor":29.0},{"not_picked":["Night Terror+1","A Thousand Cuts"],"picked":"Adrenaline+1","floor":33.0},{"not_picked":["Blade Dance+1","Dagger Spray+1"],"picked":"Acrobatics+1","floor":35},{"not_picked":["Flying Knee","Quick Slash","Sucker Punch"],"picked":"SKIP","floor":37},{"not_picked":["Dagger Throw+1","Flechettes","Leg Sweep+1"],"picked":"SKIP","floor":38},{"not_picked":["Dagger Throw","Backflip+1"],"picked":"Burst+1","floor":40},{"not_picked":["PiercingWail+1","Outmaneuver+1"],"picked":"Backflip+1","floor":41},{"not_picked":["Bullet Time+1","Poisoned Stab","Dagger Spray+1"],"picked":"SKIP","floor":42},{"not_picked":["Outmaneuver+1","Deadly Poison+1","Flechettes"],"picked":"SKIP","floor":44},{"not_picked":["Quick Slash+1","Crippling Poison+1","Sucker Punch+1"],"picked":"SKIP","floor":46},{"not_picked":["Deflect+1","Slice+1","Dodge and Roll+1"],"picked":"SKIP","floor":47},{"not_picked":["Dash","Reflex+1","All Out Attack+1"],"picked":"SKIP","floor":48}],"player_experience":18350,"relics_obtained":[{"floor":6.0,"key":"Pen Nib"},{"floor":8.0,"key":"Peace Pipe"},{"floor":9.0,"key":"Toxic Egg 2"},{"floor":10.0,"key":"Vajra"},{"floor":13.0,"key":"Shuriken"},{"floor":23.0,"key":"The Specimen"},{"floor":25.0,"key":"Gambling Chip"},{"floor":26.0,"key":"Lantern"},{"floor":27.0,"key":"Pantograph"},{"floor":36,"key":"Sundial"},{"floor":40,"key":"Dream Catcher"},{"floor":43,"key":"Blood Vial"},{"floor":44,"key":"Potion Belt"},{"floor":46,"key":"Bottled Tornado"},{"floor":48,"key":"Anchor"}],"event_choices":[{"damage_healed":0.0,"max_hp_gain":0.0,"max_hp_loss":0.0,"gold_gain":0.0,"event_name":"Shining Light","player_choice":"Entered Light","floor":3.0,"gold_loss":0.0,"damage_taken":14.0,"cards_upgraded":["Strike_G","Defend_G"]},{"damage_healed":17.0,"max_hp_gain":0.0,"max_hp_loss":0.0,"gold_gain":0.0,"event_name":"The Cleric","player_choice":"Healed","floor":4.0,"gold_loss":35.0,"damage_taken":0.0},{"damage_healed":0.0,"max_hp_gain":0.0,"max_hp_loss":0.0,"gold_gain":275.0,"event_name":"Golden Shrine","player_choice":"Desecrate","floor":19.0,"gold_loss":0.0,"damage_taken":0.0,"cards_obtained":["Regret"]},{"damage_healed":0.0,"max_hp_gain":0.0,"max_hp_loss":0.0,"gold_gain":0.0,"event_name":"Duplicator","player_choice":"Copied","floor":31.0,"gold_loss":0.0,"damage_taken":0.0,"cards_obtained":["Adrenaline"]}],"is_beta":false,"boss_relics":[{"not_picked":["Orrery","Sozu"],"picked":"Coffee Dripper"},{"not_picked":["HoveringKite","Calling Bell"],"picked":"Fusion Hammer"}],"items_purged_floors":[21,39],"is_endless":false,"potions_floor_spawned":[10,16,27,33,38,41,44,48],"ascension_level":2}