{"gold_per_floor":[218,46,46,57,67,94,94,20,20,20,51,68,93,113,113,188,188,200,212,212,225,37,68,82,82,82,82,7,41,41,41,41,118,118,130,76,176,176,194,194,194,194,194,194,194,226,237,267,267,267,267,267,38,38],"floor_reached":54,"playtime":2559,"items_purged":["Strike_B"],"score":1261,"play_id":"617e2a7b-e8e5-4170-8d26-aa2daecfd4e1","local_time":"20190506001359","is_ascension_mode":true,"campfire_choices":[{"data":"Dualcast","floor":7.0,"key":"SMITH"},{"data":"Fusion","floor":10.0,"key":"SMITH"},{"data":"Go for the Eyes","floor":15.0,"key":"SMITH"},{"floor":25.0,"key":"REST"},{"data":"Fission","floor":27.0,"key":"SMITH"},{"floor":30.0,"key":"REST"},{"floor":32.0,"key":"REST"},{"data":"Defragment","floor":41.0,"key":"SMITH"},{"data":"Zap","floor":45.0,"key":"SMITH"},{"floor":49.0,"key":"RECALL"},{"data":"Thinking Ahead","floor":52,"key":"SMITH"}],"neow_cost":"NONE","seed_source_timestamp":1952127835337597,"circlet_count":0,"master_deck":["AscendersBane","Strike_B","Strike_B","Defend_B","Defend_B","Defend_B","Zap+1","Dualcast+1","Capacitor","Compile Driver","Biased Cognition","Undo","Fusion+1","Conserve Battery","Self Repair","Electrodynamics","Go for the Eyes+1","Cold Snap","Conserve Battery","Echo Form","Defragment+1","Chill","Fission+1","Defragment+1","Leap","Ball Lightning","Barrage+1","White Noise+1","Thinking Ahead+1","Reinforced Body","Parasite","Core Surge","Glacier"],"special_seed":0,"relics":["Cracked Core","PreservedInsect","Question Card","Orichalcum","Anchor","Potion Belt","Empty Cage","Strawberry","Happy Flower","Inserter","Mango","Bottled Lightning","Lantern","Dodecahedron","Art of War"],"potions_floor_usage":[50],"damage_taken":[{"damage":16.0,"enemies":"Jaw Worm","floor":1.0,"turns":4.0},{"damage":1.0,"enemies":"Cultist","floor":4.0,"turns":3.0},{"damage":0.0,"enemies":"Small Slimes","floor":5.0,"turns":3.0},{"damage":12.0,"enemies":"Lagavulin","floor":6.0,"turns":6.0},{"damage":12.0,"enemies":"Gremlin Nob","floor":11.0,"turns":3.0},{"damage":7.0,"enemies":"Exordium Wildlife","floor":12.0,"turns":4.0},{"damage":3.0,"enemies":"Lagavulin","floor":13.0,"turns":5.0},{"damage":0.0,"enemies":"3 Louse","floor":14.0,"turns":3.0},{"damage":11.0,"enemies":"Hexaghost","floor":16.0,"turns":14.0},{"damage":16.0,"enemies":"Spheric Guardian","floor":18.0,"turns":4.0},{"damage":28.0,"enemies":"2 Thieves","floor":19.0,"turns":4.0},{"damage":1.0,"enemies":"Chosen and Byrds","floor":21.0,"turns":8.0},{"damage":24.0,"enemies":"Slavers","floor":23.0,"turns":3.0},{"damage":26.0,"enemies":"Snake Plant","floor":24.0,"turns":4.0},{"damage":17.0,"enemies":"Gremlin Leader","floor":29.0,"turns":7.0},{"damage":39.0,"enemies":"Collector","floor":33.0,"turns":13.0},{"damage":4.0,"enemies":"3 Shapes","floor":35.0,"turns":4.0},{"damage":29.0,"enemies":"Mind Bloom Boss Battle","floor":37.0,"turns":7.0},{"damage":10.0,"enemies":"Orb Walker","floor":39.0,"turns":4.0},{"damage":31.0,"enemies":"Nemesis","floor":46.0,"turns":11.0},{"damage":13.0,"enemies":"Writhing Mass","floor":47.0,"turns":8.0},{"damage":0.0,"enemies":"Giant Head","floor":48.0,"turns":6.0},{"damage":41,"enemies":"Donu and Deca","floor":50,"turns":8},{"damage":72,"enemies":"Shield and Spear","floor":54,"turns":3}],"seed_played":"-4301346350784304962","potions_obtained":[{"floor":6.0,"key":"FocusPotion"},{"floor":11.0,"key":"AttackPotion"},{"floor":12.0,"key":"SneckoOil"},{"floor":14.0,"key":"Weak Potion"},{"floor":16.0,"key":"Fire Potion"},{"floor":18.0,"key":"Energy Potion"},{"floor":19.0,"key":"Explosive Potion"},{"floor":29.0,"key":"SneckoOil"},{"floor":35.0,"key":"GamblersBrew"},{"floor":48.0,"key":"LiquidBronze"}],"is_trial":false,"path_per_floor":["M","$","?","M","M","E","R","$","T","R","E","M","E","M","R","B",null,"M","M","?","M","$","E","M","R","T","R","$","E","R","?","R","B",null,"M","$","?","?","M","?","R","?","T","?","R","E","M","E","R","B",null,"R","$","E"],"character_chosen":"DEFECT","items_purchased":["Compile Driver","PreservedInsect","Self Repair","Apotheosis","Ball Lightning","Glacier","Art of War"],"campfire_rested":3,"item_purchase_floors":[2,2,8,22,36,53,53],"current_hp_per_floor":[52,52,52,51,51,39,39,39,39,39,34,34,38,45,45,41,67,65,44,44,50,50,33,7,31,31,31,31,14,38,38,62,33,70,66,66,71,71,61,61,61,61,61,61,61,44,38,52,52,11,71,71,71,0],"gold":38,"neow_bonus":"HUNDRED_GOLD","is_prod":false,"is_daily":false,"chose_seed":false,"campfire_upgraded":7,"win_rate":0,"timestamp":1557069239,"path_taken":["M","$","?","M","M","E","R","?","T","R","E","M","E","M","R","BOSS","M","M","?","?","$","E","M","R","T","R","$","E","R","?","R","BOSS","M","$","?","?","M","?","R","?","T","?","R","E","M","E","R","BOSS","R","$","E"],"build_version":"2019-01-23","purchased_purges":1,"victory":false,"max_hp_per_floor":[75,75,75,75,75,75,75,75,75,75,75,75,75,75,75,75,75,75,75,75,75,75,82,82,82,82,82,82,82,82,82,82,82,82,82,82,96,96,96,96,96,96,96,91,91,91,91,91,91,91,91,91,91,91],"card_choices":[{"not_picked":["Stack","Barrage"],"picked":"Capacitor","floor":1.0},{"not_picked":["Lockon","Sweeping Beam"],"picked":"Undo","floor":4.0},{"not_picked":["Gash","Blizzard"],"picked":"Fusion","floor":5.0},{"not_picked":["Beam Cell","Reinforced Body"],"picked":"Conserve Battery","floor":6.0},{"not_picked":["Hologram","Conserve Battery","Gash"],"picked":"Electrodynamics","floor":11.0},{"not_picked":["Scrape","Reprogram","Rebound"],"picked":"Go for the Eyes","floor":12.0},{"not_picked":["Turbo","Compile Driver","Go for the Eyes"],"picked":"Cold Snap","floor":13.0},{"not_picked":["Cold Snap","Sweeping Beam","Barrage"],"picked":"Conserve Battery","floor":14.0},{"not_picked":["Hyperbeam","Creative AI","All For One"],"picked":"Echo Form","floor":16.0},{"not_picked":["Coolheaded","Leap","Capacitor"],"picked":"Defragment+1","floor":18.0},{"not_picked":["Conserve Battery","Hello World+1","Capacitor"],"picked":"Chill","floor":19.0},{"not_picked":["Sweeping Beam","Fusion","Cold Snap"],"picked":"Fission","floor":21.0},{"not_picked":["Streamline","Reboot","Conserve Battery"],"picked":"Defragment","floor":23.0},{"not_picked":["Rebound+1","Storm","Beam Cell"],"picked":"Leap","floor":24.0},{"not_picked":["Go for the Eyes","Amplify","Gash","Genetic Algorithm"],"picked":"SKIP","floor":29.0},{"not_picked":["Rebound","Coolheaded","Compile Driver","Streamline"],"picked":"SKIP","floor":35.0},{"not_picked":["Ball Lightning+1","Streamline+1","Cold Snap"],"picked":"Barrage+1","floor":37.0},{"not_picked":["Stack","Self Repair","Darkness"],"picked":"White Noise+1","floor":39.0},{"not_picked":["Jack Of All Trades","Apotheosis","Metamorphosis"],"picked":"Thinking Ahead","floor":40.0},{"not_picked":["Melter+1","Rebound","Go for the Eyes"],"picked":"Reinforced Body","floor":46.0},{"not_picked":["Storm+1","Conserve Battery","Rebound","Scrape"],"picked":"SKIP","floor":47.0},{"not_picked":["Hologram","Hello World","Gash"],"picked":"Core Surge","floor":48.0}],"player_experience":524861,"relics_obtained":[{"floor":6.0,"key":"Question Card"},{"floor":9.0,"key":"Orichalcum"},{"floor":11.0,"key":"Anchor"},{"floor":13.0,"key":"Potion Belt"},{"floor":23.0,"key":"Strawberry"},{"floor":29.0,"key":"Happy Flower"},{"floor":37.0,"key":"Mango"},{"floor":43.0,"key":"Bottled Lightning"},{"floor":46.0,"key":"Lantern"},{"floor":48.0,"key":"Dodecahedron"}],"event_choices":[{"damage_healed":0.0,"max_hp_gain":0.0,"max_hp_loss":0.0,"gold_gain":0.0,"event_name":"Match and Keep!","player_choice":"1 cards matched","floor":3.0,"gold_loss":0.0,"damage_taken":0.0,"cards_obtained":["Biased Cognition"]},{"damage_healed":0.0,"max_hp_gain":0.0,"max_hp_loss":0.0,"gold_gain":0.0,"event_name":"FaceTrader","player_choice":"Leave","floor":20.0,"gold_loss":0.0,"damage_taken":0.0},{"damage_healed":0.0,"max_hp_gain":0.0,"max_hp_loss":0.0,"gold_gain":0.0,"event_name":"Cursed Tome","player_choice":"Ignored","floor":31.0,"gold_loss":0.0,"damage_taken":0.0},{"damage_healed":0.0,"max_hp_gain":0.0,"max_hp_loss":0.0,"gold_gain":0.0,"event_name":"MindBloom","player_choice":"Fight","floor":37.0,"gold_loss":0.0,"damage_taken":0.0},{"cards_removed":["Apotheosis"],"damage_healed":0.0,"max_hp_gain":0.0,"max_hp_loss":0.0,"gold_gain":0.0,"event_name":"Falling","player_choice":"Removed Skill","floor":38.0,"gold_loss":0.0,"damage_taken":0.0},{"damage_healed":0.0,"max_hp_gain":0.0,"max_hp_loss":0.0,"gold_gain":0.0,"event_name":"SensoryStone","player_choice":"Memory 1","floor":40.0,"gold_loss":0.0,"damage_taken":0.0},{"damage_healed":0.0,"max_hp_gain":0.0,"max_hp_loss":0.0,"gold_gain":0.0,"event_name":"Mysterious Sphere","player_choice":"Ignored","floor":42.0,"gold_loss":0.0,"damage_taken":0.0},{"damage_healed":0.0,"max_hp_gain":0.0,"max_hp_loss":5.0,"gold_gain":0.0,"event_name":"Winding Halls","player_choice":"Max HP","floor":44.0,"gold_loss":0.0,"damage_taken":0.0}],"is_beta":false,"boss_relics":[{"not_picked":["Pandora\u0027s Box","Calling Bell"],"picked":"Empty Cage"},{"not_picked":["Coffee Dripper","Snecko Eye"],"picked":"Inserter"}],"items_purged_floors":[28],"is_endless":false,"potions_floor_spawned":[6,11,12,14,16,18,19,29,35,48],"killed_by":"Shield and Spear","ascension_level":13}