{"gold_per_floor":[115,190,204,204,204,204,219,219,219,219,239,250,250,285,285,384,384,399,414,434,434,434,434,434,446,446,462,184,197,231,231,231,328,328,348,348,348,359,81,106,106,121,121,141,155,55,0,19,19,19],"floor_reached":51,"playtime":2018,"items_purged":["Strike_R","Defend_R","Strike_R"],"score":799,"play_id":"75ff7537-1f25-4995-a9eb-75450326aa41","local_time":"20181206160125","is_ascension_mode":false,"campfire_choices":[{"data":"Bash","floor":6,"key":"SMITH"},{"data":"True Grit","floor":8,"key":"SMITH"},{"data":"Flame Barrier","floor":10,"key":"SMITH"},{"data":"Limit Break","floor":15,"key":"SMITH"},{"data":"Flex","floor":23,"key":"SMITH"},{"data":"Flame Barrier","floor":32,"key":"SMITH"},{"data":"Transmutation","floor":41,"key":"SMITH"},{"floor":49,"key":"REST"}],"neow_cost":"NONE","seed_source_timestamp":1221238274900434,"circlet_count":0,"master_deck":["Strike_R","Strike_R","Defend_R","Defend_R","Defend_R","Bash+1","Dramatic Entrance","Flex+1","Flame Barrier+1","True Grit+1","Inflame+1","Limit Break+1","Feed","Flame Barrier+1","Transmutation+1","Swift Strike","Twin Strike+1","Armaments+1","Parasite","Disarm+1"],"relics":["Burning Blood","Pear","Ornamental Fan","The Courier","Busted Crown","Centennial Puzzle","Dodecahedron","Kunai","Sundial","MutagenicStrength","Velvet Choker","Bottled Lightning","Art of War","Torii","Red Mask"],"potions_floor_usage":[16,18,25,27,30,33,40,45,48],"damage_taken":[{"damage":0,"enemies":"Small Slimes","floor":1,"turns":2},{"damage":8,"enemies":"Cultist","floor":3,"turns":5},{"damage":11,"enemies":"Jaw Worm","floor":7,"turns":3},{"damage":3,"enemies":"Lots of Slimes","floor":11,"turns":3},{"damage":14,"enemies":"Large Slime","floor":12,"turns":6},{"damage":16,"enemies":"Gremlin Nob","floor":14,"turns":4},{"damage":19,"enemies":"Slime Boss","floor":16,"turns":7},{"damage":6,"enemies":"Chosen","floor":18,"turns":4},{"damage":18,"enemies":"2 Thieves","floor":19,"turns":4},{"damage":8,"enemies":"Snecko","floor":20,"turns":5},{"damage":5,"enemies":"Centurion and Healer","floor":25,"turns":4},{"damage":20,"enemies":"Sentry and Sphere","floor":27,"turns":4},{"damage":0,"enemies":"Shelled Parasite and Fungi","floor":29,"turns":6},{"damage":10,"enemies":"Slavers","floor":30,"turns":4},{"damage":55,"enemies":"Champ","floor":33,"turns":7},{"damage":7,"enemies":"3 Shapes","floor":35,"turns":5},{"damage":20,"enemies":"3 Darklings","floor":38,"turns":8},{"damage":38,"enemies":"Nemesis","floor":40,"turns":5},{"damage":0,"enemies":"Transient","floor":42,"turns":5},{"damage":31,"enemies":"Jaw Worm Horde","floor":44,"turns":4},{"damage":7,"enemies":"Writhing Mass","floor":45,"turns":7},{"damage":0,"enemies":"Sphere and 2 Shapes","floor":48,"turns":3},{"damage":77,"enemies":"Time Eater","floor":50,"turns":12}],"seed_played":"3603087152418941772","potions_obtained":[{"floor":1,"key":"Strength Potion"},{"floor":12,"key":"Strength Potion"},{"floor":14,"key":"Regen Potion"},{"floor":16,"key":"Regen Potion"},{"floor":20,"key":"Swift Potion"},{"floor":25,"key":"Ancient Potion"},{"floor":29,"key":"AttackPotion"},{"floor":42,"key":"SpeedPotion"},{"floor":44,"key":"Weak Potion"},{"floor":45,"key":"AttackPotion"}],"is_trial":false,"path_per_floor":["M","?","M","?","?","R","M","R","T","R","M","M","?","E","R","B",null,"M","M","M","?","?","R","?","M","T","M","$","M","E","?","R","B",null,"M","?","?","M","$","E","R","M","T","M","M","$","?","M","R","B",null],"character_chosen":"IRONCLAD","items_purchased":["Kunai","Flame Barrier","Bottled Lightning"],"campfire_rested":1,"item_purchase_floors":[28,28,39],"current_hp_per_floor":[80,69,67,72,82,82,77,77,77,77,80,72,72,62,62,49,95,98,89,87,87,87,87,87,100,100,86,86,95,94,94,94,45,110,112,112,102,88,88,70,70,76,76,54,53,53,53,62,97,26],"gold":19,"neow_bonus":"RANDOM_COLORLESS","is_prod":false,"is_daily":false,"chose_seed":false,"campfire_upgraded":7,"win_rate":0,"timestamp":1544140885,"path_taken":["M","?","M","?","?","R","M","R","T","R","?","M","?","E","R","BOSS","M","M","?","?","?","R","?","?","T","M","$","M","E","?","R","BOSS","M","?","?","M","?","E","R","M","T","M","M","$","?","M","R","BOSS"],"build_version":"2018-11-15","purchased_purges":3,"victory":true,"max_hp_per_floor":[80,80,80,85,95,95,95,95,95,95,95,95,95,95,95,95,95,98,101,101,101,101,101,101,104,104,104,104,107,110,110,110,110,110,113,113,113,113,113,113,113,113,113,116,116,116,116,119,119,119],"card_choices":[{"not_picked":["Headbutt","Cleave"],"picked":"Flex","floor":1},{"not_picked":["Wild Strike","Blood for Blood"],"picked":"Flame Barrier","floor":3},{"not_picked":["Wild Strike","Entrench"],"picked":"True Grit","floor":7},{"not_picked":["Impervious","Clash"],"picked":"Inflame","floor":11},{"not_picked":["Cleave","Perfected Strike","Combust"],"picked":"SKIP","floor":12},{"not_picked":["True Grit","Rampage"],"picked":"Limit Break","floor":14},{"not_picked":["Brutality","Berserk"],"picked":"Feed","floor":16},{"not_picked":["Havoc+1"],"picked":"SKIP","floor":18},{"not_picked":["Pommel Strike"],"picked":"SKIP","floor":19},{"not_picked":["Reckless Charge"],"picked":"SKIP","floor":20},{"not_picked":["Thunderclap"],"picked":"SKIP","floor":25},{"not_picked":["Bloodletting+1"],"picked":"SKIP","floor":27},{"not_picked":["Intimidate"],"picked":"SKIP","floor":29},{"not_picked":["Hemokinesis"],"picked":"SKIP","floor":30},{"not_picked":["Clothesline"],"picked":"SKIP","floor":35},{"not_picked":[],"picked":"Transmutation","floor":37},{"not_picked":[],"picked":"Swift Strike","floor":37},{"not_picked":[],"picked":"Twin Strike+1","floor":38},{"not_picked":["Rage"],"picked":"SKIP","floor":40},{"not_picked":["Searing Blow+1"],"picked":"SKIP","floor":42},{"not_picked":[],"picked":"Armaments+1","floor":44},{"not_picked":["Heavy Blade"],"picked":"SKIP","floor":45},{"not_picked":[],"picked":"Disarm+1","floor":48}],"player_experience":342898,"relics_obtained":[{"floor":5,"key":"Pear"},{"floor":9,"key":"Ornamental Fan"},{"floor":14,"key":"The Courier"},{"floor":26,"key":"Dodecahedron"},{"floor":30,"key":"Sundial"},{"floor":40,"key":"Art of War"},{"floor":43,"key":"Torii"}],"event_choices":[{"damage_healed":0,"gold_gain":75,"player_choice":"Gather Gold","damage_taken":11,"max_hp_gain":0,"max_hp_loss":0,"event_name":"World of Goop","floor":2,"gold_loss":0},{"damage_healed":0,"gold_gain":0,"player_choice":"Donut","damage_taken":0,"max_hp_gain":5,"max_hp_loss":0,"event_name":"Big Fish","floor":4,"gold_loss":0},{"damage_healed":0,"gold_gain":0,"player_choice":"Relic","damage_taken":0,"max_hp_gain":0,"max_hp_loss":0,"event_name":"Wheel of Change","floor":5,"gold_loss":0},{"damage_healed":0,"gold_gain":0,"player_choice":"Forge","damage_taken":0,"max_hp_gain":0,"max_hp_loss":0,"event_name":"Accursed Blacksmith","floor":13,"gold_loss":0,"cards_upgraded":["Inflame"]},{"damage_healed":0,"gold_gain":0,"player_choice":"Ignored","damage_taken":0,"max_hp_gain":0,"max_hp_loss":0,"event_name":"Ghosts","floor":21,"gold_loss":0},{"damage_healed":0,"gold_gain":0,"player_choice":"Opened","damage_taken":0,"relics_obtained":["Centennial Puzzle"],"max_hp_gain":0,"max_hp_loss":0,"event_name":"The Mausoleum","floor":22,"gold_loss":0},{"damage_healed":0,"gold_gain":0,"player_choice":"Got Potions","damage_taken":0,"max_hp_gain":0,"max_hp_loss":0,"event_name":"Lab","floor":24,"gold_loss":0},{"damage_healed":0,"gold_gain":0,"player_choice":"Inject Mutagens","damage_taken":0,"relics_obtained":["MutagenicStrength"],"max_hp_gain":0,"max_hp_loss":0,"event_name":"Drug Dealer","floor":31,"gold_loss":0},{"cards_removed":["Strike_R"],"damage_healed":0,"gold_gain":0,"player_choice":"Removed Attack","damage_taken":0,"max_hp_gain":0,"max_hp_loss":0,"event_name":"Falling","floor":36,"gold_loss":0},{"damage_healed":0,"gold_gain":0,"player_choice":"Memory 3","damage_taken":10,"max_hp_gain":0,"max_hp_loss":0,"event_name":"SensoryStone","floor":37,"gold_loss":0},{"damage_healed":0,"gold_gain":0,"player_choice":"Paid","damage_taken":0,"relics_obtained":["Red Mask"],"max_hp_gain":0,"max_hp_loss":0,"event_name":"Tomb of Lord Red Mask","floor":47,"gold_loss":55}],"is_beta":false,"boss_relics":[{"not_picked":["Philosopher\u0027s Stone","Fusion Hammer"],"picked":"Busted Crown"},{"not_picked":["Tiny House","Pandora\u0027s Box"],"picked":"Velvet Choker"}],"items_purged_floors":[28,39,46],"is_endless":false,"potions_floor_spawned":[1,12,14,16,20,25,29,42,44,45],"ascension_level":0}