{"gold_per_floor":[364,384,78,29,61,111,111,142,142,172,172,217,247,43,43,138,138,149,149,185,219,239,239,239,239,263,288,203,128,146,176,176,276,276,289,306,340,340,17,17,51,51,51,61,87,102,102,450,450,450,450,450,3,36,36],"floor_reached":55,"playtime":5620,"items_purged":["Strike_B"],"score":828,"play_id":"1c997912-a9b4-4dd9-9f52-f742bef2c231","local_time":"20190323130320","is_ascension_mode":true,"campfire_choices":[{"floor":7.0,"key":"REST"},{"data":"Defragment","floor":15.0,"key":"SMITH"},{"floor":23,"key":"REST"},{"data":"Coolheaded","floor":25,"key":"SMITH"},{"floor":32,"key":"REST"},{"floor":40,"key":"RECALL"},{"floor":42,"key":"REST"},{"floor":49,"key":"REST"},{"data":"Dualcast","floor":52,"key":"SMITH"}],"neow_cost":"TEN_PERCENT_HP_LOSS","seed_source_timestamp":0,"circlet_count":0,"master_deck":["Strike_B","Strike_B","Defend_B","Defend_B","Defend_B","Defend_B","Zap+1","Dualcast+1","Cold Snap","Steam","HandOfGreed","Bandage Up","Leap","Creative AI","Echo Form","Coolheaded+1","Cold Snap","Genetic Algorithm","Defragment+1","Electrodynamics","Reinforced Body+1","Melter","Rebound","Redo+1","Leap","Core Surge","Coolheaded+1","Cold Snap","Hyperbeam","Ball Lightning+1","Hologram+1","Streamline+1","Stack","Turbo","Defragment+1","Normality","Streamline+1","Ball Lightning+1","Conserve Battery","Doubt","Glacier+1","Rip and Tear+1","Hologram+1"],"special_seed":0,"relics":["Cracked Core","Sundial","Pantograph","Shuriken","Runic Capacitor","Sozu","Dream Catcher","Bag of Preparation","Tiny Chest","Cursed Key","Strange Spoon","Mummified Hand","Molten Egg 2","Frozen Egg 2","Old Coin","DataDisk","Mango","Bag of Marbles"],"potions_floor_usage":[41],"damage_taken":[{"damage":1.0,"enemies":"Cultist","floor":1.0,"turns":3.0},{"damage":3.0,"enemies":"Small Slimes","floor":2.0,"turns":2.0},{"damage":2.0,"enemies":"Jaw Worm","floor":5.0,"turns":2.0},{"damage":47.0,"enemies":"3 Sentries","floor":6.0,"turns":8.0},{"damage":1.0,"enemies":"Blue Slaver","floor":8.0,"turns":5.0},{"damage":4.0,"enemies":"Large Slime","floor":10.0,"turns":7.0},{"damage":10.0,"enemies":"Gremlin Nob","floor":12.0,"turns":5.0},{"damage":11.0,"enemies":"3 Louse","floor":13.0,"turns":4.0},{"damage":20.0,"enemies":"Hexaghost","floor":16.0,"turns":8.0},{"damage":8.0,"enemies":"Chosen","floor":18.0,"turns":4.0},{"damage":14.0,"enemies":"3 Byrds","floor":20.0,"turns":2.0},{"damage":0.0,"enemies":"Sentry and Sphere","floor":21.0,"turns":3.0},{"damage":27,"enemies":"Snake Plant","floor":22,"turns":4},{"damage":47,"enemies":"Book of Stabbing","floor":27,"turns":8},{"damage":6,"enemies":"Snecko","floor":30,"turns":7},{"damage":21,"enemies":"Collector","floor":33,"turns":13},{"damage":2,"enemies":"Orb Walker","floor":35,"turns":3},{"damage":12,"enemies":"3 Darklings","floor":36,"turns":3},{"damage":15,"enemies":"Jaw Worm Horde","floor":37,"turns":5},{"damage":17,"enemies":"Giant Head","floor":41,"turns":9},{"damage":12,"enemies":"4 Shapes","floor":44,"turns":2},{"damage":33,"enemies":"Nemesis","floor":45,"turns":7},{"damage":19,"enemies":"Maw","floor":46,"turns":7},{"damage":54,"enemies":"2 Orb Walkers","floor":48,"turns":4},{"damage":51,"enemies":"Awakened One","floor":50,"turns":19},{"damage":52,"enemies":"Shield and Spear","floor":54,"turns":10},{"damage":79,"enemies":"The Heart","floor":55,"turns":8}],"seed_played":"5831221471884999624","potions_obtained":[{"floor":5.0,"key":"Swift Potion"},{"floor":6.0,"key":"Weak Potion"},{"floor":8.0,"key":"SkillPotion"},{"floor":16.0,"key":"Energy Potion"}],"is_trial":false,"path_per_floor":["M","M","$","?","M","E","R","M","T","M","?","E","M","$","R","B",null,"M","?","M","M","M","R","?","R","T","E","?","?","M","T","R","B",null,"M","M","M","?","$","R","E","R","T","M","E","M","?","?","R","B",null,"R","$","E","B"],"character_chosen":"DEFECT","items_purchased":["HandOfGreed","Bandage Up","Leap","Runic Capacitor","Strange Spoon","Stack","DataDisk","Mango"],"campfire_rested":5,"item_purchase_floors":[3,3,3,14,39,39,53,53],"current_hp_per_floor":[67,64,64,64,66,21,41,44,44,48,48,38,31,31,31,40,68,64,64,50,54,31,51,51,51,51,8,8,8,6,6,26,34,68,66,54,43,43,43,43,34,54,54,46,17,2,68,22,42,20,68,68,82,46,0],"gold":36,"neow_bonus":"TWO_FIFTY_GOLD","is_prod":false,"is_daily":false,"chose_seed":false,"campfire_upgraded":3,"win_rate":0,"timestamp":1553313800,"path_taken":["M","?","$","?","M","E","R","M","T","M","?","E","M","$","R","BOSS","M","?","M","M","M","R","?","R","T","E","?","?","M","?","R","BOSS","M","M","M","?","$","R","E","R","T","M","E","M","?","?","R","BOSS","R","$","E","BOSS"],"build_version":"2019-01-23","purchased_purges":1,"victory":false,"max_hp_per_floor":[68,68,68,68,68,68,68,68,68,68,68,68,68,68,68,68,68,68,68,68,68,68,68,68,68,68,68,68,68,68,68,68,68,68,68,68,68,68,68,68,68,68,68,68,68,68,68,68,68,68,68,68,82,82,82],"card_choices":[{"not_picked":["Sweeping Beam","Rip and Tear"],"picked":"Cold Snap","floor":1.0},{"not_picked":["Compile Driver","Capacitor"],"picked":"Steam","floor":2.0},{"not_picked":["Reinforced Body","Sweeping Beam"],"picked":"Creative AI","floor":5.0},{"not_picked":["Hologram","Redo"],"picked":"Echo Form","floor":6.0},{"not_picked":["Stack","Leap"],"picked":"Coolheaded","floor":8.0},{"not_picked":["Streamline","Skim"],"picked":"Cold Snap","floor":10.0},{"not_picked":["Coolheaded","Force Field"],"picked":"Genetic Algorithm","floor":12.0},{"not_picked":["White Noise","Rip and Tear"],"picked":"Defragment","floor":13.0},{"not_picked":["Core Surge","Rainbow"],"picked":"Electrodynamics","floor":16.0},{"not_picked":["Reprogram","Hologram"],"picked":"Reinforced Body+1","floor":18.0},{"not_picked":["Ball Lightning","Undo"],"picked":"Rebound","floor":20.0},{"not_picked":["Self Repair+1","FTL+1"],"picked":"Redo+1","floor":21},{"not_picked":["Storm","Rebound"],"picked":"Leap","floor":22},{"not_picked":["Barrage","Lockon"],"picked":"Core Surge","floor":27},{"not_picked":["Leap","Recycle"],"picked":"Coolheaded+1","floor":30},{"not_picked":["Melter","Rebound"],"picked":"Cold Snap","floor":32},{"not_picked":["Buffer","Core Surge"],"picked":"Hyperbeam","floor":33},{"not_picked":["Reinforced Body","Defragment"],"picked":"Ball Lightning+1","floor":35},{"not_picked":["Gash","Leap+1"],"picked":"Hologram+1","floor":36},{"not_picked":["Hologram","Beam Cell+1"],"picked":"Streamline+1","floor":37},{"not_picked":["Streamline","Barrage"],"picked":"Turbo","floor":41},{"not_picked":["Redo","Coolheaded"],"picked":"Defragment+1","floor":42},{"not_picked":["Loop+1","Sweeping Beam+1"],"picked":"Streamline+1","floor":44},{"not_picked":["All For One+1","Sunder+1"],"picked":"Ball Lightning+1","floor":45},{"not_picked":["Ball Lightning+1","Blizzard+1"],"picked":"Conserve Battery","floor":46},{"not_picked":["Coolheaded","Chaos+1"],"picked":"Glacier+1","floor":48},{"not_picked":["Gash+1","Electrodynamics+1"],"picked":"Rip and Tear+1","floor":49},{"not_picked":["Compile Driver+1","Conserve Battery+1"],"picked":"Hologram+1","floor":54}],"player_experience":133334,"relics_obtained":[{"floor":6.0,"key":"Sundial"},{"floor":9.0,"key":"Pantograph"},{"floor":12.0,"key":"Shuriken"},{"floor":27,"key":"Dream Catcher"},{"floor":31,"key":"Tiny Chest"},{"floor":41,"key":"Mummified Hand"},{"floor":43,"key":"Molten Egg 2"},{"floor":45,"key":"Frozen Egg 2"},{"floor":48,"key":"Old Coin"},{"floor":54,"key":"Bag of Marbles"}],"event_choices":[{"damage_healed":0.0,"max_hp_gain":0.0,"max_hp_loss":0.0,"gold_gain":0.0,"event_name":"World of Goop","player_choice":"Left Gold","floor":4.0,"gold_loss":49.0,"damage_taken":0.0},{"damage_healed":0.0,"max_hp_gain":0.0,"max_hp_loss":0.0,"gold_gain":0.0,"event_name":"Living Wall","player_choice":"Grow","floor":11.0,"gold_loss":0.0,"damage_taken":0.0,"cards_upgraded":["Zap"]},{"damage_healed":0.0,"max_hp_gain":0.0,"max_hp_loss":0.0,"gold_gain":0.0,"event_name":"The Library","player_choice":"Read","floor":19.0,"gold_loss":0.0,"damage_taken":0.0,"cards_obtained":["Melter"]},{"damage_healed":0,"gold_gain":0,"player_choice":"Ignored","damage_taken":0,"max_hp_gain":0,"max_hp_loss":0,"event_name":"Ghosts","floor":24,"gold_loss":0},{"damage_healed":0,"gold_gain":0,"player_choice":"Obtained Relic","damage_taken":0,"relics_obtained":["Bag of Preparation"],"max_hp_gain":0,"max_hp_loss":0,"event_name":"Addict","floor":28,"gold_loss":85},{"cards_removed":["Strike_B"],"damage_healed":0,"gold_gain":0,"player_choice":"Gave Gold","damage_taken":0,"max_hp_gain":0,"max_hp_loss":0,"event_name":"Beggar","floor":29,"gold_loss":75},{"damage_healed":0,"gold_gain":0,"player_choice":"Ignored","damage_taken":0,"max_hp_gain":0,"max_hp_loss":0,"event_name":"Tomb of Lord Red Mask","floor":38,"gold_loss":0},{"damage_healed":66,"gold_gain":0,"player_choice":"Heal","damage_taken":0,"max_hp_gain":0,"max_hp_loss":0,"event_name":"MindBloom","floor":47,"gold_loss":0,"cards_obtained":["Doubt"]},{"damage_healed":0,"gold_gain":0,"player_choice":"Fight","damage_taken":0,"max_hp_gain":0,"max_hp_loss":0,"event_name":"Mysterious Sphere","floor":48,"gold_loss":0}],"is_beta":false,"boss_relics":[{"not_picked":["Runic Pyramid","Astrolabe"],"picked":"Sozu"},{"not_picked":["Snecko Eye","Velvet Choker"],"picked":"Cursed Key"}],"items_purged_floors":[39],"is_endless":false,"potions_floor_spawned":[5,6,8,16,18,27,37,41,44,48],"killed_by":"The Heart","ascension_level":2}