{"gold_per_floor":[116,134,150,3,3,38,38,78,78,121,121,139,159,159,159,252,252,273,31,31,45,58,58,94,94],"floor_reached":25,"playtime":2092,"items_purged":[],"score":422,"play_id":"30aa68fc-6a85-41d9-929f-d1e4f50696f4","local_time":"20190330203943","is_ascension_mode":true,"campfire_choices":[{"data":"Streamline","floor":7,"key":"SMITH"},{"data":"Zap","floor":11,"key":"SMITH"},{"floor":15,"key":"REST"},{"floor":23,"key":"REST"}],"neow_cost":"NONE","seed_source_timestamp":1648475821994285,"circlet_count":0,"master_deck":["AscendersBane","Strike_B","Strike_B","Strike_B","Strike_B","Defend_B","Defend_B","Defend_B","Defend_B","Zap+1","Dualcast","Streamline+1","Gash","Coolheaded+1","Injury","Rip and Tear","Glacier","Beam Cell","FTL","Hologram","Parasite","Electrodynamics","Go for the Eyes","Gash","Hologram","Leap+1","Steam","Chill"],"relics":["Cracked Core","PreservedInsect","Golden Idol","Sundial","Letter Opener","Cables","Regal Pillow","Black Star","Vajra","War Paint","Bottled Tornado"],"potions_floor_usage":[6,8,8,10,24],"damage_taken":[{"damage":1,"enemies":"Cultist","floor":1,"turns":3},{"damage":7,"enemies":"Jaw Worm","floor":2,"turns":2},{"damage":0,"enemies":"Small Slimes","floor":3,"turns":3},{"damage":17,"enemies":"3 Sentries","floor":6,"turns":4},{"damage":4,"enemies":"Gremlin Nob","floor":8,"turns":3},{"damage":2,"enemies":"3 Sentries","floor":10,"turns":4},{"damage":0,"enemies":"Exordium Wildlife","floor":12,"turns":2},{"damage":30,"enemies":"Gremlin Gang","floor":13,"turns":4},{"damage":44,"enemies":"The Guardian","floor":16,"turns":13},{"damage":12,"enemies":"Spheric Guardian","floor":18,"turns":4},{"damage":37,"enemies":"3 Byrds","floor":21,"turns":4},{"damage":9,"enemies":"Snecko","floor":22,"turns":4},{"damage":28,"enemies":"Book of Stabbing","floor":24,"turns":7},{"damage":17,"enemies":"Centurion and Healer","floor":25,"turns":1}],"seed_played":"9017104935469885972","potions_obtained":[{"floor":2,"key":"FocusPotion"},{"floor":3,"key":"GamblersBrew"},{"floor":6,"key":"Block Potion"},{"floor":8,"key":"Block Potion"},{"floor":13,"key":"Ancient Potion"},{"floor":22,"key":"GamblersBrew"}],"is_trial":false,"path_per_floor":["M","M","M","$","?","E","R","E","T","E","R","M","M","?","R","B",null,"M","$","?","M","M","R","E","M"],"character_chosen":"DEFECT","items_purchased":["PreservedInsect","Gash","Hologram","Vajra"],"campfire_rested":2,"item_purchase_floors":[4,19,19,19],"current_hp_per_floor":[70,63,63,63,63,46,46,42,42,40,40,40,10,29,67,23,64,52,52,52,15,6,44,16,0],"gold":94,"neow_bonus":"TEN_PERCENT_HP_BONUS","is_prod":false,"is_daily":false,"chose_seed":false,"campfire_upgraded":2,"win_rate":0,"timestamp":1553978383,"path_taken":["M","?","M","$","?","E","R","E","T","E","R","M","M","?","R","BOSS","M","$","?","M","M","R","E","M"],"build_version":"2019-01-23","purchased_purges":0,"victory":false,"max_hp_per_floor":[78,78,78,78,78,78,78,78,78,78,78,78,78,78,78,78,78,78,78,78,78,78,78,78,78],"card_choices":[{"not_picked":["Coolheaded","Steam Power"],"picked":"Streamline","floor":1},{"not_picked":["Redo","Double Energy"],"picked":"Gash","floor":2},{"not_picked":["Static Discharge","Consume"],"picked":"Coolheaded","floor":3},{"not_picked":["Coolheaded","Force Field"],"picked":"Rip and Tear","floor":6},{"not_picked":["Hologram","Ball Lightning"],"picked":"Glacier","floor":8},{"not_picked":["Rebound","Recycle"],"picked":"Beam Cell","floor":10},{"not_picked":["Amplify","Turbo"],"picked":"FTL","floor":12},{"not_picked":["Compile Driver","Rebound"],"picked":"Hologram","floor":13},{"not_picked":["Amplify","Thunder Strike"],"picked":"Electrodynamics","floor":16},{"not_picked":["Sweeping Beam","Glacier"],"picked":"Go for the Eyes","floor":18},{"not_picked":["Glacier+1","Redo"],"picked":"Leap","floor":21},{"not_picked":["Compile Driver","Turbo"],"picked":"Steam","floor":22},{"not_picked":["Steam+1","Sunder"],"picked":"Chill","floor":24}],"player_experience":1674654,"relics_obtained":[{"floor":6,"key":"Sundial"},{"floor":8,"key":"Letter Opener"},{"floor":9,"key":"Cables"},{"floor":10,"key":"Regal Pillow"},{"floor":24,"key":"War Paint"},{"floor":24,"key":"Bottled Tornado"}],"event_choices":[{"damage_healed":0,"gold_gain":0,"player_choice":"Take Wound","damage_taken":0,"relics_obtained":["Golden Idol"],"max_hp_gain":0,"max_hp_loss":0,"event_name":"Golden Idol","floor":5,"gold_loss":0,"cards_obtained":["Injury"]},{"damage_healed":19,"gold_gain":0,"player_choice":"Healed and dodged fight","damage_taken":0,"max_hp_gain":0,"max_hp_loss":0,"event_name":"Mushrooms","floor":14,"gold_loss":0,"cards_obtained":["Parasite"]}],"is_beta":false,"boss_relics":[{"not_picked":["Ectoplasm","White Beast Statue"],"picked":"Black Star"}],"items_purged_floors":[],"is_endless":false,"potions_floor_spawned":[2,3,6,8,13,22],"killed_by":"Centurion and Healer","ascension_level":15}