{"gold_per_floor":[113,133,133,39,214,214,248,248,248,248,248,273,223,42,42,166,166,180,180,27,27,27,27,45,84,107,38,38,58,58,89,89,209,209,227,227,242,65,65,89,89,113,137,218,111,111],"floor_reached":46,"playtime":1817,"items_purged":["Strike_G","Shame"],"score":619,"play_id":"5c3a251e-bd82-4bd2-a31f-af5e059ca449","local_time":"20190411140811","is_ascension_mode":true,"campfire_choices":[{"data":"Noxious Fumes","floor":6,"key":"SMITH"},{"data":"Neutralize","floor":8,"key":"SMITH"},{"data":"Flying Knee","floor":11,"key":"SMITH"},{"data":"Skewer","floor":15,"key":"SMITH"},{"data":"Burst","floor":23,"key":"SMITH"},{"floor":28,"key":"REST"},{"data":"Escape Plan","floor":32,"key":"SMITH"},{"floor":41,"key":"REST"}],"neow_cost":"NONE","seed_source_timestamp":15066085709736,"circlet_count":0,"master_deck":["Defend_G+1","Defend_G+1","Defend_G+1","Defend_G+1","Defend_G+1","Strike_G+1","Strike_G+1","Strike_G+1","Strike_G+1","Survivor","Neutralize+1","Dagger Spray","Flying Knee+1","Noxious Fumes+1","Backflip+1","Blur","Poisoned Stab","Noxious Fumes+1","Skewer+1","Burst+1","Cloak And Dagger+1","Adrenaline","Escape Plan+1","Storm of Steel","Poisoned Stab","Footwork","Cloak And Dagger+1","Dagger Throw","Bouncing Flask","Deadly Poison"],"relics":["Ring of the Snake","NeowsBlessing","Golden Idol","Unceasing Top","Thread and Needle","GremlinMask","Sozu","Matryoshka","Ornamental Fan","Gremlin Horn","Snake Skull","Centennial Puzzle","Black Star","Anchor","War Paint","Darkstone Periapt"],"potions_floor_usage":[16],"damage_taken":[{"damage":0,"enemies":"Cultist","floor":1,"turns":1},{"damage":0,"enemies":"Jaw Worm","floor":2,"turns":1},{"damage":0,"enemies":"3 Sentries","floor":7,"turns":1},{"damage":0,"enemies":"2 Louse","floor":12,"turns":4},{"damage":26,"enemies":"The Guardian","floor":16,"turns":9},{"damage":0,"enemies":"Chosen","floor":18,"turns":5},{"damage":0,"enemies":"Shell Parasite","floor":24,"turns":5},{"damage":18,"enemies":"Slavers","floor":25,"turns":6},{"damage":0,"enemies":"Centurion and Healer","floor":29,"turns":5},{"damage":2,"enemies":"Book of Stabbing","floor":31,"turns":7},{"damage":51,"enemies":"Champ","floor":33,"turns":15},{"damage":26,"enemies":"3 Darklings","floor":35,"turns":5},{"damage":0,"enemies":"Orb Walker","floor":37,"turns":4},{"damage":9,"enemies":"Maw","floor":40,"turns":8},{"damage":19,"enemies":"Transient","floor":42,"turns":5},{"damage":16,"enemies":"Reptomancer","floor":46,"turns":2}],"seed_played":"2044175699990059850","potions_obtained":[{"floor":2,"key":"Dexterity Potion"},{"floor":12,"key":"Ancient Potion"}],"is_trial":false,"path_per_floor":["M","M","?","$","?","R","E","R","T","?","R","M","?","$","R","B",null,"M","?","$","?","?","R","M","E","T","$","R","M","$","E","R","B",null,"M","?","M","$","?","M","R","M","T","T","$","E"],"character_chosen":"THE_SILENT","items_purchased":["Noxious Fumes","Backflip","Noxious Fumes","Skewer","Adrenaline","Escape Plan","Footwork","Bouncing Flask","Deadly Poison"],"campfire_rested":2,"item_purchase_floors":[4,4,14,14,20,27,38,45,45],"current_hp_per_floor":[70,70,65,65,65,65,65,65,65,65,65,65,65,65,65,39,59,59,59,59,59,59,59,59,41,41,41,60,60,60,58,58,7,51,25,25,25,25,25,16,35,16,16,16,16,0],"gold":111,"neow_bonus":"THREE_ENEMY_KILL","is_prod":false,"is_daily":false,"chose_seed":false,"campfire_upgraded":6,"win_rate":0,"timestamp":1554984491,"path_taken":["M","M","?","?","?","R","E","R","T","?","R","?","?","$","R","BOSS","M","?","$","?","?","R","M","E","T","?","R","M","$","E","R","BOSS","M","?","?","$","?","M","R","M","T","?","?","E"],"build_version":"2019-01-23","purchased_purges":2,"victory":false,"max_hp_per_floor":[70,70,65,65,65,65,65,65,65,65,65,65,65,65,65,65,65,65,65,65,65,65,65,65,65,65,65,65,65,65,65,65,65,65,65,65,65,65,65,65,65,65,65,65,65,65],"card_choices":[{"not_picked":["Bane","Deflect"],"picked":"Dagger Spray","floor":1},{"not_picked":["Dash","PiercingWail"],"picked":"Flying Knee","floor":2},{"not_picked":["PiercingWail","Quick Slash"],"picked":"Blur","floor":7},{"not_picked":["Quick Slash","Bane"],"picked":"Poisoned Stab","floor":12},{"not_picked":["Storm of Steel","Tools of the Trade"],"picked":"Burst","floor":16},{"not_picked":["All Out Attack","Sucker Punch"],"picked":"Cloak And Dagger","floor":18},{"not_picked":["Prepared","Backflip","All Out Attack"],"picked":"SKIP","floor":24},{"not_picked":["Predator","Choke","Flying Knee"],"picked":"SKIP","floor":25},{"not_picked":["Dagger Spray","Catalyst","Deflect"],"picked":"SKIP","floor":29},{"not_picked":["All Out Attack","Flying Knee","Acrobatics"],"picked":"SKIP","floor":31},{"not_picked":["Doppelganger","Grand Finale"],"picked":"Storm of Steel","floor":33},{"not_picked":["Dagger Spray","Outmaneuver"],"picked":"Bane+1","floor":35},{"not_picked":["Underhanded Strike","Dagger Spray"],"picked":"Poisoned Stab","floor":37},{"not_picked":["Predator+1","Calculated Gamble+1"],"picked":"Cloak And Dagger+1","floor":40},{"not_picked":["Slice","Catalyst"],"picked":"Dagger Throw","floor":42}],"player_experience":293823,"relics_obtained":[{"floor":7,"key":"Unceasing Top"},{"floor":9,"key":"Thread and Needle"},{"floor":25,"key":"Ornamental Fan"},{"floor":26,"key":"Gremlin Horn"},{"floor":26,"key":"Snake Skull"},{"floor":31,"key":"Centennial Puzzle"},{"floor":43,"key":"Anchor"},{"floor":43,"key":"War Paint"},{"floor":44,"key":"Darkstone Periapt"}],"event_choices":[{"damage_healed":0,"gold_gain":0,"player_choice":"Lose Max HP","damage_taken":0,"relics_obtained":["Golden Idol"],"max_hp_gain":0,"max_hp_loss":5,"event_name":"Golden Idol","floor":3,"gold_loss":0},{"damage_healed":0,"gold_gain":175,"player_choice":"AGREE","damage_taken":0,"max_hp_gain":0,"max_hp_loss":0,"event_name":"Liars Game","floor":5,"gold_loss":0,"cards_obtained":["Doubt"]},{"damage_healed":0,"gold_gain":0,"player_choice":"Trade","damage_taken":0,"relics_obtained":["GremlinMask"],"max_hp_gain":0,"max_hp_loss":0,"event_name":"FaceTrader","floor":10,"gold_loss":0},{"cards_removed":["Doubt"],"damage_healed":0,"gold_gain":0,"player_choice":"Card Removal","damage_taken":0,"max_hp_gain":0,"max_hp_loss":0,"event_name":"The Cleric","floor":13,"gold_loss":50},{"damage_healed":0,"gold_gain":0,"player_choice":"Simplicity","damage_taken":0,"max_hp_gain":0,"max_hp_loss":0,"event_name":"Back to Basics","floor":19,"gold_loss":0,"cards_upgraded":["Defend_G","Defend_G","Defend_G","Defend_G","Defend_G","Strike_G","Strike_G","Strike_G","Strike_G"]},{"damage_healed":0,"gold_gain":0,"player_choice":"Ignored","damage_taken":0,"max_hp_gain":0,"max_hp_loss":0,"event_name":"Cursed Tome","floor":21,"gold_loss":0},{"damage_healed":0,"gold_gain":0,"player_choice":"Stole Relic","damage_taken":0,"relics_obtained":["Matryoshka"],"max_hp_gain":0,"max_hp_loss":0,"event_name":"Addict","floor":22,"gold_loss":0,"cards_obtained":["Shame"]},{"damage_healed":0,"gold_gain":0,"player_choice":"Upgraded","damage_taken":0,"max_hp_gain":0,"max_hp_loss":0,"event_name":"Upgrade Shrine","floor":36,"gold_loss":0,"cards_upgraded":["Noxious Fumes"]},{"cards_removed":["Bane"],"damage_healed":0,"gold_gain":0,"player_choice":"Removed Attack","damage_taken":0,"max_hp_gain":0,"max_hp_loss":0,"event_name":"Falling","floor":39,"gold_loss":0}],"is_beta":false,"boss_relics":[{"not_picked":["Snecko Eye","WristBlade"],"picked":"Sozu"},{"not_picked":["Pandora\u0027s Box","White Beast Statue"],"picked":"Black Star"}],"items_purged_floors":[14,38],"is_endless":false,"potions_floor_spawned":[2,12,18,25,31,35],"killed_by":"Reptomancer","ascension_level":5}