{"gold_per_floor":[12,12,22,22,41,41,75,90,90,90],"floor_reached":10,"playtime":350,"items_purged":[],"score":92,"play_id":"b019daac-0667-4d80-b83d-8e2d804daa3f","local_time":"20190420222101","is_ascension_mode":true,"campfire_choices":[{"data":"Zap","floor":6,"key":"SMITH"}],"neow_cost":"NO_GOLD","seed_source_timestamp":651869802389862,"circlet_count":0,"master_deck":["Strike_B","Strike_B","Strike_B","Defend_B","Defend_B","Defend_B","Defend_B","Zap+1","Dualcast","Undo","Leap","Gash","Self Repair","Turbo"],"relics":["Cracked Core","Calipers","Bottled Lightning","Singing Bowl"],"potions_floor_usage":[4,7,7],"damage_taken":[{"damage":0,"enemies":"2 Louse","floor":1,"turns":3},{"damage":2,"enemies":"Jaw Worm","floor":3,"turns":4},{"damage":1,"enemies":"Cultist","floor":5,"turns":4},{"damage":48,"enemies":"Gremlin Nob","floor":7,"turns":6},{"damage":2,"enemies":"3 Louse","floor":8,"turns":5},{"damage":20,"enemies":"Large Slime","floor":10,"turns":5}],"seed_played":"-4993044197466048920","potions_obtained":[{"floor":4,"key":"Fruit Juice"},{"floor":4,"key":"Energy Potion"},{"floor":4,"key":"SpeedPotion"},{"floor":8,"key":"Poison Potion"}],"is_trial":false,"path_per_floor":["M","?","M","?","M","R","E","M","T","M"],"character_chosen":"DEFECT","items_purchased":[],"campfire_rested":0,"item_purchase_floors":[],"current_hp_per_floor":[68,61,59,64,63,63,15,20,20,0],"gold":90,"neow_bonus":"ONE_RARE_RELIC","is_prod":false,"is_daily":false,"chose_seed":false,"campfire_upgraded":1,"win_rate":0,"timestamp":1555766461,"path_taken":["M","?","M","?","M","R","E","M","T","?"],"build_version":"2019-01-23","purchased_purges":0,"victory":false,"max_hp_per_floor":[75,75,75,80,80,80,80,80,80,80],"card_choices":[{"not_picked":["Cold Snap","Rebound"],"picked":"Undo","floor":1},{"not_picked":["Sweeping Beam","Steam"],"picked":"Leap","floor":3},{"not_picked":["Coolheaded","White Noise"],"picked":"Gash","floor":5},{"not_picked":["Storm","Aggregate"],"picked":"Self Repair","floor":7},{"not_picked":["Compile Driver","Sweeping Beam"],"picked":"Turbo","floor":8}],"player_experience":380660,"relics_obtained":[{"floor":7,"key":"Bottled Lightning"},{"floor":9,"key":"Singing Bowl"}],"event_choices":[{"cards_removed":["Strike_B"],"damage_healed":0,"gold_gain":0,"player_choice":"Card Removal","damage_taken":7,"max_hp_gain":0,"max_hp_loss":0,"event_name":"Golden Wing","floor":2,"gold_loss":0},{"damage_healed":0,"gold_gain":0,"player_choice":"Got Potions","damage_taken":0,"max_hp_gain":0,"max_hp_loss":0,"event_name":"Lab","floor":4,"gold_loss":0}],"is_beta":false,"boss_relics":[],"items_purged_floors":[],"is_endless":false,"potions_floor_spawned":[8],"killed_by":"Large Slime","ascension_level":7}