{"gold_per_floor":[111,129,129,145,164,164,164,164,242,263,188,206,224,257,257,383,383,406,425,425,440,463,463,501,516,566,590,620,620,620,647,647,647],"floor_reached":33,"playtime":3527,"items_purged":["Strike_G"],"score":393,"play_id":"f3300780-5c23-4a60-87b0-1932da8e20b6","local_time":"20180821201014","is_ascension_mode":true,"campfire_choices":[{"data":"Neutralize","floor":6,"key":"SMITH"},{"data":"Survivor","floor":8,"key":"SMITH"},{"floor":15,"key":"REST"},{"data":"Cloak And Dagger","floor":23,"key":"SMITH"},{"floor":29,"key":"REST"},{"floor":32,"key":"REST"}],"neow_cost":"NONE","seed_source_timestamp":282737290570781,"circlet_count":0,"master_deck":["Defend_G","Defend_G","Defend_G","Defend_G","Defend_G","Strike_G","Strike_G","Strike_G","Strike_G","Survivor+1","Neutralize+1","Flying Knee","Backflip","Noxious Fumes","Deflect","Backflip","Venomology","Glass Knife","Cloak And Dagger+1","Deadly Poison","Venomology","Backflip+1","Predator+1","Dodge and Roll","Noxious Fumes+1","Cloak And Dagger","Writhe","Night Terror"],"relics":["Ring of the Snake","Bloody Idol","Kunai","Ornamental Fan","Darkstone Periapt","White Beast Statue","Unceasing Top","Bag of Marbles","Tiny Chest","Peace Pipe"],"potions_floor_usage":[12,13,16,16,19,21,21,22,22,22,22,24,24,24,25,25,27,27,31,31,31,31],"damage_taken":[{"damage":25,"enemies":"Jaw Worm","floor":1,"turns":8},{"damage":0,"enemies":"2 Louse","floor":2,"turns":3},{"damage":1,"enemies":"Cultist","floor":4,"turns":5},{"damage":8,"enemies":"Exordium Thugs","floor":5,"turns":6},{"damage":4,"enemies":"Blue Slaver","floor":10,"turns":4},{"damage":12,"enemies":"Gremlin Gang","floor":12,"turns":6},{"damage":0,"enemies":"2 Fungi Beasts","floor":13,"turns":4},{"damage":10,"enemies":"Lagavulin","floor":14,"turns":12},{"damage":15,"enemies":"The Guardian","floor":16,"turns":13},{"damage":5,"enemies":"3 Byrds","floor":18,"turns":8},{"damage":5,"enemies":"Shell Parasite","floor":19,"turns":10},{"damage":19,"enemies":"Sentry and Sphere","floor":21,"turns":7},{"damage":5,"enemies":"3 Cultists","floor":22,"turns":7},{"damage":24,"enemies":"Slavers","floor":24,"turns":7},{"damage":3,"enemies":"Snecko","floor":25,"turns":10},{"damage":6,"enemies":"Snake Plant","floor":27,"turns":6},{"damage":22,"enemies":"Gremlin Leader","floor":31,"turns":8},{"damage":46,"enemies":"Automaton","floor":33,"turns":6}],"seed_played":"-975851493705019563","potions_obtained":[{"floor":1,"key":"GhostInAJar"},{"floor":12,"key":"AttackPotion"},{"floor":13,"key":"FairyPotion"},{"floor":14,"key":"Energy Potion"},{"floor":18,"key":"Regen Potion"},{"floor":19,"key":"Energy Potion"},{"floor":22,"key":"Fire Potion"},{"floor":24,"key":"Energy Potion"},{"floor":25,"key":"SkillPotion"},{"floor":27,"key":"PowerPotion"},{"floor":31,"key":"Fire Potion"}],"is_trial":false,"path_per_floor":["M","M","?","M","M","R","T","R","T","M","$","M","M","E","R","B",null,"M","M","?","M","M","R","E","M","T","M","?","R","?","E","R"],"character_chosen":"THE_SILENT","items_purchased":[],"campfire_rested":3,"item_purchase_floors":[],"current_hp_per_floor":[45,45,26,25,17,17,17,17,17,13,13,1,1,1,24,9,60,55,65,65,46,41,41,17,14,14,8,14,38,38,21,45,0],"gold":647,"neow_bonus":"TEN_PERCENT_HP_BONUS","is_prod":false,"is_daily":false,"chose_seed":false,"campfire_upgraded":3,"win_rate":0,"timestamp":1534907414,"path_taken":["M","M","?","?","M","R","?","R","T","M","$","M","M","E","R","BOSS","M","M","?","M","M","R","E","M","T","M","?","R","?","E","R","BOSS"],"build_version":"2018-08-16","purchased_purges":1,"victory":false,"max_hp_per_floor":[77,77,77,77,77,77,77,77,77,77,77,77,77,77,77,77,77,77,77,77,77,77,77,77,77,77,77,83,83,83,83,83,83],"card_choices":[{"not_picked":["Sucker Punch","Bane"],"picked":"Flying Knee","floor":1},{"not_picked":["Acrobatics","PiercingWail","Bane"],"picked":"SKIP","floor":2},{"not_picked":["Masterful Stab","Dodge and Roll"],"picked":"Backflip","floor":4},{"not_picked":["Underhanded Strike","Accuracy","Bane"],"picked":"SKIP","floor":5},{"not_picked":["Accuracy","Flying Knee"],"picked":"Noxious Fumes","floor":10},{"not_picked":["Deadly Poison","Reflex"],"picked":"Deflect","floor":12},{"not_picked":["Dagger Spray","Dodge and Roll"],"picked":"Backflip","floor":13},{"not_picked":["Acrobatics","Poisoned Stab"],"picked":"Venomology","floor":14},{"not_picked":["Doppelganger","Phantasmal Killer"],"picked":"Glass Knife","floor":16},{"not_picked":["Prepared","Dagger Spray"],"picked":"Cloak And Dagger","floor":18},{"not_picked":["Blade Dance","Backflip"],"picked":"Deadly Poison","floor":19},{"not_picked":["Finisher","Dagger Throw+1"],"picked":"Backflip+1","floor":21},{"not_picked":["Quick Slash","Bane"],"picked":"Predator+1","floor":22},{"not_picked":["Endless Agony","Accuracy"],"picked":"Dodge and Roll","floor":24},{"not_picked":["Acrobatics","Choke+1"],"picked":"Noxious Fumes+1","floor":25},{"not_picked":["Unload","PiercingWail"],"picked":"Cloak And Dagger","floor":27},{"not_picked":["Bane","Dash"],"picked":"Night Terror","floor":31}],"player_experience":126956,"relics_obtained":[{"floor":7,"key":"Kunai"},{"floor":9,"key":"Ornamental Fan"},{"floor":14,"key":"Darkstone Periapt"},{"floor":24,"key":"Unceasing Top"},{"floor":26,"key":"Bag of Marbles"},{"floor":31,"key":"Peace Pipe"}],"event_choices":[{"event_name":"Golden Idol","player_choice":"Take Damage","floor":3,"damage_taken":0},{"event_name":"Duplicator","player_choice":"One dupe","floor":20,"damage_taken":0},{"event_name":"The Mausoleum","player_choice":"Yes","floor":28,"damage_taken":0},{"event_name":"Forgotten Altar","player_choice":"Gave Idol","floor":30,"damage_taken":0}],"is_beta":false,"boss_relics":[{"not_picked":["Pandora\u0027s Box","Tiny House"],"picked":"White Beast Statue"}],"items_purged_floors":[11],"is_endless":false,"potions_floor_spawned":[1,12,13,14,18,19,21,22,24,25,27,31],"killed_by":"Automaton","ascension_level":7}