{"gold_per_floor":[119,145,157,45,120,120,146,146,146,71,71,99,116,148,148,248,298,314,39,56,70,70,105,116,116],"floor_reached":25,"playtime":966,"items_purged":["Strike_G"],"score":434,"play_id":"ebcc08ef-4e91-4079-a477-fd9d925ec36c","local_time":"20190417135503","is_ascension_mode":true,"campfire_choices":[{"data":"Noxious Fumes","floor":6,"key":"SMITH"},{"data":"Neutralize","floor":8,"key":"SMITH"},{"data":"Poisoned Stab","floor":11,"key":"SMITH"},{"data":"Noxious Fumes","floor":15,"key":"SMITH"}],"neow_cost":"NONE","seed_source_timestamp":354782882156688,"circlet_count":0,"master_deck":["AscendersBane","Defend_G","Defend_G","Defend_G","Defend_G","Defend_G","Strike_G","Strike_G","Strike_G","Strike_G","Survivor","Neutralize+1","Dagger Throw","Noxious Fumes+1","Crippling Poison","Caltrops","Poisoned Stab+1","Poisoned Stab","Leg Sweep","Dash","PiercingWail","Noxious Fumes+1","After Image+1","PiercingWail","Bouncing Flask","Backflip","Cloak And Dagger+1","Infinite Blades","Poisoned Stab+1","Leg Sweep"],"relics":["Ring of the Snake","NeowsBlessing","Blood Vial","Boot","Prayer Wheel","Meat on the Bone","Mango","Tiny House","TwistedFunnel","CultistMask","Centennial Puzzle"],"potions_floor_usage":[12,14,23,24,25],"damage_taken":[{"damage":0,"enemies":"Cultist","floor":1,"turns":1},{"damage":0,"enemies":"Jaw Worm","floor":3,"turns":1},{"damage":0,"enemies":"Lagavulin","floor":7,"turns":1},{"damage":17,"enemies":"3 Sentries","floor":12,"turns":6},{"damage":12,"enemies":"2 Louse","floor":13,"turns":4},{"damage":20,"enemies":"Gremlin Nob","floor":14,"turns":4},{"damage":14,"enemies":"The Guardian","floor":16,"turns":8},{"damage":20,"enemies":"Spheric Guardian","floor":18,"turns":5},{"damage":23,"enemies":"2 Thieves","floor":20,"turns":5},{"damage":8,"enemies":"Sentry and Sphere","floor":21,"turns":5},{"damage":39,"enemies":"Slavers","floor":23,"turns":5},{"damage":3,"enemies":"Snecko","floor":24,"turns":5},{"damage":41,"enemies":"Gremlin Leader","floor":25,"turns":6}],"seed_played":"366002310093418092","potions_obtained":[{"floor":3,"key":"FearPotion"},{"floor":14,"key":"EssenceOfSteel"},{"floor":16,"key":"LiquidBronze"},{"floor":17,"key":"Strength Potion"},{"floor":23,"key":"AttackPotion"}],"is_trial":false,"path_per_floor":["M","T","M","$","?","R","E","R","T","$","R","E","M","E","R","B",null,"M","$","M","M","?","E","M","E"],"character_chosen":"THE_SILENT","items_purchased":["Crippling Poison","Caltrops","AttackPotion","Poisoned Stab","TwistedFunnel"],"campfire_rested":0,"item_purchase_floors":[4,4,10,10,19],"current_hp_per_floor":[63,63,65,65,54,54,56,56,56,56,56,41,43,51,51,51,81,63,63,54,48,48,23,34,0],"gold":116,"neow_bonus":"THREE_ENEMY_KILL","is_prod":false,"is_daily":false,"chose_seed":false,"campfire_upgraded":4,"win_rate":0,"timestamp":1555534503,"path_taken":["M","?","M","?","?","R","E","R","T","$","R","E","M","E","R","BOSS","M","$","M","M","?","E","?","E"],"build_version":"2019-01-23","purchased_purges":1,"victory":false,"max_hp_per_floor":[70,70,70,70,70,70,70,70,70,70,70,70,70,84,84,84,89,89,89,89,89,89,89,89,89],"card_choices":[{"not_picked":["Calculated Gamble","Prepared"],"picked":"Dagger Throw","floor":1},{"not_picked":["Footwork","Backflip"],"picked":"Noxious Fumes","floor":3},{"not_picked":["Flying Knee","Deflect"],"picked":"Poisoned Stab","floor":7},{"not_picked":["Backflip","Choke"],"picked":"Leg Sweep","floor":12},{"not_picked":["Choke","Doppelganger"],"picked":"Dash","floor":13},{"not_picked":["Poisoned Stab","Backflip"],"picked":"PiercingWail","floor":13},{"not_picked":["Poisoned Stab","Infinite Blades"],"picked":"Noxious Fumes","floor":14},{"not_picked":["Burst","Doppelganger"],"picked":"After Image","floor":16},{"not_picked":["Terror","Dodge and Roll"],"picked":"PiercingWail","floor":17},{"not_picked":["Setup","Acrobatics"],"picked":"Bouncing Flask","floor":18},{"not_picked":["Quick Slash","Deadly Poison","Underhanded Strike"],"picked":"SKIP","floor":18},{"not_picked":["Poisoned Stab","Finisher+1"],"picked":"Backflip","floor":20},{"not_picked":["Adrenaline","Deflect"],"picked":"Cloak And Dagger+1","floor":20},{"not_picked":["Acrobatics","Outmaneuver+1"],"picked":"Infinite Blades","floor":21},{"not_picked":["Escape Plan","Backflip","Outmaneuver+1"],"picked":"SKIP","floor":21},{"not_picked":["Dagger Spray","Slice+1","Backstab"],"picked":"SKIP","floor":23},{"not_picked":["Sucker Punch+1","Bane"],"picked":"Poisoned Stab+1","floor":24},{"not_picked":["Tools of the Trade","Dodge and Roll"],"picked":"Leg Sweep","floor":24}],"player_experience":251818,"relics_obtained":[{"floor":2,"key":"Blood Vial"},{"floor":7,"key":"Boot"},{"floor":9,"key":"Prayer Wheel"},{"floor":12,"key":"Meat on the Bone"},{"floor":14,"key":"Mango"},{"floor":23,"key":"Centennial Puzzle"}],"event_choices":[{"damage_healed":0,"gold_gain":75,"player_choice":"Gather Gold","damage_taken":11,"max_hp_gain":0,"max_hp_loss":0,"event_name":"World of Goop","floor":5,"gold_loss":0},{"damage_healed":0,"gold_gain":0,"player_choice":"Trade","damage_taken":0,"relics_obtained":["CultistMask"],"max_hp_gain":0,"max_hp_loss":0,"event_name":"FaceTrader","floor":22,"gold_loss":0}],"is_beta":false,"boss_relics":[{"not_picked":["Lizard Tail","Orrery"],"picked":"Tiny House"}],"items_purged_floors":[19],"is_endless":false,"potions_floor_spawned":[3,14,16,21,23],"killed_by":"Gremlin Leader","ascension_level":11}