{"gold_per_floor":[118,135,310,310,239,253,264,275,275,294,294,294],"floor_reached":12,"playtime":378,"items_purged":[],"score":83,"play_id":"591fc05e-d9ee-4d42-8f7c-a58cb12eb5ef","local_time":"20190416104755","is_ascension_mode":true,"campfire_choices":[{"data":"Accuracy","floor":11,"key":"SMITH"}],"neow_cost":"NONE","seed_source_timestamp":563179339068300,"circlet_count":0,"master_deck":["Defend_G","Defend_G","Defend_G","Defend_G","Defend_G","Strike_G","Strike_G","Strike_G","Strike_G","Strike_G","Survivor","Neutralize","Leg Sweep","Doubt","Accuracy+1","Cloak And Dagger","Infinite Blades","Blade Dance","Infinite Blades"],"relics":["Coffee Dripper","Happy Flower","Toxic Egg 2"],"potions_floor_usage":[7],"damage_taken":[{"damage":0,"enemies":"Small Slimes","floor":1,"turns":4},{"damage":2,"enemies":"2 Louse","floor":2,"turns":4},{"damage":0,"enemies":"Jaw Worm","floor":6,"turns":6},{"damage":25,"enemies":"Exordium Thugs","floor":7,"turns":6},{"damage":0,"enemies":"Exordium Wildlife","floor":8,"turns":4},{"damage":8,"enemies":"Red Slaver","floor":10,"turns":5},{"damage":25,"enemies":"The Mushroom Lair","floor":12,"turns":2}],"seed_played":"-8232690985800345318","potions_obtained":[{"floor":2,"key":"Poison Potion"},{"floor":7,"key":"Block Potion"}],"is_trial":false,"path_per_floor":["M","M","?","?","$","M","M","M","T","M","R","?"],"character_chosen":"THE_SILENT","items_purchased":["Accuracy"],"campfire_rested":0,"item_purchase_floors":[5],"current_hp_per_floor":[70,68,68,56,56,56,31,31,31,23,23,0],"gold":294,"neow_bonus":"BOSS_RELIC","is_prod":false,"is_daily":false,"chose_seed":false,"campfire_upgraded":1,"win_rate":0,"timestamp":1555404475,"path_taken":["M","M","?","?","$","M","M","M","T","M","R","?"],"build_version":"2019-01-23","purchased_purges":0,"victory":false,"max_hp_per_floor":[70,70,70,70,70,70,70,70,70,70,70,70],"card_choices":[{"not_picked":["Dagger Throw","Bane"],"picked":"Leg Sweep","floor":1},{"not_picked":["Bane","Deflect","Dagger Spray"],"picked":"SKIP","floor":2},{"not_picked":["Outmaneuver","Dagger Spray"],"picked":"Cloak And Dagger","floor":6},{"not_picked":["Dagger Spray","Outmaneuver"],"picked":"Infinite Blades","floor":7},{"not_picked":["Dagger Spray","Flying Knee"],"picked":"Blade Dance","floor":8},{"not_picked":["Heel Hook","Finisher"],"picked":"Infinite Blades","floor":10}],"player_experience":491077,"relics_obtained":[{"floor":9,"key":"Toxic Egg 2"}],"event_choices":[{"damage_healed":0,"gold_gain":175,"player_choice":"AGREE","damage_taken":0,"max_hp_gain":0,"max_hp_loss":0,"event_name":"Liars Game","floor":3,"gold_loss":0,"cards_obtained":["Doubt"]},{"damage_healed":0,"gold_gain":0,"player_choice":"Success","damage_taken":12,"relics_obtained":["Happy Flower"],"max_hp_gain":0,"max_hp_loss":0,"event_name":"Scrap Ooze","floor":4,"gold_loss":0},{"damage_healed":0,"gold_gain":0,"player_choice":"Fought Mushrooms","damage_taken":0,"max_hp_gain":0,"max_hp_loss":0,"event_name":"Mushrooms","floor":12,"gold_loss":0}],"is_beta":false,"boss_relics":[],"items_purged_floors":[],"is_endless":false,"potions_floor_spawned":[2,7],"killed_by":"The Mushroom Lair","ascension_level":3}