{"gold_per_floor":[113,191,366,366,384,412,424,424,449,449,481,498,166,198,198,198],"floor_reached":16,"playtime":708,"items_purged":["Doubt"],"score":118,"play_id":"9a2eb145-3405-4dcb-9b41-5fd80bee4610","local_time":"20190409142041","is_ascension_mode":false,"campfire_choices":[{"data":"Heavy Blade","floor":10.0,"key":"SMITH"},{"floor":15.0,"key":"REST"}],"neow_cost":"NONE","seed_source_timestamp":133060087311027,"circlet_count":0,"master_deck":["Strike_R","Strike_R","Strike_R","Strike_R","Strike_R","Defend_R","Defend_R","Defend_R","Defend_R","Bash","Pommel Strike","Heavy Blade","Heavy Blade+1"],"special_seed":0,"relics":["Burning Blood","Mummified Hand","Unceasing Top","Ancient Tea Set","Orichalcum","Molten Egg 2","Regal Pillow"],"potions_floor_usage":[],"damage_taken":[{"damage":6.0,"enemies":"Cultist","floor":1.0,"turns":3.0},{"damage":11.0,"enemies":"Small Slimes","floor":5.0,"turns":4.0},{"damage":14.0,"enemies":"Gremlin Nob","floor":6.0,"turns":3.0},{"damage":2.0,"enemies":"2 Louse","floor":7.0,"turns":3.0},{"damage":43.0,"enemies":"3 Sentries","floor":11.0,"turns":10.0},{"damage":11.0,"enemies":"Large Slime","floor":12.0,"turns":6.0},{"damage":24.0,"enemies":"Lagavulin","floor":14.0,"turns":7.0},{"damage":90,"enemies":"The Guardian","floor":16,"turns":10}],"seed_played":"-5478924735174843076","potions_obtained":[{"floor":0.0,"key":"SkillPotion"},{"floor":0.0,"key":"LiquidBronze"},{"floor":0.0,"key":"SneckoOil"},{"floor":1.0,"key":"GamblersBrew"},{"floor":5.0,"key":"SteroidPotion"},{"floor":8.0,"key":"Regen Potion"},{"floor":8.0,"key":"Energy Potion"},{"floor":11.0,"key":"SpeedPotion"}],"is_trial":false,"path_per_floor":["M","T","?","?","M","E","M","?","T","R","E","M","$","E","R","B"],"character_chosen":"IRONCLAD","items_purchased":["Molten Egg 2"],"campfire_rested":1,"item_purchase_floors":[13],"current_hp_per_floor":[80,80,80,85,80,72,76,76,76,76,54,49,49,31,71,0],"gold":198,"neow_bonus":"THREE_SMALL_POTIONS","is_prod":false,"is_daily":false,"chose_seed":false,"campfire_upgraded":1,"win_rate":0,"timestamp":1554812441,"path_taken":["M","?","?","?","M","E","M","?","T","R","E","M","$","E","R","BOSS"],"build_version":"2019-01-23","purchased_purges":1,"victory":false,"max_hp_per_floor":[80,80,80,85,85,85,85,85,85,85,85,85,85,85,85,85],"card_choices":[{"not_picked":["Shockwave","Flex"],"picked":"Pommel Strike","floor":1.0},{"not_picked":["Hemokinesis","Clothesline"],"picked":"Heavy Blade","floor":5.0},{"not_picked":["Exhume","Body Slam","Thunderclap"],"picked":"SKIP","floor":6.0},{"not_picked":["Body Slam","True Grit"],"picked":"Heavy Blade","floor":7.0},{"not_picked":["Heavy Blade","Reckless Charge","Wild Strike"],"picked":"SKIP","floor":11.0},{"not_picked":["Clash","Thunderclap","Perfected Strike"],"picked":"SKIP","floor":12.0},{"not_picked":["Ghostly Armor","Metallicize","Fiend Fire+1"],"picked":"SKIP","floor":14.0}],"player_experience":332967,"relics_obtained":[{"floor":2.0,"key":"Mummified Hand"},{"floor":6.0,"key":"Unceasing Top"},{"floor":9.0,"key":"Ancient Tea Set"},{"floor":11.0,"key":"Orichalcum"},{"floor":14.0,"key":"Regal Pillow"}],"event_choices":[{"damage_healed":0.0,"max_hp_gain":0.0,"max_hp_loss":0.0,"gold_gain":175.0,"event_name":"Liars Game","player_choice":"AGREE","floor":3.0,"gold_loss":0.0,"damage_taken":0.0,"cards_obtained":["Doubt"]},{"damage_healed":0.0,"max_hp_gain":5.0,"max_hp_loss":0.0,"gold_gain":0.0,"event_name":"Big Fish","player_choice":"Donut","floor":4.0,"gold_loss":0.0,"damage_taken":0.0},{"damage_healed":0.0,"max_hp_gain":0.0,"max_hp_loss":0.0,"gold_gain":0.0,"event_name":"Lab","player_choice":"Got Potions","floor":8.0,"gold_loss":0.0,"damage_taken":0.0}],"is_beta":false,"boss_relics":[],"items_purged_floors":[13],"is_endless":false,"potions_floor_spawned":[1,5,11],"killed_by":"The Guardian","ascension_level":0}