{"gold_per_floor":[116,130,144,144,194,194,221,221,245,280,280,294,17,29,29,103,103,118,28,45,45,45,78,78,106,131,131,148,178,178,194,194,270,270,284,284,61,61,61,95,95,130,130,145,145,145,155,182,182,182],"floor_reached":51,"playtime":1984,"items_purged":["Strike_R"],"score":1344,"play_id":"5b4522b9-81e3-4699-9377-c81c6e779e73","local_time":"20190423172039","is_ascension_mode":true,"campfire_choices":[{"data":"Bash","floor":6,"key":"SMITH"},{"data":"Metallicize","floor":8,"key":"SMITH"},{"data":"True Grit","floor":11,"key":"SMITH"},{"floor":15,"key":"REST"},{"data":"Feel No Pain","floor":24,"key":"SMITH"},{"data":"Infernal Blade","floor":30,"key":"SMITH"},{"data":"Flame Barrier","floor":32,"key":"SMITH"},{"data":"Intimidate","floor":41,"key":"SMITH"},{"data":"Corruption","floor":45,"key":"SMITH"},{"data":"Reaper","floor":49,"key":"SMITH"}],"neow_cost":"NONE","seed_source_timestamp":165030713513726,"circlet_count":0,"master_deck":["AscendersBane","Strike_R","Strike_R","Strike_R","Strike_R","Defend_R","Defend_R+1","Defend_R+1","Defend_R","Bash+1","Anger","Havoc+1","Reaper+1","Metallicize+1","True Grit+1","Carnage+1","Immolate+1","Feel No Pain+1","Clothesline+1","Reaper+1","Intimidate+1","Spot Weakness+1","Uppercut+1","Flame Barrier+1","Bludgeon+1","Battle Trance+1","Dark Shackles+1","Carnage+1","Feel No Pain+1","Corruption+1","Dramatic Entrance+1","Sentinel+1"],"relics":["Burning Blood","Bag of Preparation","Strawberry","Mercury Hourglass","Molten Egg 2","Velvet Choker","Orichalcum","Potion Belt","Bag of Marbles","Ornamental Fan","Snecko Eye","War Paint","Charon\u0027s Ashes","Question Card","Dream Catcher"],"potions_floor_usage":[7,16,20,42,50,50,50],"damage_taken":[{"damage":6,"enemies":"Cultist","floor":1,"turns":4},{"damage":10,"enemies":"Small Slimes","floor":2,"turns":4},{"damage":3,"enemies":"2 Louse","floor":3,"turns":3},{"damage":40,"enemies":"3 Sentries","floor":7,"turns":11},{"damage":28,"enemies":"Gremlin Nob","floor":10,"turns":4},{"damage":20,"enemies":"Exordium Wildlife","floor":12,"turns":4},{"damage":1,"enemies":"Looter","floor":14,"turns":3},{"damage":33,"enemies":"Slime Boss","floor":16,"turns":8},{"damage":13,"enemies":"2 Thieves","floor":18,"turns":3},{"damage":8,"enemies":"3 Byrds","floor":20,"turns":4},{"damage":34,"enemies":"Book of Stabbing","floor":23,"turns":6},{"damage":31,"enemies":"Gremlin Leader","floor":25,"turns":8},{"damage":2,"enemies":"3 Cultists","floor":28,"turns":5},{"damage":19,"enemies":"Book of Stabbing","floor":29,"turns":4},{"damage":8,"enemies":"Cultist and Chosen","floor":31,"turns":3},{"damage":49,"enemies":"Collector","floor":33,"turns":8},{"damage":0,"enemies":"3 Darklings","floor":35,"turns":1},{"damage":25,"enemies":"Nemesis","floor":40,"turns":5},{"damage":21,"enemies":"Giant Head","floor":42,"turns":7},{"damage":1,"enemies":"Orb Walker","floor":44,"turns":3},{"damage":4,"enemies":"4 Shapes","floor":47,"turns":3},{"damage":90,"enemies":"Time Eater","floor":50,"turns":14}],"seed_played":"-6177052590323278395","potions_obtained":[{"floor":1,"key":"GamblersBrew"},{"floor":3,"key":"Weak Potion"},{"floor":16,"key":"Block Potion"},{"floor":23,"key":"GamblersBrew"},{"floor":25,"key":"SteroidPotion"},{"floor":31,"key":"Dexterity Potion"},{"floor":40,"key":"Block Potion"},{"floor":44,"key":"Energy Potion"}],"is_trial":false,"path_per_floor":["M","M","M","?","?","R","E","R","T","E","R","M","$","M","R","B",null,"M","$","M","?","?","E","R","E","T","?","M","E","R","M","R","B",null,"M","?","$","?","?","E","R","E","T","M","R","?","M","T","R","B",null],"character_chosen":"IRONCLAD","items_purchased":["Molten Egg 2","Feel No Pain","Dark Shackles","SkillPotion"],"campfire_rested":1,"item_purchase_floors":[13,19,37,37],"current_hp_per_floor":[75,71,74,74,74,74,44,44,51,33,33,27,27,32,58,39,77,74,74,72,72,72,48,48,42,42,42,55,55,55,64,64,48,79,85,85,85,85,85,66,66,51,51,65,65,65,77,77,77,49],"gold":182,"neow_bonus":"TEN_PERCENT_HP_BONUS","is_prod":false,"is_daily":false,"chose_seed":false,"campfire_upgraded":9,"win_rate":0,"timestamp":1556065239,"path_taken":["M","M","?","?","?","R","E","R","T","E","R","M","$","M","R","BOSS","M","$","M","?","?","E","R","E","T","?","M","E","R","M","R","BOSS","M","?","$","?","?","E","R","E","T","?","R","?","M","?","R","BOSS"],"build_version":"2019-01-23","purchased_purges":1,"victory":true,"max_hp_per_floor":[82,82,82,82,82,82,82,82,89,89,89,89,89,89,89,89,89,89,89,89,89,89,89,89,89,89,89,89,89,89,89,89,89,89,89,89,89,85,85,85,85,85,85,85,85,85,85,85,85,85],"card_choices":[{"not_picked":["Sever Soul","Dual Wield"],"picked":"Anger","floor":1},{"not_picked":["Thunderclap","Warcry"],"picked":"Havoc","floor":2},{"not_picked":["Corruption","Battle Trance"],"picked":"Reaper","floor":3},{"not_picked":["Burning Pact","Evolve"],"picked":"Metallicize","floor":7},{"not_picked":["Cleave","Sword Boomerang"],"picked":"True Grit","floor":10},{"not_picked":["Anger","Body Slam"],"picked":"Infernal Blade","floor":12},{"not_picked":["Havoc","Shockwave"],"picked":"Carnage+1","floor":14},{"not_picked":["Double Tap","Limit Break"],"picked":"Immolate+1","floor":16},{"not_picked":["Entrench","Warcry","Havoc"],"picked":"SKIP","floor":18},{"not_picked":["Clash+1","Cleave+1"],"picked":"Clothesline+1","floor":20},{"not_picked":["Sword Boomerang+1","Rampage+1"],"picked":"Reaper+1","floor":23},{"not_picked":["Perfected Strike+1","Rage"],"picked":"Intimidate","floor":25},{"not_picked":["Headbutt+1","True Grit"],"picked":"Spot Weakness+1","floor":28},{"not_picked":["Infernal Blade","Second Wind"],"picked":"Uppercut+1","floor":29},{"not_picked":["Blood for Blood+1","Thunderclap+1"],"picked":"Flame Barrier","floor":31},{"not_picked":["Fiend Fire+1","Impervious"],"picked":"Bludgeon+1","floor":33},{"not_picked":["True Grit","Body Slam+1"],"picked":"Battle Trance+1","floor":35},{"not_picked":["Anger+1","Heavy Blade+1"],"picked":"Carnage+1","floor":40},{"not_picked":["Clash+1","Cleave+1"],"picked":"Feel No Pain+1","floor":42},{"not_picked":["Anger+1","Thunderclap+1","Juggernaut"],"picked":"Corruption","floor":44},{"not_picked":["Mind Blast+1","Magnetism","Flash of Steel+1"],"picked":"Dramatic Entrance+1","floor":46},{"not_picked":["Cleave+1","Shockwave","Pommel Strike+1"],"picked":"Sentinel+1","floor":47}],"player_experience":469405,"relics_obtained":[{"floor":7,"key":"Bag of Preparation"},{"floor":9,"key":"Strawberry"},{"floor":10,"key":"Mercury Hourglass"},{"floor":23,"key":"Orichalcum"},{"floor":25,"key":"Potion Belt"},{"floor":26,"key":"Bag of Marbles"},{"floor":29,"key":"Ornamental Fan"},{"floor":40,"key":"War Paint"},{"floor":42,"key":"Charon\u0027s Ashes"},{"floor":43,"key":"Question Card"},{"floor":48,"key":"Dream Catcher"}],"event_choices":[{"damage_healed":0,"gold_gain":0,"player_choice":"Grow","damage_taken":0,"max_hp_gain":0,"max_hp_loss":0,"event_name":"Living Wall","floor":4,"gold_loss":0,"cards_upgraded":["Havoc"]},{"damage_healed":0,"gold_gain":50,"player_choice":"Pray","damage_taken":0,"max_hp_gain":0,"max_hp_loss":0,"event_name":"Golden Shrine","floor":5,"gold_loss":0},{"damage_healed":0,"gold_gain":0,"player_choice":"Smashed Altar","damage_taken":0,"max_hp_gain":0,"max_hp_loss":0,"event_name":"Forgotten Altar","floor":21,"gold_loss":0,"cards_obtained":["Decay"]},{"cards_removed":["Decay"],"damage_healed":0,"gold_gain":0,"player_choice":"Elegance","damage_taken":0,"max_hp_gain":0,"max_hp_loss":0,"event_name":"Back to Basics","floor":22,"gold_loss":0},{"damage_healed":0,"gold_gain":0,"player_choice":"Ignored","damage_taken":0,"max_hp_gain":0,"max_hp_loss":0,"event_name":"Vampires","floor":27,"gold_loss":0},{"cards_removed":["Infernal Blade"],"damage_healed":0,"gold_gain":0,"player_choice":"Removed Skill","damage_taken":0,"max_hp_gain":0,"max_hp_loss":0,"event_name":"Falling","floor":36,"gold_loss":0},{"damage_healed":0,"gold_gain":0,"player_choice":"Max HP","damage_taken":0,"max_hp_gain":0,"max_hp_loss":4,"event_name":"Winding Halls","floor":38,"gold_loss":0},{"damage_healed":0,"gold_gain":0,"player_choice":"Upgraded","damage_taken":0,"max_hp_gain":0,"max_hp_loss":0,"event_name":"Upgrade Shrine","floor":39,"gold_loss":0,"cards_upgraded":["Dark Shackles"]},{"damage_healed":0,"gold_gain":0,"player_choice":"Memory 1","damage_taken":0,"max_hp_gain":0,"max_hp_loss":0,"event_name":"SensoryStone","floor":46,"gold_loss":0}],"is_beta":false,"boss_relics":[{"not_picked":["Mark of Pain","Tiny House"],"picked":"Velvet Choker"},{"not_picked":["Coffee Dripper","Astrolabe"],"picked":"Snecko Eye"}],"items_purged_floors":[37],"is_endless":false,"potions_floor_spawned":[1,3,16,23,25,31,40,44],"ascension_level":16}