{"gold_per_floor":[110,185,185,185,201,201,235,235,235,11,11,43,43,43,43,138,138,158,172,172,172,185,211,151,164,164,184,195,211,222,237,237,333,333,344,52,0,0,18,18,44,44,44,64,97,115,215,242,242,242],"floor_reached":51,"playtime":2947,"items_purged":["Strike_R"],"score":1236,"play_id":"41b35493-ad10-480f-b95a-3a473d00e0cf","local_time":"20190407165038","is_ascension_mode":true,"campfire_choices":[{"floor":6,"key":"REST"},{"floor":8,"key":"REST"},{"floor":13,"key":"REST"},{"floor":15,"key":"REST"},{"data":"Bash","floor":32,"key":"SMITH"},{"data":"Reaper","floor":40,"key":"SMITH"},{"data":"1","floor":49,"key":"LIFT"}],"neow_cost":"NONE","seed_source_timestamp":167659914762400,"circlet_count":0,"master_deck":["AscendersBane","Strike_R","Strike_R","Defend_R","Defend_R","Defend_R","Defend_R","Bash+1","Headbutt","Havoc+1","Spot Weakness+1","Limit Break+1","Disarm+1","True Grit+1","Armaments+1","Reaper+1","Disarm+1","Metallicize+1","Heavy Blade+1","Warcry+1","Shrug It Off+1","Fiend Fire+1","True Grit+1","Second Wind+1","Metallicize+1","Burning Pact+1","Shockwave+1"],"relics":["Runic Pyramid","Toxic Egg 2","Pen Nib","Gambling Chip","Dream Catcher","Mark of Pain","Enchiridion","The Courier","Mummified Hand","Molten Egg 2","Busted Crown","Magic Flower","Red Mask","Girya","Bronze Scales","Meat on the Bone","Du-Vu Doll","Pear"],"potions_floor_usage":[7,41,41,46],"damage_taken":[{"damage":14,"enemies":"Small Slimes","floor":1,"turns":4},{"damage":12,"enemies":"Jaw Worm","floor":5,"turns":3},{"damage":40,"enemies":"3 Sentries","floor":7,"turns":8},{"damage":24,"enemies":"Lagavulin","floor":12,"turns":6},{"damage":26,"enemies":"Slime Boss","floor":16,"turns":7},{"damage":16,"enemies":"Shell Parasite","floor":18,"turns":4},{"damage":4,"enemies":"Chosen","floor":19,"turns":4},{"damage":37,"enemies":"Snecko","floor":22,"turns":11},{"damage":18,"enemies":"Book of Stabbing","floor":23,"turns":6},{"damage":33,"enemies":"Snake Plant","floor":25,"turns":4},{"damage":6,"enemies":"Chosen and Byrds","floor":27,"turns":6},{"damage":3,"enemies":"Centurion and Healer","floor":28,"turns":5},{"damage":10,"enemies":"Shelled Parasite and Fungi","floor":29,"turns":2},{"damage":0,"enemies":"Cultist and Chosen","floor":30,"turns":6},{"damage":25,"enemies":"Centurion and Healer","floor":31,"turns":7},{"damage":87,"enemies":"Automaton","floor":33,"turns":9},{"damage":36,"enemies":"3 Darklings","floor":35,"turns":5},{"damage":13,"enemies":"3 Shapes","floor":39,"turns":5},{"damage":41,"enemies":"Reptomancer","floor":41,"turns":5},{"damage":32,"enemies":"3 Darklings","floor":44,"turns":6},{"damage":32,"enemies":"Nemesis","floor":45,"turns":7},{"damage":15,"enemies":"Transient","floor":46,"turns":5},{"damage":11,"enemies":"Mind Bloom Boss Battle","floor":47,"turns":6},{"damage":0,"enemies":"Giant Head","floor":48,"turns":6},{"damage":54,"enemies":"Time Eater","floor":50,"turns":6}],"seed_played":"-2111954176174015750","potions_obtained":[{"floor":5,"key":"Regen Potion"},{"floor":12,"key":"GamblersBrew"},{"floor":22,"key":"PowerPotion"},{"floor":28,"key":"Strength Potion"},{"floor":45,"key":"Explosive Potion"},{"floor":48,"key":"Ancient Potion"}],"is_trial":false,"path_per_floor":["M","?","?","?","M","R","E","R","T","$","?","E","R","$","R","B",null,"M","M","?","?","M","E","?","M","T","M","M","M","M","M","R","B",null,"M","$","?","$","M","R","E","?","T","M","E","M","?","E","R","B",null],"character_chosen":"IRONCLAD","items_purchased":["Limit Break+1","Disarm+1","Magic Flower"],"campfire_rested":4,"item_purchase_floors":[10,10,36],"current_hp_per_floor":[58,47,35,28,16,40,15,39,39,39,44,20,45,45,70,44,75,68,85,69,69,85,84,84,72,72,80,85,85,85,85,85,55,78,85,85,85,85,83,83,85,81,81,81,51,81,81,91,91,84],"gold":242,"neow_bonus":"BOSS_RELIC","is_prod":false,"is_daily":false,"chose_seed":false,"campfire_upgraded":2,"win_rate":0,"timestamp":1554681038,"path_taken":["M","?","?","?","?","R","E","R","T","$","?","E","R","?","R","BOSS","M","M","?","?","?","E","?","M","T","M","M","M","M","?","R","BOSS","M","$","?","?","M","R","E","?","T","?","E","M","?","E","R","BOSS"],"build_version":"2019-01-23","purchased_purges":1,"victory":true,"max_hp_per_floor":[80,80,80,80,80,80,80,80,80,80,85,85,85,85,85,85,85,85,85,85,85,85,85,85,85,85,85,85,85,85,85,85,85,85,85,85,85,85,85,85,85,81,81,81,81,81,81,91,91,91],"card_choices":[{"not_picked":["Havoc","Clash"],"picked":"Headbutt","floor":1},{"not_picked":["Warcry+1","Anger"],"picked":"Havoc+1","floor":5},{"not_picked":["Pommel Strike","Barricade"],"picked":"Spot Weakness+1","floor":7},{"not_picked":["Iron Wave","Evolve","Whirlwind"],"picked":"SKIP","floor":12},{"not_picked":["Twin Strike","Havoc+1"],"picked":"True Grit+1","floor":13},{"not_picked":["Headbutt","Twin Strike"],"picked":"Armaments+1","floor":15},{"not_picked":["Bludgeon","Impervious+1"],"picked":"Reaper","floor":16},{"not_picked":["Blood for Blood+1","Power Through+1","Anger"],"picked":"SKIP","floor":18},{"not_picked":["Warcry+1","Searing Blow"],"picked":"Disarm+1","floor":19},{"not_picked":["Iron Wave+1","Battle Trance+1","Bloodletting+1"],"picked":"SKIP","floor":22},{"not_picked":["Sword Boomerang","Twin Strike"],"picked":"Metallicize+1","floor":23},{"not_picked":["Hemokinesis","Wild Strike"],"picked":"Heavy Blade+1","floor":25},{"not_picked":["Headbutt+1","Wild Strike+1"],"picked":"Warcry+1","floor":27},{"not_picked":["Headbutt+1","Fire Breathing","Juggernaut"],"picked":"SKIP","floor":28},{"not_picked":["Anger+1","Corruption+1","Flex+1"],"picked":"SKIP","floor":29},{"not_picked":["Clothesline+1","Carnage+1"],"picked":"Shrug It Off+1","floor":30},{"not_picked":["Power Through+1","Dual Wield+1","Rupture"],"picked":"SKIP","floor":31},{"not_picked":["Berserk","Juggernaut"],"picked":"Fiend Fire+1","floor":33},{"not_picked":[],"picked":"True Grit+1","floor":35},{"not_picked":[],"picked":"Second Wind+1","floor":39},{"not_picked":["Headbutt+1"],"picked":"SKIP","floor":41},{"not_picked":["Twin Strike+1"],"picked":"SKIP","floor":44},{"not_picked":[],"picked":"Metallicize+1","floor":45},{"not_picked":[],"picked":"Burning Pact+1","floor":46},{"not_picked":[],"picked":"Shockwave+1","floor":47},{"not_picked":["Perfected Strike+1"],"picked":"SKIP","floor":48}],"player_experience":383443,"relics_obtained":[{"floor":7,"key":"Pen Nib"},{"floor":9,"key":"Gambling Chip"},{"floor":12,"key":"Dream Catcher"},{"floor":20,"key":"Enchiridion"},{"floor":23,"key":"The Courier"},{"floor":26,"key":"Molten Egg 2"},{"floor":41,"key":"Girya"},{"floor":43,"key":"Bronze Scales"},{"floor":45,"key":"Meat on the Bone"},{"floor":47,"key":"Du-Vu Doll"},{"floor":48,"key":"Pear"}],"event_choices":[{"damage_healed":0,"gold_gain":75,"player_choice":"Gather Gold","damage_taken":11,"max_hp_gain":0,"max_hp_loss":0,"event_name":"World of Goop","floor":2,"gold_loss":0},{"damage_healed":0,"gold_gain":0,"player_choice":"Success","damage_taken":12,"relics_obtained":["Toxic Egg 2"],"max_hp_gain":0,"max_hp_loss":0,"event_name":"Scrap Ooze","floor":3,"gold_loss":0},{"cards_removed":["Strike_R"],"damage_healed":0,"gold_gain":0,"player_choice":"Card Removal","damage_taken":7,"max_hp_gain":0,"max_hp_loss":0,"event_name":"Golden Wing","floor":4,"gold_loss":0},{"damage_healed":0,"gold_gain":0,"player_choice":"Donut","damage_taken":0,"max_hp_gain":5,"max_hp_loss":0,"event_name":"Big Fish","floor":11,"gold_loss":0},{"damage_healed":0,"gold_gain":0,"player_choice":"Obtained Book","damage_taken":16,"max_hp_gain":0,"max_hp_loss":0,"event_name":"Cursed Tome","floor":20,"gold_loss":0},{"cards_removed":["Strike_R"],"damage_healed":0,"gold_gain":0,"player_choice":"Purged","damage_taken":0,"max_hp_gain":0,"max_hp_loss":0,"event_name":"Purifier","floor":21,"gold_loss":0},{"damage_healed":0,"gold_gain":0,"player_choice":"Paid Gold","damage_taken":0,"relics_obtained":["Mummified Hand"],"max_hp_gain":0,"max_hp_loss":0,"event_name":"WeMeetAgain","floor":24,"gold_loss":60},{"damage_healed":0,"gold_gain":0,"player_choice":"Paid","damage_taken":0,"relics_obtained":["Red Mask"],"max_hp_gain":0,"max_hp_loss":0,"event_name":"Tomb of Lord Red Mask","floor":37,"gold_loss":52},{"damage_healed":0,"gold_gain":0,"player_choice":"Max HP","damage_taken":0,"max_hp_gain":0,"max_hp_loss":4,"event_name":"Winding Halls","floor":42,"gold_loss":0},{"damage_healed":0,"gold_gain":0,"player_choice":"Fight","damage_taken":0,"max_hp_gain":0,"max_hp_loss":0,"event_name":"MindBloom","floor":47,"gold_loss":0}],"is_beta":false,"boss_relics":[{"not_picked":["Coffee Dripper","Orrery"],"picked":"Mark of Pain"},{"not_picked":["Eternal Feather","Sozu"],"picked":"Busted Crown"}],"items_purged_floors":[36],"is_endless":false,"potions_floor_spawned":[5,12,22,23,27,28,29,30,39,45,48],"ascension_level":11}