{"gold_per_floor":[115,133,208,224,224,255,271,305,354,11,11,26,58,4,4,81,81,92,92,104,104,104,104,133,133,133,149,160,160,85,102,102,181,181,193,41,53,69,69,131,131,165,190,201,6,6,18,18,18,18],"floor_reached":50,"playtime":3444,"items_purged":[],"score":970,"play_id":"27bdd76e-04d9-432e-a4c3-38f142c8588f","local_time":"20190324202153","is_ascension_mode":true,"campfire_choices":[{"data":"Zap","floor":11,"key":"SMITH"},{"data":"Go for the Eyes","floor":15,"key":"SMITH"},{"data":"Fission","floor":23,"key":"SMITH"},{"floor":29,"key":"REST"},{"floor":32,"key":"REST"},{"floor":41,"key":"REST"},{"floor":46,"key":"REST"},{"floor":49,"key":"REST"}],"neow_cost":"NONE","seed_source_timestamp":1127605312530869,"circlet_count":0,"master_deck":["AscendersBane","Strike_B","Defend_B","Defend_B","Zap+1","Dualcast","Sweeping Beam","Chill","Ball Lightning","Echo Form","All For One","Doom and Gloom","Go for the Eyes+1","Fission+1","Steam","Genetic Algorithm","Capacitor","Barrage","Fusion","Multi-Cast","Scrape+1","Beam Cell+1","Chill+1","Chill","Defragment+1","Flash of Steel","Steam+1","Injury","The Bomb"],"relics":["Cracked Core","Bag of Preparation","Cables","Oddly Smooth Stone","Bronze Scales","Lee\u0027s Waffle","Omamori","Happy Flower","Cursed Key","MutagenicStrength","Boot","Question Card","Astrolabe","DataDisk","Tiny Chest","Sundial","Strawberry","GremlinMask"],"potions_floor_usage":[6,7,8,20,24,28,31,38,42,47],"damage_taken":[{"damage":0,"enemies":"2 Louse","floor":1,"turns":3},{"damage":2,"enemies":"Jaw Worm","floor":2,"turns":4},{"damage":0,"enemies":"Cultist","floor":4,"turns":3},{"damage":4,"enemies":"3 Sentries","floor":6,"turns":6},{"damage":1,"enemies":"Blue Slaver","floor":7,"turns":3},{"damage":33,"enemies":"Gremlin Nob","floor":8,"turns":5},{"damage":0,"enemies":"2 Fungi Beasts","floor":12,"turns":4},{"damage":14,"enemies":"3 Sentries","floor":13,"turns":3},{"damage":28,"enemies":"Hexaghost","floor":16,"turns":7},{"damage":1,"enemies":"3 Byrds","floor":18,"turns":3},{"damage":11,"enemies":"2 Thieves","floor":20,"turns":2},{"damage":26,"enemies":"Book of Stabbing","floor":24,"turns":5},{"damage":11,"enemies":"Snake Plant","floor":27,"turns":3},{"damage":21,"enemies":"Shelled Parasite and Fungi","floor":28,"turns":4},{"damage":0,"enemies":"Snecko","floor":31,"turns":4},{"damage":41,"enemies":"Champ","floor":33,"turns":9},{"damage":0,"enemies":"3 Shapes","floor":35,"turns":4},{"damage":2,"enemies":"Orb Walker","floor":37,"turns":4},{"damage":5,"enemies":"Transient","floor":38,"turns":5},{"damage":10,"enemies":"Nemesis","floor":40,"turns":7},{"damage":31,"enemies":"Reptomancer","floor":42,"turns":6},{"damage":0,"enemies":"Sphere and 2 Shapes","floor":44,"turns":5},{"damage":0,"enemies":"4 Shapes","floor":47,"turns":4},{"damage":103,"enemies":"Awakened One","floor":50,"turns":10}],"seed_played":"8939704848902036118","potions_obtained":[{"floor":1,"key":"EssenceOfSteel"},{"floor":2,"key":"Fire Potion"},{"floor":6,"key":"Energy Potion"},{"floor":16,"key":"Fire Potion"},{"floor":20,"key":"Block Potion"},{"floor":27,"key":"Energy Potion"},{"floor":28,"key":"PowerPotion"},{"floor":33,"key":"AttackPotion"},{"floor":35,"key":"Energy Potion"},{"floor":40,"key":"SteroidPotion"},{"floor":47,"key":"Fruit Juice"}],"is_trial":false,"path_per_floor":["M","M","?","M","?","E","M","E","T","$","R","M","E","$","R","B",null,"M","?","M","?","?","R","E","?","T","M","M","R","?","M","R","B",null,"M","$","M","M","?","E","R","E","T","M","$","R","M","?","R","B"],"character_chosen":"DEFECT","items_purchased":["Lee\u0027s Waffle","Omamori","Go for the Eyes","DataDisk","The Bomb"],"campfire_rested":5,"item_purchase_floors":[10,10,14,36,45],"current_hp_per_floor":[71,69,58,58,47,43,42,9,9,85,85,85,71,71,71,43,75,74,74,63,63,63,63,37,37,37,26,5,30,30,30,55,14,67,67,67,65,60,60,50,75,44,51,51,51,78,83,83,97,0],"gold":18,"neow_bonus":"TEN_PERCENT_HP_BONUS","is_prod":false,"is_daily":false,"chose_seed":false,"campfire_upgraded":3,"win_rate":0,"timestamp":1553458913,"path_taken":["M","M","?","M","?","E","M","E","T","?","R","?","E","$","R","BOSS","M","?","M","?","?","R","E","?","T","?","M","R","?","M","R","BOSS","M","$","M","M","?","E","R","E","T","M","$","R","M","?","R","BOSS"],"build_version":"2019-01-23","purchased_purges":0,"victory":false,"max_hp_per_floor":[78,78,78,78,78,78,78,78,78,85,85,85,85,85,85,85,85,85,85,85,85,85,85,85,85,85,85,85,85,85,85,85,85,85,85,85,85,85,85,85,85,85,92,92,92,92,97,97,97,97],"card_choices":[{"not_picked":["Scrape","Streamline"],"picked":"Sweeping Beam","floor":1},{"not_picked":["Redo","Coolheaded"],"picked":"Chill","floor":2},{"not_picked":["Compile Driver","Rebound"],"picked":"Ball Lightning","floor":4},{"not_picked":["Turbo","Reinforced Body"],"picked":"Echo Form","floor":6},{"not_picked":["Go for the Eyes","Leap","Stack"],"picked":"SKIP","floor":7},{"not_picked":["Heatsinks","Blizzard"],"picked":"All For One","floor":8},{"not_picked":["Sweeping Beam","Hologram"],"picked":"Doom and Gloom","floor":12},{"not_picked":["Reinforced Body","Cold Snap","Beam Cell"],"picked":"SKIP","floor":13},{"not_picked":["Meteor Strike","Rainbow"],"picked":"Fission","floor":16},{"not_picked":["Compile Driver","Doom and Gloom"],"picked":"Steam","floor":18},{"not_picked":["Undo","Reprogram"],"picked":"Genetic Algorithm","floor":20},{"not_picked":["Fission","Doom and Gloom","Storm"],"picked":"SKIP","floor":24},{"not_picked":["Force Field","Gash","Streamline"],"picked":"Barrage","floor":27},{"not_picked":["Compile Driver","Sweeping Beam","Coolheaded"],"picked":"Fusion","floor":28},{"not_picked":["Blizzard+1","Self Repair","Stack","Barrage"],"picked":"SKIP","floor":31},{"not_picked":["Thunder Strike","Fission","Core Surge"],"picked":"Multi-Cast","floor":33},{"not_picked":["Glacier","Double Energy","Rebound"],"picked":"Chill","floor":35},{"not_picked":["Skim","Static Discharge","Compile Driver","Storm"],"picked":"SKIP","floor":37},{"not_picked":["Hologram+1","Stack","Ball Lightning+1"],"picked":"Defragment+1","floor":38},{"not_picked":["PanicButton","Discovery","Good Instincts"],"picked":"Flash of Steel","floor":39},{"not_picked":["Leap","Sweeping Beam+1","Force Field"],"picked":"Steam+1","floor":40},{"not_picked":["Auto Shields","Conserve Battery","Leap","Hologram"],"picked":"SKIP","floor":42},{"not_picked":["Leap","Gash","Beam Cell","Meteor Strike"],"picked":"SKIP","floor":44},{"not_picked":["Melter","Streamline","Ball Lightning","Undo"],"picked":"SKIP","floor":47}],"player_experience":1626402,"relics_obtained":[{"floor":6,"key":"Cables"},{"floor":8,"key":"Oddly Smooth Stone"},{"floor":9,"key":"Bronze Scales"},{"floor":13,"key":"Happy Flower"},{"floor":24,"key":"Boot"},{"floor":26,"key":"Question Card"},{"floor":40,"key":"Tiny Chest"},{"floor":42,"key":"Sundial"},{"floor":43,"key":"Strawberry"}],"event_choices":[{"damage_healed":0,"gold_gain":75,"player_choice":"Gather Gold","damage_taken":11,"max_hp_gain":0,"max_hp_loss":0,"event_name":"World of Goop","floor":3,"gold_loss":0},{"damage_healed":0,"gold_gain":0,"player_choice":"Success","damage_taken":11,"relics_obtained":["Bag of Preparation"],"max_hp_gain":0,"max_hp_loss":0,"event_name":"Scrap Ooze","floor":5,"gold_loss":0},{"damage_healed":0,"gold_gain":0,"player_choice":"Inject Mutagens","damage_taken":0,"relics_obtained":["MutagenicStrength"],"max_hp_gain":0,"max_hp_loss":0,"event_name":"Drug Dealer","floor":19,"gold_loss":0},{"cards_removed":["Strike_B"],"damage_healed":0,"gold_gain":0,"player_choice":"Elegance","damage_taken":0,"max_hp_gain":0,"max_hp_loss":0,"event_name":"Back to Basics","floor":21,"gold_loss":0},{"damage_healed":0,"gold_gain":0,"player_choice":"Read","damage_taken":0,"max_hp_gain":0,"max_hp_loss":0,"event_name":"The Library","floor":22,"gold_loss":0,"cards_obtained":["Capacitor"]},{"damage_healed":0,"gold_gain":0,"player_choice":"Smashed Altar","damage_taken":0,"max_hp_gain":0,"max_hp_loss":0,"event_name":"Forgotten Altar","floor":25,"gold_loss":0,"cards_obtained":["Decay"]},{"cards_removed":["Strike_B"],"damage_healed":0,"gold_gain":0,"player_choice":"Gave Gold","damage_taken":0,"max_hp_gain":0,"max_hp_loss":0,"event_name":"Beggar","floor":30,"gold_loss":75},{"damage_healed":0,"gold_gain":0,"player_choice":"Memory 1","damage_taken":0,"max_hp_gain":0,"max_hp_loss":0,"event_name":"SensoryStone","floor":39,"gold_loss":0},{"damage_healed":0,"gold_gain":0,"player_choice":"Trade","damage_taken":0,"relics_obtained":["GremlinMask"],"max_hp_gain":0,"max_hp_loss":0,"event_name":"FaceTrader","floor":48,"gold_loss":0}],"is_beta":false,"boss_relics":[{"not_picked":["FrozenCore","Eternal Feather"],"picked":"Cursed Key"},{"not_picked":["Inserter","Pandora\u0027s Box"],"picked":"Astrolabe"}],"items_purged_floors":[],"is_endless":false,"potions_floor_spawned":[1,2,6,16,20,27,28,33,35,37,40,47],"killed_by":"Awakened One","ascension_level":15}