{"gold_per_floor":[210,285,17,17,34,34,34,34,34,50,69,79,108,108,108,231,231,252,252,267,60,60,60,92,92,115,128,146,161,178,198,198,296,296,309,328,346,74,85,111,111,142,142,142,142],"floor_reached":45,"playtime":3980,"items_purged":["Decay"],"score":546,"play_id":"357f1877-9963-4f82-8799-564e6532a2e7","local_time":"20181213185937","is_ascension_mode":false,"campfire_choices":[{"data":"Redo","floor":6,"key":"SMITH"},{"floor":15,"key":"REST"},{"floor":23,"key":"REST"},{"floor":32,"key":"REST"},{"floor":41,"key":"REST"}],"neow_cost":"NONE","seed_source_timestamp":76148293657065,"circlet_count":0,"master_deck":["Strike_B","Strike_B","Strike_B","Strike_B","Defend_B+1","Defend_B","Defend_B+1","Defend_B","Zap","Dualcast","Beam Cell","Conserve Battery+1","Redo+1","Go for the Eyes","Static Discharge","Sunder","Defragment","Injury","Electrodynamics","Ball Lightning","Barrage","All For One","Stack","Chill","Rebound","Static Discharge","Defragment","Echo Form","Clumsy","Parasite","Cold Snap","Leap","Cold Snap+1","Go for the Eyes+1","Genetic Algorithm","Reprogram","Heatsinks+1"],"relics":["Cracked Core","Matryoshka","Bag of Preparation","Torii","War Paint","Blood Vial","Bloody Idol","Lizard Tail","Spirit Poop","Toolbox","Thread and Needle","Darkstone Periapt","Juzu Bracelet","Calling Bell","Vajra","Cables","Gambling Chip","HandDrill","Centennial Puzzle","Oddly Smooth Stone","Frozen Egg 2"],"potions_floor_usage":[16,16,27,28,28,33,33,35,39,42,42],"damage_taken":[{"damage":0,"enemies":"Small Slimes","floor":1,"turns":3},{"damage":4,"enemies":"Jaw Worm","floor":5,"turns":2},{"damage":3,"enemies":"2 Louse","floor":10,"turns":2},{"damage":3,"enemies":"Exordium Thugs","floor":11,"turns":4},{"damage":1,"enemies":"Large Slime","floor":12,"turns":4},{"damage":23,"enemies":"3 Sentries","floor":13,"turns":5},{"damage":19,"enemies":"Slime Boss","floor":16,"turns":8},{"damage":4,"enemies":"Chosen","floor":18,"turns":4},{"damage":15,"enemies":"3 Byrds","floor":20,"turns":4},{"damage":71,"enemies":"Gremlin Leader","floor":24,"turns":7},{"damage":1,"enemies":"Cultist and Chosen","floor":27,"turns":4},{"damage":0,"enemies":"3 Cultists","floor":28,"turns":4},{"damage":15,"enemies":"Snake Plant","floor":29,"turns":4},{"damage":10,"enemies":"Centurion and Healer","floor":30,"turns":5},{"damage":1,"enemies":"3 Cultists","floor":31,"turns":4},{"damage":51,"enemies":"Automaton","floor":33,"turns":10},{"damage":11,"enemies":"Orb Walker","floor":35,"turns":4},{"damage":11,"enemies":"3 Shapes","floor":36,"turns":6},{"damage":16,"enemies":"Sphere and 2 Shapes","floor":37,"turns":4},{"damage":10,"enemies":"Transient","floor":39,"turns":5},{"damage":58,"enemies":"Nemesis","floor":40,"turns":9},{"damage":48,"enemies":"Reptomancer","floor":42,"turns":5},{"damage":15,"enemies":"Maw","floor":45,"turns":6}],"seed_played":"6291175487375582568","potions_obtained":[{"floor":11,"key":"Weak Potion"},{"floor":12,"key":"LiquidBronze"},{"floor":16,"key":"AttackPotion"},{"floor":18,"key":"GamblersBrew"},{"floor":24,"key":"Weak Potion"},{"floor":27,"key":"EssenceOfSteel"},{"floor":30,"key":"SteroidPotion"},{"floor":33,"key":"SteroidPotion"},{"floor":35,"key":"Fruit Juice"},{"floor":36,"key":"Fire Potion"},{"floor":37,"key":"FearPotion"}],"is_trial":false,"path_per_floor":["M","?","$","?","M","R","?","?","T","M","M","M","E","?","R","B",null,"M","?","M","$","?","R","E","$","T","M","M","M","M","M","R","B",null,"M","M","M","$","M","E","R","E","T","?","M"],"character_chosen":"DEFECT","items_purchased":["Matryoshka","Conserve Battery","Toolbox","HandDrill"],"campfire_rested":4,"item_purchase_floors":[3,3,21,38],"current_hp_per_floor":[75,64,64,64,60,60,60,60,60,57,54,53,30,30,52,35,75,71,71,58,58,58,75,9,9,14,20,27,19,16,22,44,42,93,92,88,79,79,76,25,54,13,13,13,0],"gold":142,"neow_bonus":"HUNDRED_GOLD","is_prod":false,"is_daily":false,"chose_seed":false,"campfire_upgraded":1,"win_rate":0,"timestamp":1544756377,"path_taken":["M","?","$","?","?","R","?","?","T","?","M","M","E","?","R","BOSS","M","?","?","$","?","R","E","?","T","M","M","M","M","M","R","BOSS","M","M","M","?","M","E","R","E","T","?","M"],"build_version":"2018-12-13","purchased_purges":1,"victory":false,"max_hp_per_floor":[75,75,75,75,75,75,75,75,75,75,75,75,75,75,75,75,75,75,75,75,75,75,75,75,75,75,75,75,75,75,75,75,75,93,98,98,98,98,98,98,98,98,98,98,98],"card_choices":[{"not_picked":["Barrage","Go for the Eyes"],"picked":"Beam Cell","floor":1},{"not_picked":["Chaos","Lockon"],"picked":"Redo","floor":5},{"not_picked":["Sweeping Beam","Barrage"],"picked":"Go for the Eyes","floor":10},{"not_picked":["Streamline","Hello World"],"picked":"Static Discharge","floor":11},{"not_picked":["Cold Snap","Stack"],"picked":"Sunder","floor":12},{"not_picked":["Buffer","Aggregate"],"picked":"Defragment","floor":13},{"not_picked":["Creative AI","Biased Cognition"],"picked":"Electrodynamics","floor":16},{"not_picked":["Go for the Eyes","Steam+1"],"picked":"Ball Lightning","floor":18},{"not_picked":["Compile Driver","Fusion"],"picked":"Barrage","floor":20},{"not_picked":["Stack+1","Beam Cell"],"picked":"All For One","floor":24},{"not_picked":["Fusion+1","Scrape"],"picked":"Stack","floor":27},{"not_picked":["Stack+1","Cold Snap"],"picked":"Chill","floor":28},{"not_picked":["Leap","Sweeping Beam"],"picked":"Rebound","floor":29},{"not_picked":["Streamline","Darkness"],"picked":"Static Discharge","floor":30},{"not_picked":["Beam Cell+1","Double Energy"],"picked":"Defragment","floor":31},{"not_picked":["Core Surge","Machine Learning"],"picked":"Echo Form","floor":33},{"not_picked":["Scrape","Sunder"],"picked":"Cold Snap","floor":35},{"not_picked":["Compile Driver","Turbo+1"],"picked":"Leap","floor":36},{"not_picked":["Gash","Stack+1"],"picked":"Cold Snap+1","floor":37},{"not_picked":["Steam","Compile Driver"],"picked":"Go for the Eyes+1","floor":39},{"not_picked":["Rebound","Storm"],"picked":"Genetic Algorithm","floor":40},{"not_picked":["Sweeping Beam+1","Darkness+1"],"picked":"Reprogram","floor":42}],"player_experience":248055,"relics_obtained":[{"floor":9,"key":"Torii"},{"floor":9,"key":"War Paint"},{"floor":13,"key":"Blood Vial"},{"floor":24,"key":"Thread and Needle"},{"floor":26,"key":"Darkstone Periapt"},{"floor":26,"key":"Juzu Bracelet"},{"floor":34,"key":"Vajra"},{"floor":34,"key":"Cables"},{"floor":34,"key":"Gambling Chip"},{"floor":40,"key":"Centennial Puzzle"},{"floor":42,"key":"Oddly Smooth Stone"},{"floor":43,"key":"Frozen Egg 2"}],"event_choices":[{"damage_healed":0,"gold_gain":75,"player_choice":"Gather Gold","damage_taken":11,"max_hp_gain":0,"max_hp_loss":0,"event_name":"World of Goop","floor":2,"gold_loss":0},{"damage_healed":0,"gold_gain":0,"player_choice":"Box","damage_taken":0,"relics_obtained":["Bag of Preparation"],"max_hp_gain":0,"max_hp_loss":0,"event_name":"Big Fish","floor":4,"gold_loss":0,"cards_obtained":["Regret"]},{"damage_healed":0,"gold_gain":0,"player_choice":"Leave","damage_taken":0,"max_hp_gain":0,"max_hp_loss":0,"event_name":"The Cleric","floor":7,"gold_loss":0},{"damage_healed":0,"gold_gain":0,"player_choice":"Upgraded","damage_taken":0,"max_hp_gain":0,"max_hp_loss":0,"event_name":"Upgrade Shrine","floor":8,"gold_loss":0,"cards_upgraded":["Conserve Battery"]},{"damage_healed":0,"gold_gain":0,"player_choice":"Take Wound","damage_taken":0,"relics_obtained":["Golden Idol"],"max_hp_gain":0,"max_hp_loss":0,"event_name":"Golden Idol","floor":14,"gold_loss":0,"cards_obtained":["Injury"]},{"cards_removed":["Regret"],"damage_healed":0,"gold_gain":0,"player_choice":"Offered Curse","damage_taken":0,"relics_obtained":["Spirit Poop"],"max_hp_gain":0,"max_hp_loss":0,"event_name":"Bonfire Elementals","floor":19,"gold_loss":0},{"damage_healed":0,"gold_gain":0,"player_choice":"Gave Idol","damage_taken":0,"relics_obtained":["Bloody Idol"],"max_hp_gain":0,"max_hp_loss":0,"event_name":"Forgotten Altar","floor":22,"relics_lost":["Golden Idol"],"gold_loss":0},{"damage_healed":0,"gold_gain":0,"player_choice":"1 cards matched","damage_taken":0,"max_hp_gain":0,"max_hp_loss":0,"event_name":"Match and Keep!","floor":44,"gold_loss":0,"cards_obtained":["Heatsinks"]}],"is_beta":false,"boss_relics":[{"not_picked":["Tiny House","Orrery"],"picked":"Lizard Tail"},{"not_picked":["Snecko Eye","Coffee Dripper"],"picked":"Calling Bell"}],"items_purged_floors":[38],"is_endless":false,"potions_floor_spawned":[11,12,16,18,24,27,30,33,35,36,37],"killed_by":"Maw","ascension_level":0}