{"gold_per_floor":[116,136,155,155,171,201,201,201],"floor_reached":8,"playtime":366,"items_purged":[],"score":104,"play_id":"1e2d6602-3363-47b4-ae33-dc126a3d9cfc","local_time":"20190423120058","is_ascension_mode":true,"campfire_choices":[],"neow_cost":"NONE","seed_source_timestamp":147522243175115,"circlet_count":0,"master_deck":["AscendersBane","Strike_R","Strike_R","Strike_R+1","Strike_R+1","Strike_R","Defend_R","Defend_R","Defend_R","Defend_R","Bash","Whirlwind","Shrug It Off","Sword Boomerang","Clothesline","Pummel"],"relics":["Burning Blood","Happy Flower","Potion Belt"],"potions_floor_usage":[6,8],"damage_taken":[{"damage":6,"enemies":"Cultist","floor":1,"turns":4},{"damage":20,"enemies":"2 Louse","floor":2,"turns":4},{"damage":3,"enemies":"Small Slimes","floor":3,"turns":5},{"damage":17,"enemies":"Exordium Thugs","floor":5,"turns":6},{"damage":16,"enemies":"Gremlin Nob","floor":6,"turns":3},{"damage":12,"enemies":"Large Slime","floor":8,"turns":4}],"seed_played":"2852698525158860516","potions_obtained":[{"floor":3,"key":"GamblersBrew"},{"floor":5,"key":"Fire Potion"}],"is_trial":false,"path_per_floor":["M","M","M","?","M","E","?","M"],"character_chosen":"IRONCLAD","items_purchased":[],"campfire_rested":0,"item_purchase_floors":[],"current_hp_per_floor":[68,54,57,52,41,31,8,0],"gold":201,"neow_bonus":"RANDOM_COMMON_RELIC","is_prod":false,"is_daily":false,"chose_seed":false,"campfire_upgraded":0,"win_rate":0,"timestamp":1556046058,"path_taken":["M","?","M","?","M","E","?","M"],"build_version":"2019-01-23","purchased_purges":0,"victory":false,"max_hp_per_floor":[75,75,75,75,75,75,75,75],"card_choices":[{"not_picked":["Wild Strike","Sword Boomerang"],"picked":"Whirlwind","floor":1},{"not_picked":["Battle Trance","Twin Strike"],"picked":"Shrug It Off","floor":2},{"not_picked":["Flex","Blood for Blood"],"picked":"Sword Boomerang","floor":3},{"not_picked":["Twin Strike","Corruption"],"picked":"Clothesline","floor":5},{"not_picked":["Rampage","Dropkick"],"picked":"Pummel","floor":6}],"player_experience":467067,"relics_obtained":[{"floor":6,"key":"Potion Belt"}],"event_choices":[{"damage_healed":0,"gold_gain":0,"player_choice":"Fled","damage_taken":5,"max_hp_gain":0,"max_hp_loss":0,"event_name":"Scrap Ooze","floor":4,"gold_loss":0},{"damage_healed":0,"gold_gain":0,"player_choice":"Entered Light","damage_taken":23,"max_hp_gain":0,"max_hp_loss":0,"event_name":"Shining Light","floor":7,"gold_loss":0,"cards_upgraded":["Strike_R","Strike_R"]}],"is_beta":false,"boss_relics":[],"items_purged_floors":[],"is_endless":false,"potions_floor_spawned":[3,5],"killed_by":"Large Slime","ascension_level":16}