{"gold_per_floor":[111,129,304,34,52,82,31,31,106,106,116,149,149,165,165,263,263,275,290,190,202,202,202,216,216,294,308,308,308,308,341,341,437,437,452,500,68,84,84,113,113,126,180,192,204,216,78,104,104,104],"floor_reached":50,"playtime":3822,"items_purged":["Doubt","Strike_R","Strike_R","Defend_R"],"score":655,"play_id":"d1a8caa7-b24a-4b85-a205-693eca3d16fe","local_time":"20181129172037","is_ascension_mode":true,"campfire_choices":[{"data":"Shrug It Off","floor":10,"key":"SMITH"},{"data":"Barricade","floor":13,"key":"SMITH"},{"data":"Heavy Blade","floor":15,"key":"SMITH"},{"data":"Body Slam","floor":23,"key":"SMITH"},{"data":"Berserk","floor":25,"key":"SMITH"},{"data":"Bash","floor":28,"key":"SMITH"},{"floor":30,"key":"REST"},{"floor":32,"key":"REST"},{"data":"Shrug It Off","floor":41,"key":"SMITH"},{"floor":46,"key":"RECALL"},{"floor":49,"key":"DIG"}],"neow_cost":"NONE","seed_source_timestamp":805183681738300,"circlet_count":0,"master_deck":["Strike_R","Strike_R","Defend_R","Defend_R","Defend_R","Bash+1","Body Slam+1","Heavy Blade+1","Shrug It Off+1","Barricade+1","Heavy Blade+1","Berserk+1","Twin Strike+1","Ghostly Armor+1","Shrug It Off+1","Double Tap"],"relics":["Burning Blood","Brimstone","PreservedInsect","Matryoshka","Omamori","Velvet Choker","Blue Candle","Shuriken","Blood Vial","MutagenicStrength","Ancient Tea Set","Sozu","Shovel","Strawberry","Pen Nib","MawBank","Lantern","Bag of Marbles","Gremlin Horn"],"potions_floor_usage":[6,11,11,16,21,27],"damage_taken":[{"damage":0,"enemies":"2 Louse","floor":1,"turns":3},{"damage":0,"enemies":"Small Slimes","floor":2,"turns":3},{"damage":0,"enemies":"Cultist","floor":5,"turns":2},{"damage":0,"enemies":"Lagavulin","floor":6,"turns":4},{"damage":9,"enemies":"3 Louse","floor":11,"turns":3},{"damage":10,"enemies":"3 Sentries","floor":12,"turns":4},{"damage":4,"enemies":"Blue Slaver","floor":14,"turns":3},{"damage":57,"enemies":"The Guardian","floor":16,"turns":9},{"damage":7,"enemies":"Chosen","floor":18,"turns":3},{"damage":19,"enemies":"2 Thieves","floor":19,"turns":3},{"damage":12,"enemies":"Centurion and Healer","floor":21,"turns":3},{"damage":19,"enemies":"Snake Plant","floor":24,"turns":2},{"damage":1,"enemies":"Chosen and Byrds","floor":27,"turns":2},{"damage":28,"enemies":"Gremlin Leader","floor":31,"turns":3},{"damage":45,"enemies":"Automaton","floor":33,"turns":7},{"damage":0,"enemies":"Orb Walker","floor":35,"turns":2},{"damage":32,"enemies":"2 Orb Walkers","floor":36,"turns":4},{"damage":8,"enemies":"3 Shapes","floor":38,"turns":4},{"damage":2,"enemies":"Giant Head","floor":40,"turns":4},{"damage":0,"enemies":"Transient","floor":42,"turns":5},{"damage":22,"enemies":"Nemesis","floor":48,"turns":3},{"damage":77,"enemies":"Awakened One","floor":50,"turns":3}],"seed_played":"4603463977272714838","potions_obtained":[{"floor":2,"key":"SkillPotion"},{"floor":5,"key":"Block Potion"},{"floor":6,"key":"PowerPotion"},{"floor":14,"key":"EssenceOfSteel"},{"floor":19,"key":"SteroidPotion"},{"floor":21,"key":"Explosive Potion"},{"floor":24,"key":"Energy Potion"}],"is_trial":false,"path_per_floor":["M","M","?","$","M","E","$","?","T","R","M","E","R","M","R","B",null,"M","M","$","M","?","R","M","R","T","M","R","?","R","E","R","B",null,"M","?","$","M","?","E","R","M","T","T","?","R","$","E","R","B"],"character_chosen":"IRONCLAD","items_purchased":["Brimstone","Shrug It Off","Double Tap","Strawberry"],"campfire_rested":2,"item_purchase_floors":[4,7,37,37],"current_hp_per_floor":[88,88,88,88,88,88,88,88,88,88,85,81,81,83,83,32,88,87,74,74,68,68,68,55,55,55,62,62,62,88,66,88,49,88,88,62,69,69,69,75,75,83,83,83,83,83,83,69,69,0],"gold":104,"neow_bonus":"TEN_PERCENT_HP_BONUS","is_prod":false,"is_daily":false,"chose_seed":false,"campfire_upgraded":7,"win_rate":0,"timestamp":1543508437,"path_taken":["M","M","?","$","M","E","$","?","T","R","M","E","R","M","R","BOSS","M","M","$","M","?","R","M","R","T","?","R","?","R","E","R","BOSS","M","?","$","M","?","E","R","M","T","?","?","R","$","E","R","BOSS"],"build_version":"2018-11-15","purchased_purges":4,"victory":false,"max_hp_per_floor":[88,88,88,88,88,88,88,88,88,88,88,88,88,88,88,88,88,88,88,88,88,88,88,88,88,88,88,88,88,88,88,88,88,88,88,88,95,95,95,95,95,95,95,95,95,95,95,95,95,95],"card_choices":[{"not_picked":["Headbutt","Searing Blow"],"picked":"Body Slam","floor":1},{"not_picked":["Havoc","Whirlwind"],"picked":"Heavy Blade","floor":2},{"not_picked":["Anger","Wild Strike","Flex"],"picked":"SKIP","floor":5},{"not_picked":["Sentinel","Twin Strike","Sword Boomerang"],"picked":"SKIP","floor":6},{"not_picked":["Body Slam","Twin Strike","Spot Weakness"],"picked":"SKIP","floor":11},{"not_picked":["Combust","Rampage"],"picked":"Barricade","floor":12},{"not_picked":["Rage","Sentinel"],"picked":"Heavy Blade","floor":14},{"not_picked":["Double Tap","Impervious"],"picked":"Berserk","floor":16},{"not_picked":["Armaments","Havoc","Perfected Strike"],"picked":"SKIP","floor":18},{"not_picked":["Sword Boomerang","Anger"],"picked":"Twin Strike+1","floor":19},{"not_picked":["Warcry+1","Twin Strike+1","Disarm"],"picked":"SKIP","floor":21},{"not_picked":["Reaper","Clash","Entrench"],"picked":"SKIP","floor":24},{"not_picked":["Twin Strike","Feel No Pain","Sever Soul"],"picked":"SKIP","floor":27},{"not_picked":["Blood for Blood","Heavy Blade"],"picked":"Ghostly Armor+1","floor":31},{"not_picked":["Flex+1","Sentinel"],"picked":"Shrug It Off","floor":35},{"not_picked":["Power Through+1","Havoc+1","Iron Wave"],"picked":"SKIP","floor":38},{"not_picked":["Wild Strike","Armaments+1","Perfected Strike"],"picked":"SKIP","floor":40},{"not_picked":["True Grit","Rage","Infernal Blade"],"picked":"SKIP","floor":42},{"not_picked":["Armaments","Uppercut","Spot Weakness"],"picked":"SKIP","floor":48}],"player_experience":278619,"relics_obtained":[{"floor":6,"key":"PreservedInsect"},{"floor":9,"key":"Matryoshka"},{"floor":12,"key":"Omamori"},{"floor":26,"key":"Shuriken"},{"floor":26,"key":"Blood Vial"},{"floor":31,"key":"Ancient Tea Set"},{"floor":36,"key":"Shovel"},{"floor":40,"key":"Pen Nib"},{"floor":43,"key":"MawBank"},{"floor":44,"key":"Lantern"},{"floor":48,"key":"Bag of Marbles"},{"floor":49,"key":"Gremlin Horn"}],"event_choices":[{"damage_healed":0,"gold_gain":175,"player_choice":"AGREE","damage_taken":0,"max_hp_gain":0,"max_hp_loss":0,"event_name":"Liars Game","floor":3,"gold_loss":0,"cards_obtained":["Doubt"]},{"damage_healed":0,"gold_gain":0,"player_choice":"Grow","damage_taken":0,"max_hp_gain":0,"max_hp_loss":0,"event_name":"Living Wall","floor":8,"gold_loss":0,"cards_upgraded":["Heavy Blade"]},{"damage_healed":0,"gold_gain":0,"player_choice":"Gave Potion","damage_taken":0,"relics_obtained":["Blue Candle"],"max_hp_gain":0,"max_hp_loss":0,"event_name":"WeMeetAgain","floor":22,"gold_loss":0},{"damage_healed":0,"gold_gain":0,"player_choice":"Inject Mutagens","damage_taken":0,"relics_obtained":["MutagenicStrength"],"max_hp_gain":0,"max_hp_loss":0,"event_name":"Drug Dealer","floor":29,"gold_loss":0},{"damage_healed":0,"gold_gain":0,"player_choice":"Fight","damage_taken":0,"max_hp_gain":0,"max_hp_loss":0,"event_name":"Mysterious Sphere","floor":36,"gold_loss":0},{"cards_removed":["Strike_R"],"damage_healed":0,"gold_gain":0,"player_choice":"Removed Attack","damage_taken":0,"max_hp_gain":0,"max_hp_loss":0,"event_name":"Falling","floor":39,"gold_loss":0},{"damage_healed":0,"gold_gain":0,"player_choice":"Ignored","damage_taken":0,"max_hp_gain":0,"max_hp_loss":0,"event_name":"Tomb of Lord Red Mask","floor":45,"gold_loss":0}],"is_beta":false,"boss_relics":[{"not_picked":["Runic Dome","Philosopher\u0027s Stone"],"picked":"Velvet Choker"},{"not_picked":["Busted Crown","Coffee Dripper"],"picked":"Sozu"}],"items_purged_floors":[4,20,37,47],"is_endless":false,"potions_floor_spawned":[2,5,6,14,19,21,24,35,38,40,48],"killed_by":"Awakened One","ascension_level":1}