{"gold_per_floor":[119,119,119,131,179,179,104,104,131,164,164,193,158,31,31,127,127,145,60,60,75,87,87,87],"floor_reached":24,"playtime":1272,"items_purged":["Doubt","Strike_R"],"score":230,"play_id":"83b4df43-bd55-4156-8f75-ff55a2f363e7","local_time":"20190403132656","is_ascension_mode":true,"campfire_choices":[{"data":"Body Slam","floor":6,"key":"SMITH"},{"data":"Bash","floor":8,"key":"SMITH"},{"floor":11,"key":"REST"},{"data":"Barricade","floor":15,"key":"SMITH"},{"data":"Shrug It Off","floor":23,"key":"SMITH"}],"neow_cost":"NONE","seed_source_timestamp":14618741056632,"circlet_count":0,"master_deck":["Strike_R+1","Strike_R+1","Strike_R","Defend_R","Defend_R","Defend_R","Defend_R","Bash+1","Body Slam+1","Thunderclap","Burning Pact","Barricade+1","Shrug It Off+1","Demon Form","Body Slam+1","Bloodletting+1"],"relics":["Burning Blood","Bag of Marbles","Juzu Bracelet","Bronze Scales","Whetstone","Centennial Puzzle","Mark of Pain","The Courier"],"potions_floor_usage":[16,21,24],"damage_taken":[{"damage":10,"enemies":"Small Slimes","floor":1,"turns":5},{"damage":7,"enemies":"Jaw Worm","floor":4,"turns":4},{"damage":48,"enemies":"Lagavulin","floor":10,"turns":7},{"damage":35,"enemies":"3 Sentries","floor":12,"turns":6},{"damage":17,"enemies":"The Guardian","floor":16,"turns":14},{"damage":26,"enemies":"Shell Parasite","floor":18,"turns":5},{"damage":5,"enemies":"3 Byrds","floor":21,"turns":3},{"damage":25,"enemies":"Centurion and Healer","floor":22,"turns":7},{"damage":48,"enemies":"Book of Stabbing","floor":24,"turns":5}],"seed_played":"714994656273876586","potions_obtained":[{"floor":10,"key":"Ancient Potion"},{"floor":12,"key":"BloodPotion"},{"floor":18,"key":"Block Potion"},{"floor":21,"key":"Weak Potion"}],"is_trial":false,"path_per_floor":["M","?","?","M","T","R","$","R","T","E","R","E","?","$","R","B",null,"M","?","?","M","M","R","E"],"character_chosen":"IRONCLAD","items_purchased":["Shrug It Off"],"campfire_rested":1,"item_purchase_floors":[14],"current_hp_per_floor":[76,76,76,75,75,75,75,75,75,33,57,28,48,48,48,45,80,60,60,60,61,42,42,0],"gold":87,"neow_bonus":"REMOVE_CARD","is_prod":false,"is_daily":false,"chose_seed":false,"campfire_upgraded":4,"win_rate":0,"timestamp":1554290816,"path_taken":["M","?","?","?","?","R","?","R","T","E","R","E","?","$","R","BOSS","M","?","?","M","M","R","E"],"build_version":"2019-01-23","purchased_purges":2,"victory":false,"max_hp_per_floor":[80,80,80,80,80,80,80,80,80,80,80,80,80,80,80,80,80,80,80,80,80,80,80,80],"card_choices":[{"not_picked":["Shrug It Off","Anger"],"picked":"Body Slam","floor":1},{"not_picked":["Havoc","Exhume"],"picked":"Thunderclap","floor":4},{"not_picked":["Entrench","Havoc"],"picked":"Burning Pact","floor":10},{"not_picked":["Headbutt","Body Slam"],"picked":"Barricade","floor":12},{"not_picked":["Barricade","Brutality"],"picked":"Demon Form","floor":16},{"not_picked":["Iron Wave+1","Armaments+1"],"picked":"Body Slam+1","floor":18},{"not_picked":["Body Slam","Clothesline","Anger"],"picked":"SKIP","floor":21},{"not_picked":["Armaments+1","Sword Boomerang+1"],"picked":"Bloodletting+1","floor":22}],"player_experience":225921,"relics_obtained":[{"floor":5,"key":"Juzu Bracelet"},{"floor":9,"key":"Bronze Scales"},{"floor":10,"key":"Whetstone"},{"floor":12,"key":"Centennial Puzzle"}],"event_choices":[{"damage_healed":0,"gold_gain":0,"player_choice":"Box","damage_taken":0,"relics_obtained":["Bag of Marbles"],"max_hp_gain":0,"max_hp_loss":0,"event_name":"Big Fish","floor":2,"gold_loss":0,"cards_obtained":["Regret"]},{"damage_healed":0,"gold_gain":0,"cards_transformed":["Regret"],"player_choice":"Transformed","damage_taken":0,"max_hp_gain":0,"max_hp_loss":0,"event_name":"Transmorgrifier","floor":3,"gold_loss":0,"cards_obtained":["Doubt"]},{"damage_healed":20,"gold_gain":0,"player_choice":"Healed","damage_taken":0,"max_hp_gain":0,"max_hp_loss":0,"event_name":"The Cleric","floor":13,"gold_loss":35},{"damage_healed":0,"gold_gain":0,"player_choice":"Obtained Relic","damage_taken":0,"relics_obtained":["The Courier"],"max_hp_gain":0,"max_hp_loss":0,"event_name":"Addict","floor":19,"gold_loss":85},{"damage_healed":0,"gold_gain":0,"player_choice":"Ignored","damage_taken":0,"max_hp_gain":0,"max_hp_loss":0,"event_name":"Ghosts","floor":20,"gold_loss":0}],"is_beta":false,"boss_relics":[{"not_picked":["Runic Pyramid","Sozu"],"picked":"Mark of Pain"}],"items_purged_floors":[7,14],"is_endless":false,"potions_floor_spawned":[10,12,18,21],"killed_by":"Book of Stabbing","ascension_level":3}