{"gold_per_floor":[115,133,133,143,160,160,19,50,77,109,109,138,149,178,178,277,277,295,295,308,324,337,370,382,413,450,27,46,79,79,97,97,198,198,212,212,228,238,338,363,363,397,420,453,453,485,509,519,519,519],"floor_reached":51,"playtime":6058,"items_purged":["Strike_B"],"score":1180,"play_id":"9ed10c93-8921-4ec0-a23b-44a24cb51e48","local_time":"20190329132452","is_ascension_mode":true,"campfire_choices":[{"data":"Redo","floor":6,"key":"SMITH"},{"data":"Sunder","floor":11,"key":"SMITH"},{"data":"Defragment","floor":15,"key":"SMITH"},{"floor":24,"key":"REST"},{"floor":30,"key":"REST"},{"floor":32,"key":"REST"},{"floor":41,"key":"REST"},{"floor":49,"key":"REST"}],"neow_cost":"TEN_PERCENT_HP_LOSS","seed_source_timestamp":202989219951143,"circlet_count":0,"master_deck":["Strike_B","Strike_B+1","Strike_B+1","Defend_B","Defend_B","Defend_B","Defend_B+1","Zap+1","Dualcast","Hologram","Reinforced Body+1","Self Repair","Redo+1","Sunder+1","Defragment+1","Glacier","Doom and Gloom","Rebound","Machine Learning","Conserve Battery","Creative AI","Chaos+1","Loop+1","Go for the Eyes","Capacitor","Electrodynamics","Double Energy","Static Discharge","Capacitor","Chill","Buffer","Capacitor","Amplify","Coolheaded+1","Glacier+1","Hologram+1","Heatsinks","Thunder Strike","Blizzard","Loop"],"relics":["Cracked Core","Ice Cream","Lantern","Potion Belt","Anchor","Omamori","Happy Flower","Fusion Hammer","CultistMask","MawBank","Whetstone","DollysMirror","Bottled Tornado","Sozu","Gambling Chip","Boot","Unceasing Top","Vajra","War Paint","Smiling Mask","Bronze Scales"],"potions_floor_usage":[5,5,21,23,23,29,40,48],"damage_taken":[{"damage":6,"enemies":"2 Louse","floor":1,"turns":2},{"damage":1,"enemies":"Cultist","floor":2,"turns":3},{"damage":0,"enemies":"Jaw Worm","floor":4,"turns":3},{"damage":3,"enemies":"Lots of Slimes","floor":5,"turns":5},{"damage":7,"enemies":"3 Sentries","floor":8,"turns":6},{"damage":0,"enemies":"Lagavulin","floor":10,"turns":6},{"damage":22,"enemies":"Gremlin Nob","floor":12,"turns":4},{"damage":0,"enemies":"Looter","floor":13,"turns":1},{"damage":4,"enemies":"3 Sentries","floor":14,"turns":7},{"damage":19,"enemies":"Hexaghost","floor":16,"turns":8},{"damage":0,"enemies":"2 Thieves","floor":18,"turns":3},{"damage":1,"enemies":"Shell Parasite","floor":20,"turns":4},{"damage":15,"enemies":"Snake Plant","floor":21,"turns":4},{"damage":6,"enemies":"Centurion and Healer","floor":22,"turns":7},{"damage":21,"enemies":"Slavers","floor":23,"turns":5},{"damage":2,"enemies":"Cultist and Chosen","floor":25,"turns":6},{"damage":4,"enemies":"3 Cultists","floor":28,"turns":4},{"damage":11,"enemies":"Gremlin Leader","floor":29,"turns":5},{"damage":12,"enemies":"Centurion and Healer","floor":31,"turns":5},{"damage":16,"enemies":"Champ","floor":33,"turns":11},{"damage":23,"enemies":"3 Darklings","floor":35,"turns":7},{"damage":0,"enemies":"3 Shapes","floor":37,"turns":5},{"damage":20,"enemies":"Writhing Mass","floor":38,"turns":5},{"damage":9,"enemies":"Mind Bloom Boss Battle","floor":39,"turns":7},{"damage":21,"enemies":"Nemesis","floor":40,"turns":7},{"damage":1,"enemies":"Giant Head","floor":42,"turns":9},{"damage":44,"enemies":"Reptomancer","floor":44,"turns":7},{"damage":0,"enemies":"Giant Head","floor":46,"turns":9},{"damage":15,"enemies":"Jaw Worm Horde","floor":48,"turns":4},{"damage":40,"enemies":"Donu and Deca","floor":50,"turns":7}],"seed_played":"-8126355715978873827","potions_obtained":[{"floor":2,"key":"Fire Potion"},{"floor":4,"key":"Dexterity Potion"},{"floor":8,"key":"GamblersBrew"},{"floor":13,"key":"PowerPotion"},{"floor":20,"key":"SkillPotion"},{"floor":25,"key":"SteroidPotion"},{"floor":29,"key":"Explosive Potion"},{"floor":31,"key":"AttackPotion"}],"is_trial":false,"path_per_floor":["?","M","$","M","?","M","?","?","?","T","M"],"character_chosen":"DEFECT","items_purchased":["Sunder","Defragment","FocusPotion","Static Discharge","DollysMirror"],"campfire_rested":5,"item_purchase_floors":[7,7,27,27,27],"current_hp_per_floor":[62,61,61,61,65,65,65,65,65,68,68,53,53,56,56,37,60,67,67,68,53,54,40,60,65,65,65,61,57,68,56,68,59,66,50,50,57,51,49,35,54,60,60,23,57,57,57,56,57,24],"gold":519,"neow_bonus":"ONE_RARE_RELIC","is_prod":false,"is_daily":false,"chose_seed":false,"campfire_upgraded":3,"win_rate":0,"timestamp":1553887492,"path_taken":["M","M","?","?","M","R","?","E","T","E","R","E","?","E","R","BOSS","M","?","M","M","M","E","R","M","T","$","?","E","R","M","R","BOSS","M","?","M","M","?","E","R","E","T","E","?","E","?","?","R","BOSS"],"build_version":"2019-01-23","purchased_purges":1,"victory":true,"max_hp_per_floor":[68,68,68,68,68,68,68,68,68,68,68,68,68,68,68,68,68,68,68,68,68,68,68,68,68,68,68,68,68,68,68,68,68,68,68,65,65,65,65,65,65,65,65,65,57,57,57,57,57,57],"card_choices":[{"not_picked":["Stack","Undo"],"picked":"Hologram","floor":1},{"not_picked":["Ball Lightning","Redo"],"picked":"Reinforced Body","floor":2},{"not_picked":["Steam Power","Steam"],"picked":"Self Repair","floor":4},{"not_picked":["Stack","Reprogram"],"picked":"Redo","floor":5},{"not_picked":["Reinforced Body","Streamline"],"picked":"Glacier","floor":8},{"not_picked":["Conserve Battery","Sweeping Beam"],"picked":"Doom and Gloom","floor":10},{"not_picked":["Lockon","Sunder"],"picked":"Rebound","floor":12},{"not_picked":["Conserve Battery","Rebound"],"picked":"Machine Learning","floor":13},{"not_picked":["Coolheaded","Stack"],"picked":"Conserve Battery","floor":14},{"not_picked":["Seek","Meteor Strike"],"picked":"Creative AI","floor":16},{"not_picked":["Sunder","Stack+1"],"picked":"Chaos+1","floor":18},{"not_picked":["Streamline+1","Genetic Algorithm"],"picked":"Loop+1","floor":20},{"not_picked":["Steam","Sweeping Beam"],"picked":"Go for the Eyes","floor":21},{"not_picked":["Barrage","Turbo"],"picked":"Capacitor","floor":22},{"not_picked":["Stack","Steam+1"],"picked":"Electrodynamics","floor":23},{"not_picked":["Streamline","Gash+1"],"picked":"Double Energy","floor":25},{"not_picked":["Go for the Eyes","Cold Snap+1"],"picked":"Chill","floor":28},{"not_picked":["Rebound","Static Discharge"],"picked":"Buffer","floor":29},{"not_picked":["Doom and Gloom","Hologram"],"picked":"Capacitor","floor":31},{"not_picked":["Seek","Reboot"],"picked":"Amplify","floor":33},{"not_picked":["Beam Cell+1","Hello World","Steam"],"picked":"SKIP","floor":35},{"not_picked":["Auto Shields+1","Redo","Self Repair"],"picked":"SKIP","floor":37},{"not_picked":["Auto Shields+1","Streamline+1"],"picked":"Coolheaded+1","floor":38},{"not_picked":["Leap+1","Compile Driver"],"picked":"Glacier+1","floor":39},{"not_picked":["Compile Driver","Redo"],"picked":"Hologram+1","floor":40},{"not_picked":["Scrape+1","Recycle"],"picked":"Heatsinks","floor":42},{"not_picked":["Stack","Cold Snap+1"],"picked":"Thunder Strike","floor":44},{"not_picked":["Gash+1","Steam Power+1"],"picked":"Blizzard","floor":46},{"not_picked":["Sweeping Beam","Chill+1"],"picked":"Loop","floor":48}],"player_experience":410090,"relics_obtained":[{"floor":8,"key":"Lantern"},{"floor":9,"key":"Potion Belt"},{"floor":10,"key":"Anchor"},{"floor":12,"key":"Omamori"},{"floor":14,"key":"Happy Flower"},{"floor":23,"key":"MawBank"},{"floor":26,"key":"Whetstone"},{"floor":29,"key":"Bottled Tornado"},{"floor":39,"key":"Gambling Chip"},{"floor":40,"key":"Boot"},{"floor":42,"key":"Unceasing Top"},{"floor":43,"key":"Vajra"},{"floor":44,"key":"War Paint"},{"floor":46,"key":"Smiling Mask"},{"floor":47,"key":"Bronze Scales"}],"event_choices":[{"damage_healed":0,"gold_gain":0,"player_choice":"Upgraded","damage_taken":0,"max_hp_gain":0,"max_hp_loss":0,"event_name":"Upgrade Shrine","floor":3,"gold_loss":0,"cards_upgraded":["Zap"]},{"damage_healed":0,"gold_gain":0,"player_choice":"Trade","damage_taken":0,"relics_obtained":["CultistMask"],"max_hp_gain":0,"max_hp_loss":0,"event_name":"FaceTrader","floor":19,"gold_loss":0},{"damage_healed":0,"gold_gain":0,"player_choice":"Max HP","damage_taken":0,"max_hp_gain":0,"max_hp_loss":3,"event_name":"Winding Halls","floor":36,"gold_loss":0},{"damage_healed":0,"gold_gain":0,"player_choice":"Fight","damage_taken":0,"max_hp_gain":0,"max_hp_loss":0,"event_name":"MindBloom","floor":39,"gold_loss":0},{"damage_healed":57,"gold_gain":0,"player_choice":"Heal","damage_taken":0,"max_hp_gain":0,"max_hp_loss":8,"event_name":"The Moai Head","floor":45,"gold_loss":0}],"is_beta":false,"boss_relics":[{"not_picked":["Snecko Eye","Runic Pyramid"],"picked":"Fusion Hammer"},{"not_picked":["Empty Cage","Tiny House"],"picked":"Sozu"}],"items_purged_floors":[27],"is_endless":false,"potions_floor_spawned":[2,4,8,13,20,25,29,31,38,39,44,48],"ascension_level":7}