{"gold_per_floor":[117,217,217,217,231,231,156,156,180,197,197,208,241,259,259,359,359,376,276,294,294,294,294,294],"floor_reached":24,"playtime":725,"items_purged":["Decay","Strike_R"],"score":194,"play_id":"35b918ab-341c-43c3-bdd9-68e00b13d2b5","local_time":"20180920170744","is_ascension_mode":false,"campfire_choices":[{"data":"Bash","floor":6.0,"key":"SMITH"},{"data":"Shockwave","floor":8.0,"key":"SMITH"},{"data":"Searing Blow","floor":15.0,"key":"SMITH"},{"data":"Searing Blow+1","floor":23,"key":"SMITH"}],"neow_cost":"NONE","seed_source_timestamp":0,"circlet_count":0,"master_deck":["Strike_R","Strike_R","Strike_R","Defend_R","Defend_R","Defend_R","Bash+1","Shrug It Off","Shockwave+1","Searing Blow+2","Impervious","Shrug It Off+1"],"special_seed":0,"relics":["Burning Blood","CultistMask","Dream Catcher","Bag of Preparation","Sozu","MutagenicStrength"],"potions_floor_usage":[],"damage_taken":[{"damage":7.0,"enemies":"2 Louse","floor":1.0,"turns":3.0},{"damage":1.0,"enemies":"Cultist","floor":5.0,"turns":4.0},{"damage":6.0,"enemies":"Jaw Worm","floor":10.0,"turns":3.0},{"damage":5.0,"enemies":"Blue Slaver","floor":12.0,"turns":5.0},{"damage":18.0,"enemies":"Lagavulin","floor":13.0,"turns":6.0},{"damage":4.0,"enemies":"3 Louse","floor":14.0,"turns":5.0},{"damage":45.0,"enemies":"The Guardian","floor":16.0,"turns":15.0},{"damage":21.0,"enemies":"2 Thieves","floor":18.0,"turns":4.0},{"damage":0.0,"enemies":"Chosen","floor":20.0,"turns":7.0},{"damage":75,"enemies":"Gremlin Leader","floor":24,"turns":7}],"seed_played":"-2003171961705699716","potions_obtained":[{"floor":1.0,"key":"Fire Potion"},{"floor":5.0,"key":"GamblersBrew"},{"floor":13.0,"key":"SteroidPotion"}],"is_trial":false,"path_per_floor":["M","?","?","?","M","R","$","R","T","M","?","M","E","M","R","B",null,"M","$","M","?","?","R"],"character_chosen":"IRONCLAD","items_purchased":[],"campfire_rested":0,"item_purchase_floors":[],"current_hp_per_floor":[79,79,79,79,80,80,80,80,80,80,73,74,62,64,64,25,80,65,65,71,71,71,71,0],"gold":294,"neow_bonus":"REMOVE_CARD","is_prod":false,"is_daily":false,"chose_seed":false,"campfire_upgraded":4,"win_rate":0,"timestamp":1537488464,"path_taken":["M","?","?","?","M","R","?","R","T","M","?","?","E","M","R","BOSS","M","$","M","?","?","R","E"],"build_version":"2018-09-20","purchased_purges":2,"victory":false,"max_hp_per_floor":[80,80,80,80,80,80,80,80,80,80,80,80,80,80,80,80,80,80,80,80,80,80,80,80],"card_choices":[{"not_picked":["Inflame","Wild Strike"],"picked":"Shrug It Off","floor":1.0},{"not_picked":["Wild Strike","Rupture"],"picked":"Shockwave","floor":5.0},{"not_picked":["Hemokinesis","Feel No Pain"],"picked":"Searing Blow","floor":10.0},{"not_picked":["Burning Pact","Heavy Blade","Immolate"],"picked":"SKIP","floor":12.0},{"not_picked":["Metallicize","Brutality","Havoc"],"picked":"SKIP","floor":13.0},{"not_picked":["Carnage","Body Slam","Flex"],"picked":"SKIP","floor":14.0},{"not_picked":["Bludgeon","Reaper"],"picked":"Impervious","floor":16.0},{"not_picked":["Intimidate+1","Heavy Blade"],"picked":"Shrug It Off+1","floor":18.0},{"not_picked":["Twin Strike","Flex","Warcry"],"picked":"SKIP","floor":20.0}],"player_experience":241381,"relics_obtained":[{"floor":9.0,"key":"Dream Catcher"},{"floor":13.0,"key":"Bag of Preparation"}],"event_choices":[{"event_name":"Golden Shrine","player_choice":"Pray","floor":2.0,"damage_taken":0.0},{"event_name":"FaceTrader","player_choice":"Trade","floor":3.0,"damage_taken":0.0},{"event_name":"Wheel of Change","player_choice":"Curse","floor":4.0,"damage_taken":0.0},{"event_name":"Golden Wing","player_choice":"Card Removal","floor":11.0,"damage_taken":0.0},{"event_name":"Ghosts","player_choice":"Ignored","floor":21.0,"damage_taken":0.0},{"event_name":"Drug Dealer","player_choice":"Inject Mutagens","floor":22.0,"damage_taken":0.0}],"is_beta":false,"boss_relics":[{"not_picked":["Coffee Dripper","Runic Pyramid"],"picked":"Sozu"}],"items_purged_floors":[7,19],"is_endless":false,"potions_floor_spawned":[1,5,13,18,20],"killed_by":"Gremlin Leader","ascension_level":0}