{"gold_per_floor":[109,59,134,147,147,147,164,164,164,183,10,27,39,50,50,123,123,137,137,152,172,97,124,141,161,188,188,188,221,221,145,145,220,220,238,254,271,271,271,271,288,300,323,323,333,333,86,120,120,120],"floor_reached":51,"playtime":2092,"items_purged":["Strike_R","Strike_R","Defend_R"],"score":1149,"play_id":"7eb9a8f0-776a-4659-8785-a3bfddbdd5c1","local_time":"20190505220757","is_ascension_mode":true,"campfire_choices":[{"data":"Shockwave","floor":6,"key":"SMITH"},{"data":"Pummel","floor":8,"key":"SMITH"},{"data":"Flex","floor":15,"key":"SMITH"},{"data":"Heavy Blade","floor":27,"key":"SMITH"},{"floor":30,"key":"REST"},{"floor":32,"key":"REST"},{"data":"Pommel Strike","floor":40,"key":"SMITH"},{"data":"Shrug It Off","floor":44,"key":"SMITH"},{"floor":46,"key":"REST"},{"data":"Impervious","floor":49,"key":"SMITH"}],"neow_cost":"TEN_PERCENT_HP_LOSS","seed_source_timestamp":1945382013318044,"circlet_count":0,"master_deck":["AscendersBane","Defend_R","Shockwave+1","Heavy Blade+1","Pummel+1","Body Slam+1","Flex+1","Reaper+1","Pommel Strike+1","Headbutt","Cleave","Demon Form+1","Shrug It Off","Shrug It Off+1","Impervious+1","Headbutt","Shrug It Off","Flex+1"],"special_seed":0,"relics":["Burning Blood","PreservedInsect","Philosopher\u0027s Stone","Smiling Mask","Whetstone","Red Mask","Busted Crown","Happy Flower","Bird Faced Urn"],"potions_floor_usage":[16,16,18,21,50],"damage_taken":[{"damage":7.0,"enemies":"2 Louse","floor":1.0,"turns":4.0},{"damage":9.0,"enemies":"Small Slimes","floor":4.0,"turns":5.0},{"damage":7,"enemies":"Jaw Worm","floor":7,"turns":3},{"damage":13,"enemies":"Exordium Wildlife","floor":10,"turns":3},{"damage":7,"enemies":"Looter","floor":12,"turns":3},{"damage":9,"enemies":"Red Slaver","floor":13,"turns":2},{"damage":12,"enemies":"3 Louse","floor":14,"turns":4},{"damage":40,"enemies":"Hexaghost","floor":16,"turns":9},{"damage":19,"enemies":"2 Thieves","floor":18,"turns":3},{"damage":18,"enemies":"Chosen","floor":20,"turns":4},{"damage":8,"enemies":"Centurion and Healer","floor":21,"turns":3},{"damage":71,"enemies":"Slavers","floor":23,"turns":4},{"damage":18,"enemies":"Snake Plant","floor":24,"turns":3},{"damage":16,"enemies":"Chosen and Byrds","floor":25,"turns":6},{"damage":21,"enemies":"Masked Bandits","floor":29,"turns":4},{"damage":45,"enemies":"Collector","floor":33,"turns":7},{"damage":9,"enemies":"3 Darklings","floor":35,"turns":5},{"damage":24,"enemies":"3 Shapes","floor":36,"turns":4},{"damage":22,"enemies":"3 Darklings","floor":37,"turns":5},{"damage":1,"enemies":"Sphere and 2 Shapes","floor":41,"turns":3},{"damage":28,"enemies":"Maw","floor":42,"turns":5},{"damage":32,"enemies":"Transient","floor":45,"turns":5},{"damage":18,"enemies":"Nemesis","floor":48,"turns":5},{"damage":68,"enemies":"Awakened One","floor":50,"turns":8}],"seed_played":"7145293990245196058","potions_obtained":[{"floor":4.0,"key":"Block Potion"},{"floor":14,"key":"SneckoOil"},{"floor":16,"key":"SteroidPotion"},{"floor":18,"key":"Strength Potion"},{"floor":25,"key":"LiquidBronze"},{"floor":33,"key":"BloodPotion"}],"is_trial":false,"path_per_floor":["M","?","?","M","?","R","M","R","T","M","$","M","M","M","R","B",null,"M","?","M","M","$","E","M","M","T","R","?","?","R","$","R","B",null,"M","M","M","?","?","R","M","M","T","R","M","R","$","E","R","B",null],"character_chosen":"IRONCLAD","items_purchased":["Flex","Reaper","Shrug It Off","Shrug It Off","Happy Flower"],"campfire_rested":3,"item_purchase_floors":[11,11,31,47,47],"current_hp_per_floor":[71,71,60,57,57,57,56,56,56,49,49,48,45,45,45,15,58,57,57,51,72,72,27,15,23,23,23,23,13,34,34,55,38,64,72,54,56,56,56,56,72,50,50,50,45,66,66,70,70,37],"gold":120,"neow_bonus":"TRANSFORM_TWO_CARDS","is_prod":false,"is_daily":false,"chose_seed":false,"campfire_upgraded":7,"win_rate":0,"timestamp":1557061677,"path_taken":["M","?","?","M","?","R","M","R","T","M","$","?","M","M","R","BOSS","M","?","M","?","$","E","M","M","T","R","?","?","R","?","R","BOSS","M","M","M","?","?","R","M","M","T","R","M","R","$","E","R","BOSS"],"build_version":"2019-01-23","purchased_purges":3,"victory":true,"max_hp_per_floor":[72,72,72,72,72,72,72,72,72,72,72,72,72,72,72,72,72,72,72,72,72,72,72,72,72,72,72,72,72,72,72,72,72,72,72,72,72,72,72,72,72,72,72,72,72,72,72,72,72,72],"card_choices":[{"not_picked":["Havoc","Burning Pact","Wild Strike"],"picked":"SKIP","floor":1.0},{"not_picked":["Thunderclap","Havoc","Armaments"],"picked":"SKIP","floor":4.0},{"not_picked":["Perfected Strike","Ghostly Armor"],"picked":"Pummel","floor":7},{"not_picked":["Rage","Heavy Blade"],"picked":"Body Slam","floor":10},{"not_picked":["Havoc","Perfected Strike"],"picked":"Pommel Strike","floor":12},{"not_picked":["Bloodletting","Pommel Strike"],"picked":"Headbutt","floor":13},{"not_picked":["Reckless Charge","Rupture"],"picked":"Cleave","floor":14},{"not_picked":["Brutality","Limit Break"],"picked":"Demon Form","floor":16},{"not_picked":["Pommel Strike","Burning Pact","Armaments"],"picked":"SKIP","floor":18},{"not_picked":["Perfected Strike","Feel No Pain","Clothesline"],"picked":"SKIP","floor":20},{"not_picked":["Body Slam","Power Through","Rampage"],"picked":"SKIP","floor":21},{"not_picked":["Blood for Blood","Shockwave","Anger"],"picked":"SKIP","floor":23},{"not_picked":["True Grit","Flex","Rampage+1"],"picked":"SKIP","floor":24},{"not_picked":["Warcry+1","Seeing Red+1"],"picked":"Shrug It Off","floor":25},{"not_picked":["Berserk","Brutality"],"picked":"Impervious","floor":33},{"not_picked":["Metallicize"],"picked":"SKIP","floor":35},{"not_picked":["Twin Strike"],"picked":"SKIP","floor":36},{"not_picked":["Infernal Blade"],"picked":"SKIP","floor":37},{"not_picked":["Seeing Red"],"picked":"SKIP","floor":41},{"not_picked":["Headbutt"],"picked":"SKIP","floor":42},{"not_picked":[],"picked":"Headbutt","floor":42},{"not_picked":["Rampage"],"picked":"SKIP","floor":45},{"not_picked":[],"picked":"Flex+1","floor":48}],"player_experience":522769,"relics_obtained":[{"floor":9,"key":"PreservedInsect"},{"floor":23,"key":"Smiling Mask"},{"floor":26,"key":"Whetstone"},{"floor":29,"key":"Red Mask"},{"floor":48,"key":"Bird Faced Urn"}],"event_choices":[{"cards_removed":["Berserk"],"damage_healed":0.0,"max_hp_gain":0.0,"max_hp_loss":0.0,"gold_gain":0.0,"event_name":"The Cleric","player_choice":"Card Removal","floor":2.0,"gold_loss":50.0,"damage_taken":0.0},{"damage_healed":0.0,"max_hp_gain":0.0,"max_hp_loss":0.0,"gold_gain":75.0,"event_name":"World of Goop","player_choice":"Gather Gold","floor":3.0,"gold_loss":0.0,"damage_taken":11.0},{"damage_healed":0,"gold_gain":0,"cards_transformed":["Defend_R"],"player_choice":"Change","damage_taken":0,"max_hp_gain":0,"max_hp_loss":0,"event_name":"Living Wall","floor":5,"gold_loss":0,"cards_obtained":["Heavy Blade"]},{"damage_healed":0,"gold_gain":0,"player_choice":"Upgraded","damage_taken":0,"max_hp_gain":0,"max_hp_loss":0,"event_name":"Upgrade Shrine","floor":19,"gold_loss":0,"cards_upgraded":["Demon Form"]},{"cards_removed":["Strike_R"],"damage_healed":0,"gold_gain":0,"player_choice":"Elegance","damage_taken":0,"max_hp_gain":0,"max_hp_loss":0,"event_name":"Back to Basics","floor":28,"gold_loss":0},{"damage_healed":0,"gold_gain":0,"player_choice":"Fought Bandits","damage_taken":0,"max_hp_gain":0,"max_hp_loss":0,"event_name":"Masked Bandits","floor":29,"gold_loss":0},{"cards_removed":["Bash"],"damage_healed":0,"gold_gain":0,"player_choice":"Removed Attack","damage_taken":0,"max_hp_gain":0,"max_hp_loss":0,"event_name":"Falling","floor":38,"gold_loss":0},{"cards_removed":["Defend_R"],"damage_healed":0,"gold_gain":0,"player_choice":"Purged","damage_taken":0,"max_hp_gain":0,"max_hp_loss":0,"event_name":"Purifier","floor":39,"gold_loss":0}],"is_beta":false,"boss_relics":[{"not_picked":["Orrery","Runic Cube"],"picked":"Philosopher\u0027s Stone"},{"not_picked":["Pandora\u0027s Box","Runic Dome"],"picked":"Busted Crown"}],"items_purged_floors":[22,31,47],"is_endless":false,"potions_floor_spawned":[4,14,16,18,25,33,36,45,48],"ascension_level":13}