{"gold_per_floor":[118,132,307,319,319,349,369,36,36,0,0,15,15],"floor_reached":13,"playtime":673,"items_purged":[],"score":85,"play_id":"e4cad075-d04c-4a3f-9b24-ad37699c9e59","local_time":"20190309095751","is_ascension_mode":false,"campfire_choices":[],"neow_cost":"NONE","seed_source_timestamp":433848199859691,"circlet_count":0,"master_deck":["Strike_B","Strike_B","Strike_B","Strike_B","Defend_B","Defend_B","Defend_B","Defend_B","Zap","Dualcast","Machine Learning","Auto Shields","Static Discharge","Doubt","Darkness","Rebound","Storm","Barrage","Redo","Coolheaded","Amplify"],"relics":["Cracked Core","Shovel","Incense Burner","Pantograph"],"potions_floor_usage":[6,12],"damage_taken":[{"damage":6,"enemies":"Jaw Worm","floor":1,"turns":3},{"damage":0,"enemies":"Small Slimes","floor":2,"turns":3},{"damage":5,"enemies":"Cultist","floor":4,"turns":4},{"damage":28,"enemies":"Gremlin Nob","floor":6,"turns":4},{"damage":5,"enemies":"Looter","floor":7,"turns":4},{"damage":10,"enemies":"3 Louse","floor":12,"turns":2},{"damage":24,"enemies":"Lagavulin","floor":13,"turns":3}],"seed_played":"4987673154359432271","potions_obtained":[{"floor":4,"key":"PowerPotion"},{"floor":7,"key":"Explosive Potion"}],"is_trial":false,"path_per_floor":["M","M","?","M","?","E","M","$","T","?","?","M","E"],"character_chosen":"DEFECT","items_purchased":["Incense Burner","Coolheaded"],"campfire_rested":0,"item_purchase_floors":[8,8],"current_hp_per_floor":[69,69,69,64,64,36,31,31,31,31,31,21,0],"gold":15,"neow_bonus":"ONE_RANDOM_RARE_CARD","is_prod":false,"is_daily":false,"chose_seed":false,"campfire_upgraded":0,"win_rate":0.0,"timestamp":1552093071,"path_taken":["M","M","?","M","?","E","?","$","T","?","?","M","E"],"build_version":"2019-01-23","purchased_purges":0,"victory":false,"max_hp_per_floor":[75,75,75,75,75,75,75,75,75,75,75,75,75],"card_choices":[{"not_picked":["Sweeping Beam","Loop"],"picked":"Auto Shields","floor":1},{"not_picked":["Rebound","Gash"],"picked":"Static Discharge","floor":2},{"not_picked":["Barrage","Sweeping Beam"],"picked":"Darkness","floor":4},{"not_picked":["Beam Cell","Leap"],"picked":"Barrage","floor":6},{"not_picked":["Compile Driver","Steam Power"],"picked":"Redo","floor":7},{"not_picked":["Ball Lightning","Leap"],"picked":"Amplify","floor":12}],"player_experience":45181,"relics_obtained":[{"floor":6,"key":"Shovel"},{"floor":9,"key":"Pantograph"}],"event_choices":[{"damage_healed":0,"gold_gain":175,"player_choice":"AGREE","damage_taken":0,"max_hp_gain":0,"max_hp_loss":0,"event_name":"Liars Game","floor":3,"gold_loss":0,"cards_obtained":["Doubt"]},{"damage_healed":0,"gold_gain":0,"player_choice":"2 cards matched","damage_taken":0,"max_hp_gain":0,"max_hp_loss":0,"event_name":"Match and Keep!","floor":5,"gold_loss":0,"cards_obtained":["Rebound","Storm"]},{"damage_healed":0,"gold_gain":0,"player_choice":"Left Gold","damage_taken":0,"max_hp_gain":0,"max_hp_loss":0,"event_name":"World of Goop","floor":10,"gold_loss":36},{"damage_healed":0,"gold_gain":0,"player_choice":"Leave","damage_taken":0,"max_hp_gain":0,"max_hp_loss":0,"event_name":"The Cleric","floor":11,"gold_loss":0}],"is_beta":false,"boss_relics":[],"items_purged_floors":[],"is_endless":false,"potions_floor_spawned":[4,7],"killed_by":"Lagavulin","ascension_level":0}