{"gold_per_floor":[112,127,127,146,146,175,175,187,187,513,513,524,524,540,540,636,636,653,653,578,631,651,651,327,343,343,343,370,370,370,370],"floor_reached":31,"playtime":1849,"items_purged":["Chill","Strike_B"],"score":263,"play_id":"f70fed0a-1bdd-452e-bc40-fd11c853b648","local_time":"20181103091030","is_ascension_mode":false,"campfire_choices":[{"floor":7,"key":"REST"},{"data":"Capacitor","floor":13,"key":"SMITH"},{"floor":15,"key":"REST"},{"data":"Static Discharge","floor":23,"key":"SMITH"},{"floor":27,"key":"REST"},{"data":"Turbo","floor":30,"key":"SMITH"}],"neow_cost":"NONE","seed_source_timestamp":61670535345924,"circlet_count":0,"master_deck":["Strike_B","Strike_B","Strike_B","Defend_B","Defend_B","Defend_B","Defend_B","Zap","Dualcast","Genetic Algorithm","Static Discharge+1","Thunder Strike","Capacitor+1","Turbo+1","Reboot","Sunder","Biased Cognition","Buffer","Static Discharge","Redo+1"],"relics":["Runic Pyramid","Bird Faced Urn","Unceasing Top","Orrery","Nloth\u0027s Gift","Tiny Chest","Lantern","Molten Egg 2","Omamori"],"potions_floor_usage":[6,6,16,16,25,31],"damage_taken":[{"damage":1,"enemies":"Jaw Worm","floor":1,"turns":4},{"damage":0,"enemies":"Cultist","floor":2,"turns":4},{"damage":0,"enemies":"Small Slimes","floor":4,"turns":3},{"damage":48,"enemies":"Gremlin Nob","floor":6,"turns":5},{"damage":6,"enemies":"2 Fungi Beasts","floor":8,"turns":4},{"damage":17,"enemies":"Lagavulin","floor":10,"turns":8},{"damage":16,"enemies":"Exordium Thugs","floor":12,"turns":4},{"damage":9,"enemies":"Large Slime","floor":14,"turns":6},{"damage":5,"enemies":"Slime Boss","floor":16,"turns":10},{"damage":32,"enemies":"Spheric Guardian","floor":18,"turns":6},{"damage":5,"enemies":"3 Byrds","floor":22,"turns":4},{"damage":18,"enemies":"Snake Plant","floor":25,"turns":4},{"damage":39,"enemies":"Slavers","floor":28,"turns":4},{"damage":26,"enemies":"Centurion and Healer","floor":31,"turns":2}],"seed_played":"-6174132398812214696","potions_obtained":[{"floor":1,"key":"Block Potion"},{"floor":4,"key":"LiquidBronze"},{"floor":10,"key":"Energy Potion"},{"floor":14,"key":"Energy Potion"},{"floor":16,"key":"Strength Potion"},{"floor":18,"key":"PowerPotion"},{"floor":25,"key":"EssenceOfSteel"}],"is_trial":false,"path_per_floor":["M","M","?","M","?","E","R","M","T","E","?","M","R","M","R","B",null,"M","?","$","T","M","R","$","M","T","R","E","?","R","M"],"character_chosen":"DEFECT","items_purchased":["Buffer","Lantern"],"campfire_rested":3,"item_purchase_floors":[24,24],"current_hp_per_floor":[74,74,74,74,74,26,48,44,44,29,29,15,15,10,32,31,75,43,43,43,43,44,44,44,32,32,54,21,21,21,0],"gold":370,"neow_bonus":"BOSS_RELIC","is_prod":false,"is_daily":false,"chose_seed":false,"campfire_upgraded":3,"win_rate":0.0,"timestamp":1541232630,"path_taken":["M","M","?","?","?","E","R","M","T","E","?","M","R","M","R","BOSS","M","?","$","?","M","R","$","M","T","R","E","?","R","M"],"build_version":"2018-11-01","purchased_purges":2,"victory":false,"max_hp_per_floor":[75,75,75,75,75,75,75,75,75,75,75,75,75,75,75,75,75,75,75,75,75,75,75,75,75,75,75,75,75,75,75],"card_choices":[{"not_picked":["Melter","Chill"],"picked":"Genetic Algorithm","floor":1},{"not_picked":["Steam Power","Beam Cell"],"picked":"Static Discharge","floor":2},{"not_picked":["Melter","Scrape","Darkness"],"picked":"SKIP","floor":4},{"not_picked":["FTL","Fusion"],"picked":"Chill","floor":6},{"not_picked":["Rebound","Tempest","Consume"],"picked":"SKIP","floor":8},{"not_picked":["Capacitor","Cold Snap"],"picked":"Thunder Strike","floor":10},{"not_picked":["Steam Power","Leap"],"picked":"Capacitor","floor":12},{"not_picked":["Beam Cell","Aggregate"],"picked":"Turbo","floor":14},{"not_picked":["Echo Form","Hyperbeam"],"picked":"Reboot","floor":16},{"not_picked":["Beam Cell","Steam"],"picked":"Sunder","floor":17},{"not_picked":["Gash","Beam Cell"],"picked":"Biased Cognition","floor":18},{"not_picked":["Cold Snap","Steam","Coolheaded+1"],"picked":"SKIP","floor":22},{"not_picked":["Barrage","Conserve Battery"],"picked":"Static Discharge","floor":25},{"not_picked":["Steam","Creative AI"],"picked":"Redo+1","floor":28}],"player_experience":187539,"relics_obtained":[{"floor":6,"key":"Bird Faced Urn"},{"floor":9,"key":"Unceasing Top"},{"floor":10,"key":"Old Coin"},{"floor":21,"key":"Tiny Chest"},{"floor":26,"key":"Molten Egg 2"},{"floor":28,"key":"Omamori"}],"event_choices":[{"damage_healed":0,"gold_gain":0,"player_choice":"Cursed","damage_taken":0,"max_hp_gain":0,"max_hp_loss":0,"event_name":"Wheel of Change","floor":3,"gold_loss":0,"cards_obtained":["Decay"]},{"damage_healed":0,"gold_gain":0,"player_choice":"Ignored","damage_taken":0,"max_hp_gain":0,"max_hp_loss":0,"event_name":"Liars Game","floor":5,"gold_loss":0},{"cards_removed":["Decay"],"damage_healed":0,"gold_gain":0,"player_choice":"Forget","damage_taken":0,"max_hp_gain":0,"max_hp_loss":0,"event_name":"Living Wall","floor":11,"gold_loss":0},{"damage_healed":0,"gold_gain":0,"player_choice":"Traded Relic","damage_taken":0,"relics_obtained":["Nloth\u0027s Gift"],"max_hp_gain":0,"max_hp_loss":0,"event_name":"N\u0027loth","floor":19,"relics_lost":["Old Coin"],"gold_loss":0},{"damage_healed":0,"gold_gain":0,"player_choice":"Smashed Altar","damage_taken":0,"max_hp_gain":0,"max_hp_loss":0,"event_name":"Forgotten Altar","floor":29,"gold_loss":0,"cards_obtained":["Decay"]}],"is_beta":false,"boss_relics":[{"not_picked":["Pandora\u0027s Box","Fusion Hammer"],"picked":"Orrery"}],"items_purged_floors":[20,24],"is_endless":false,"potions_floor_spawned":[1,4,10,14,16,18,25],"killed_by":"Centurion and Healer","ascension_level":0}