{"gold_per_floor":[111,125,138,151,23,49,49,84,161,177,208,225,150,164,164,164],"floor_reached":16,"playtime":697,"items_purged":["Strike_R"],"score":254,"play_id":"02473242-5d3d-4015-b294-14999635457b","local_time":"20190501133445","is_ascension_mode":true,"campfire_choices":[{"floor":7,"key":"REST"},{"data":"Uppercut","floor":15,"key":"SMITH"}],"neow_cost":"NONE","seed_source_timestamp":41950344431007,"circlet_count":0,"master_deck":["AscendersBane","Strike_R","Strike_R","Strike_R","Defend_R","Defend_R","Defend_R","Defend_R","Bash","Headbutt","Pommel Strike","Power Through","Feed","Combust","True Grit","Uppercut+1"],"relics":["Burning Blood","Gremlin Horn","Mango","Darkstone Periapt","Dream Catcher"],"potions_floor_usage":[6,6,10,16],"damage_taken":[{"damage":1,"enemies":"Cultist","floor":1,"turns":3},{"damage":7,"enemies":"Small Slimes","floor":2,"turns":3},{"damage":12,"enemies":"Jaw Worm","floor":3,"turns":3},{"damage":8,"enemies":"2 Fungi Beasts","floor":4,"turns":4},{"damage":50,"enemies":"3 Sentries","floor":6,"turns":12},{"damage":19,"enemies":"Gremlin Nob","floor":8,"turns":4},{"damage":11,"enemies":"Large Slime","floor":10,"turns":6},{"damage":38,"enemies":"Lagavulin","floor":11,"turns":9},{"damage":0,"enemies":"Looter","floor":12,"turns":4},{"damage":8,"enemies":"Blue Slaver","floor":14,"turns":4},{"damage":39,"enemies":"Hexaghost","floor":16,"turns":8}],"seed_played":"-458795632033523398","potions_obtained":[{"floor":2,"key":"SkillPotion"},{"floor":8,"key":"BloodPotion"},{"floor":14,"key":"SpeedPotion"}],"is_trial":false,"path_per_floor":["M","M","M","M","$","E","R","E","T","M","E","M","?","M","R","B"],"character_chosen":"IRONCLAD","items_purchased":["Explosive Potion"],"campfire_rested":1,"item_purchase_floors":[5],"current_hp_per_floor":[80,79,73,71,71,27,51,55,55,62,30,36,36,34,34,0],"gold":164,"neow_bonus":"TEN_PERCENT_HP_BONUS","is_prod":false,"is_daily":false,"chose_seed":false,"campfire_upgraded":1,"win_rate":0,"timestamp":1556742885,"path_taken":["M","?","M","?","$","E","R","E","T","M","E","M","?","M","R","BOSS"],"build_version":"2019-01-23","purchased_purges":1,"victory":false,"max_hp_per_floor":[82,82,82,82,82,82,82,99,99,102,102,102,102,102,102,102],"card_choices":[{"not_picked":["Sword Boomerang","Cleave"],"picked":"Headbutt","floor":1},{"not_picked":["Body Slam","Seeing Red"],"picked":"Pommel Strike","floor":2},{"not_picked":["Havoc","Pommel Strike"],"picked":"Power Through","floor":3},{"not_picked":["Clash","Double Tap","Thunderclap"],"picked":"SKIP","floor":4},{"not_picked":["Body Slam","Twin Strike"],"picked":"Feed","floor":6},{"not_picked":["Bloodletting","Rupture"],"picked":"Combust","floor":8},{"not_picked":["Carnage","Body Slam"],"picked":"True Grit","floor":10},{"not_picked":["Dual Wield","Iron Wave","Body Slam"],"picked":"SKIP","floor":11},{"not_picked":["Perfected Strike","Iron Wave"],"picked":"Uppercut","floor":12},{"not_picked":["Dropkick","Warcry","Seeing Red"],"picked":"SKIP","floor":14}],"player_experience":521322,"relics_obtained":[{"floor":6,"key":"Gremlin Horn"},{"floor":8,"key":"Mango"},{"floor":9,"key":"Darkstone Periapt"},{"floor":11,"key":"Dream Catcher"}],"event_choices":[{"cards_removed":["Strike_R"],"damage_healed":0,"gold_gain":0,"player_choice":"Card Removal","damage_taken":0,"max_hp_gain":0,"max_hp_loss":0,"event_name":"The Cleric","floor":13,"gold_loss":75}],"is_beta":false,"boss_relics":[],"items_purged_floors":[5],"is_endless":false,"potions_floor_spawned":[2,8,14],"killed_by":"Hexaghost","ascension_level":17}