{"gold_per_floor":[115,115,190,201,217,217,245,245,245,245],"floor_reached":10,"playtime":466,"items_purged":[],"score":66,"play_id":"3c8d6a49-18f4-4e45-9a35-cd0ee883752f","local_time":"20190404120058","is_ascension_mode":false,"campfire_choices":[{"data":"Coolheaded","floor":6,"key":"SMITH"},{"data":"Amplify","floor":8,"key":"SMITH"}],"neow_cost":"NONE","seed_source_timestamp":1132244150855000,"circlet_count":0,"master_deck":["Strike_B","Strike_B","Strike_B","Defend_B","Defend_B","Defend_B","Defend_B","Zap","Dualcast","Coolheaded+1","Static Discharge","Compile Driver","Turbo","Amplify+1"],"relics":["Cracked Core","Happy Flower","Frozen Egg 2","Letter Opener"],"potions_floor_usage":[],"damage_taken":[{"damage":6,"enemies":"Jaw Worm","floor":1,"turns":3},{"damage":3,"enemies":"2 Louse","floor":4,"turns":2},{"damage":8,"enemies":"Cultist","floor":5,"turns":3},{"damage":31,"enemies":"3 Sentries","floor":7,"turns":5},{"damage":0,"enemies":"Gremlin Nob","floor":10,"turns":1}],"seed_played":"-4741302432866390188","potions_obtained":[{"floor":1,"key":"Weak Potion"}],"is_trial":false,"path_per_floor":["M","?","?","M","M","R","E","R","T","E"],"character_chosen":"DEFECT","items_purchased":[],"campfire_rested":0,"item_purchase_floors":[],"current_hp_per_floor":[69,69,58,55,47,47,16,16,16,16],"gold":245,"neow_bonus":"RANDOM_COMMON_RELIC","is_prod":false,"is_daily":false,"chose_seed":false,"campfire_upgraded":2,"win_rate":0.0,"timestamp":1554372058,"path_taken":["M","?","?","M","M","R","E","R","T","E"],"build_version":"2019-01-23","purchased_purges":0,"victory":false,"max_hp_per_floor":[75,75,75,75,75,75,75,75,75,75],"card_choices":[{"not_picked":["Static Discharge","Storm"],"picked":"Coolheaded","floor":1},{"not_picked":["Ball Lightning","Hello World"],"picked":"Compile Driver","floor":4},{"not_picked":["Sweeping Beam","Skim"],"picked":"Turbo","floor":5},{"not_picked":["Reprogram","Steam"],"picked":"Amplify","floor":7}],"player_experience":29013,"relics_obtained":[{"floor":7,"key":"Frozen Egg 2"},{"floor":9,"key":"Letter Opener"}],"event_choices":[{"damage_healed":0,"gold_gain":0,"cards_transformed":["Strike_B"],"player_choice":"Change","damage_taken":0,"max_hp_gain":0,"max_hp_loss":0,"event_name":"Living Wall","floor":2,"gold_loss":0,"cards_obtained":["Static Discharge"]},{"damage_healed":0,"gold_gain":75,"player_choice":"Gather Gold","damage_taken":11,"max_hp_gain":0,"max_hp_loss":0,"event_name":"World of Goop","floor":3,"gold_loss":0}],"is_beta":false,"boss_relics":[],"items_purged_floors":[],"is_endless":false,"potions_floor_spawned":[1],"killed_by":"Gremlin Nob","ascension_level":0}