{"gold_per_floor":[116,136,154,154,154,180,180,215,215,215],"floor_reached":10,"playtime":354,"items_purged":[],"score":141,"play_id":"bcba36d2-c420-4234-afcd-a6b68009785d","local_time":"20190429144853","is_ascension_mode":true,"campfire_choices":[{"data":"Bash","floor":7,"key":"SMITH"}],"neow_cost":"NONE","seed_source_timestamp":141646168062829,"circlet_count":0,"master_deck":["AscendersBane","Strike_R","Strike_R","Strike_R","Strike_R","Strike_R","Defend_R","Defend_R","Defend_R","Defend_R","Bash+1","Shrug It Off","Wild Strike","Armaments","Clothesline","Havoc"],"relics":["Burning Blood","Anchor","Dream Catcher","PreservedInsect","Toxic Egg 2"],"potions_floor_usage":[6,10],"damage_taken":[{"damage":1,"enemies":"Cultist","floor":1,"turns":3},{"damage":3,"enemies":"2 Louse","floor":2,"turns":3},{"damage":12,"enemies":"Jaw Worm","floor":3,"turns":2},{"damage":27,"enemies":"Gremlin Nob","floor":6,"turns":4},{"damage":42,"enemies":"3 Sentries","floor":8,"turns":12},{"damage":22,"enemies":"The Mushroom Lair","floor":10,"turns":4}],"seed_played":"2930422515307413680","potions_obtained":[{"floor":3,"key":"AttackPotion"},{"floor":6,"key":"Weak Potion"}],"is_trial":false,"path_per_floor":["M","M","M","?","T","E","R","E","T","?"],"character_chosen":"IRONCLAD","items_purchased":[],"campfire_rested":0,"item_purchase_floors":[],"current_hp_per_floor":[80,82,76,76,76,55,55,19,19,0],"gold":215,"neow_bonus":"TEN_PERCENT_HP_BONUS","is_prod":false,"is_daily":false,"chose_seed":false,"campfire_upgraded":1,"win_rate":0,"timestamp":1556574533,"path_taken":["M","M","?","?","?","E","R","E","T","?"],"build_version":"2019-01-23","purchased_purges":0,"victory":false,"max_hp_per_floor":[82,82,82,82,82,82,82,82,82,82],"card_choices":[{"not_picked":["Body Slam","Entrench"],"picked":"Shrug It Off","floor":1},{"not_picked":["Fire Breathing","Reckless Charge"],"picked":"Wild Strike","floor":2},{"not_picked":["Clothesline","Burning Pact"],"picked":"Armaments","floor":3},{"not_picked":["Armaments","Rupture"],"picked":"Clothesline","floor":6},{"not_picked":["Intimidate","Dark Embrace"],"picked":"Havoc","floor":8}],"player_experience":502477,"relics_obtained":[{"floor":5,"key":"Anchor"},{"floor":6,"key":"Dream Catcher"},{"floor":8,"key":"PreservedInsect"},{"floor":9,"key":"Toxic Egg 2"}],"event_choices":[{"damage_healed":0,"gold_gain":0,"player_choice":"Ignored","damage_taken":0,"max_hp_gain":0,"max_hp_loss":0,"event_name":"Liars Game","floor":4,"gold_loss":0},{"damage_healed":0,"gold_gain":0,"player_choice":"Fought Mushrooms","damage_taken":0,"max_hp_gain":0,"max_hp_loss":0,"event_name":"Mushrooms","floor":10,"gold_loss":0}],"is_beta":false,"boss_relics":[],"items_purged_floors":[],"is_endless":false,"potions_floor_spawned":[3,6],"killed_by":"The Mushroom Lair","ascension_level":17}