{"gold_per_floor":[109,109,109,209,227,227,248,248,318,339,383,383,383,402,402,532,532,557,557,557,557,199,238,238,261,261,280,77,77,98,119,119,247,247,268,268,288,288,308,352,352,375,425,439,42,42,67,86,86,86],"floor_reached":51,"playtime":2447,"items_purged":["Strike_R","Strike_R","Strike_R"],"score":799,"play_id":"8617d816-e3c5-44ee-a9fa-77074b39c6ef","local_time":"20181009220842","is_ascension_mode":false,"campfire_choices":[{"data":"Bash","floor":6,"key":"SMITH"},{"data":"Headbutt","floor":8,"key":"SMITH"},{"data":"Defend_R","floor":15,"key":"SMITH"},{"data":"Disarm","floor":24,"key":"SMITH"},{"data":"Enlightenment","floor":29,"key":"SMITH"},{"floor":32,"key":"REST"},{"floor":41,"key":"REST"},{"floor":49,"key":"REST"}],"neow_cost":"NONE","seed_source_timestamp":1397671172419419,"circlet_count":0,"master_deck":["Strike_R","Defend_R","Defend_R","Defend_R+1","Bash+1","Headbutt+1","Shrug It Off+1","True Grit+1","Disarm+1","Disarm","Combust+1","Enlightenment+1","Juggernaut+1","Entrench","Intimidate+1","Disarm+1","Metallicize+1","Corruption+1","Body Slam","Inflame+1","Power Through","Shrug It Off+1"],"relics":["Burning Blood","Golden Idol","Singing Bowl","Bag of Marbles","Frozen Egg 2","Orrery","Mummified Hand","Centennial Puzzle","Pantograph","Velvet Choker","StoneCalendar","FossilizedHelix","Shuriken","Art of War","Medical Kit"],"potions_floor_usage":[11,16,18,33,33,33,40,44,47,50,50],"damage_taken":[{"damage":3,"enemies":"Small Slimes","floor":1,"turns":3},{"damage":4,"enemies":"2 Louse","floor":5,"turns":3},{"damage":1,"enemies":"Cultist","floor":7,"turns":3},{"damage":18,"enemies":"Red Slaver","floor":10,"turns":5},{"damage":28,"enemies":"Lagavulin","floor":11,"turns":5},{"damage":2,"enemies":"Exordium Thugs","floor":14,"turns":5},{"damage":31,"enemies":"The Guardian","floor":16,"turns":18},{"damage":42,"enemies":"2 Thieves","floor":18,"turns":4},{"damage":29,"enemies":"Book of Stabbing","floor":23,"turns":9},{"damage":9,"enemies":"Shell Parasite","floor":25,"turns":8},{"damage":12,"enemies":"Shelled Parasite and Fungi","floor":27,"turns":9},{"damage":49,"enemies":"Sentry and Sphere","floor":30,"turns":8},{"damage":10,"enemies":"Centurion and Healer","floor":31,"turns":8},{"damage":87,"enemies":"Collector","floor":33,"turns":12},{"damage":6,"enemies":"3 Shapes","floor":35,"turns":7},{"damage":21,"enemies":"3 Darklings","floor":37,"turns":6},{"damage":5,"enemies":"Mind Bloom Boss Battle","floor":38,"turns":7},{"damage":42,"enemies":"Spire Growth","floor":39,"turns":6},{"damage":83,"enemies":"2 Orb Walkers","floor":40,"turns":7},{"damage":0,"enemies":"Maw","floor":42,"turns":8},{"damage":20,"enemies":"Sphere and 2 Shapes","floor":44,"turns":6},{"damage":16,"enemies":"Transient","floor":47,"turns":5},{"damage":0,"enemies":"Maw","floor":48,"turns":7},{"damage":41,"enemies":"Awakened One","floor":50,"turns":12}],"seed_played":"-446847884537887497","potions_obtained":[{"floor":7,"key":"FearPotion"},{"floor":11,"key":"Weak Potion"},{"floor":16,"key":"Fire Potion"},{"floor":27,"key":"SteroidPotion"},{"floor":30,"key":"SkillPotion"},{"floor":31,"key":"EssenceOfSteel"},{"floor":33,"key":"SpeedPotion"},{"floor":35,"key":"BloodPotion"},{"floor":37,"key":"Strength Potion"},{"floor":40,"key":"Block Potion"},{"floor":44,"key":"Fruit Juice"},{"floor":47,"key":"PowerPotion"}],"is_trial":false,"path_per_floor":["M","?","$","?","M","R","M","R","T","M","E","T","?","M","R","B",null,"M","?","?","?","$","E","R","M","T","M","$","R","M","M","R","B",null,"M","?","M","?","M","E","R","M","T","M","$","?","M","M","R","B"],"character_chosen":"IRONCLAD","items_purchased":["Mummified Hand","Combust+1","Enlightenment","Medical Kit","Inflame+1"],"campfire_rested":3,"item_purchase_floors":[22,22,28,45,45],"current_hp_per_floor":[80,60,60,60,62,62,67,67,67,57,37,37,37,43,43,18,96,60,106,106,106,106,85,85,84,84,80,80,80,39,37,71,15,116,118,118,103,118,82,16,51,57,57,43,43,43,38,44,80,70],"gold":86,"neow_bonus":"REMOVE_CARD","is_prod":false,"is_daily":false,"chose_seed":false,"campfire_upgraded":5,"win_rate":0,"timestamp":1539148122,"path_taken":["M","?","$","?","M","R","M","R","T","?","E","?","?","M","R","BOSS","M","?","?","?","$","E","R","M","T","M","$","R","M","?","R","BOSS","M","?","M","?","?","E","R","M","T","?","$","?","M","?","R","BOSS"],"build_version":"2018-10-04v2","purchased_purges":3,"victory":true,"max_hp_per_floor":[80,80,80,80,80,80,80,80,80,82,84,84,84,86,86,86,96,96,106,106,106,106,108,108,110,110,112,112,112,114,116,116,116,116,118,118,118,118,118,118,118,118,118,118,118,118,123,123,123,123],"card_choices":[{"not_picked":["Sentinel","Bloodletting"],"picked":"Headbutt","floor":1},{"not_picked":["Sentinel","Carnage","Second Wind"],"picked":"SKIP","floor":5},{"not_picked":["Body Slam","Anger"],"picked":"Shrug It Off","floor":7},{"not_picked":["Anger","Combust","Pommel Strike"],"picked":"Singing Bowl","floor":10},{"not_picked":["Wild Strike","Headbutt","Rupture"],"picked":"Singing Bowl","floor":11},{"not_picked":["Berserk+1","Disarm","Twin Strike"],"picked":"Singing Bowl","floor":14},{"not_picked":["Fiend Fire","Impervious"],"picked":"Berserk+1","floor":16},{"not_picked":["Clash","Warcry","Heavy Blade"],"picked":"Singing Bowl","floor":17},{"not_picked":["Havoc","Clash","Iron Wave"],"picked":"Singing Bowl","floor":17},{"not_picked":["Shrug It Off","Heavy Blade","Dropkick"],"picked":"Singing Bowl","floor":17},{"not_picked":["Wild Strike","Sever Soul","Shrug It Off"],"picked":"Singing Bowl","floor":17},{"not_picked":["Flex","Burning Pact","Ghostly Armor"],"picked":"Singing Bowl","floor":17},{"not_picked":["Thunderclap","Armaments"],"picked":"True Grit+1","floor":18},{"not_picked":["Heavy Blade","Perfected Strike+1","Reaper"],"picked":"Singing Bowl","floor":23},{"not_picked":["Uppercut+1","Twin Strike+1","Thunderclap"],"picked":"Singing Bowl","floor":25},{"not_picked":["Clash","Battle Trance","Heavy Blade"],"picked":"Singing Bowl","floor":27},{"not_picked":["Sword Boomerang+1","Dual Wield+1","Twin Strike"],"picked":"Singing Bowl","floor":30},{"not_picked":["Headbutt","Thunderclap+1","Perfected Strike"],"picked":"Singing Bowl","floor":31},{"not_picked":["Reaper","Bludgeon"],"picked":"Juggernaut+1","floor":33},{"not_picked":["Flex+1","Wild Strike","Second Wind+1"],"picked":"Singing Bowl","floor":35},{"not_picked":["Second Wind","Blood for Blood+1"],"picked":"Entrench","floor":37},{"not_picked":["Perfected Strike","Inflame+1"],"picked":"Intimidate+1","floor":38},{"not_picked":["Headbutt+1","Anger"],"picked":"Disarm+1","floor":39},{"not_picked":["Feel No Pain+1","Rupture+1"],"picked":"Metallicize+1","floor":40},{"not_picked":["Rage","Feel No Pain+1"],"picked":"Corruption+1","floor":42},{"not_picked":["Sentinel+1","Sword Boomerang+1"],"picked":"Body Slam","floor":44},{"not_picked":["Spot Weakness","Wild Strike+1"],"picked":"Power Through","floor":47},{"not_picked":["Sword Boomerang","Body Slam"],"picked":"Shrug It Off+1","floor":48}],"player_experience":280395,"relics_obtained":[{"floor":9,"key":"Singing Bowl"},{"floor":11,"key":"Bag of Marbles"},{"floor":12,"key":"Frozen Egg 2"},{"floor":23,"key":"Centennial Puzzle"},{"floor":26,"key":"Pantograph"},{"floor":36,"key":"StoneCalendar"},{"floor":38,"key":"FossilizedHelix"},{"floor":40,"key":"Shuriken"},{"floor":43,"key":"Art of War"}],"event_choices":[{"event_name":"Golden Idol","player_choice":"Take Damage","floor":2,"damage_taken":0},{"event_name":"Wheel of Change","player_choice":"Gold","floor":4,"damage_taken":0},{"event_name":"Accursed Blacksmith","player_choice":"Forge","floor":13,"damage_taken":0},{"event_name":"Bonfire Elementals","player_choice":"RARE","floor":19,"damage_taken":0},{"event_name":"Match and Keep!","player_choice":"1 cards matched","floor":20,"damage_taken":0},{"event_name":"Duplicator","player_choice":"One dupe","floor":21,"damage_taken":0},{"event_name":"Wheel of Change","player_choice":"Relic","floor":36,"damage_taken":0},{"event_name":"MindBloom","player_choice":"Fight","floor":38,"damage_taken":0},{"event_name":"Falling","player_choice":"Removed Attack","floor":46,"damage_taken":0}],"is_beta":false,"boss_relics":[{"not_picked":["Sozu","Busted Crown"],"picked":"Orrery"},{"not_picked":["Lizard Tail","Coffee Dripper"],"picked":"Velvet Choker"}],"items_purged_floors":[22,28,45],"is_endless":false,"potions_floor_spawned":[7,11,16,27,30,31,33,35,37,40,44,47],"ascension_level":0}