{"gold_per_floor":[115,115,127,143,218,248,258,274,274,274,274,224,224,239,239,310,310,325,325,47,66,66,66],"floor_reached":23,"playtime":781,"items_purged":[],"score":315,"play_id":"b22ae946-c1f6-4448-8285-fb020e48263e","local_time":"20190503195113","is_ascension_mode":true,"campfire_choices":[{"floor":10,"key":"REST"},{"data":"Flame Barrier","floor":15,"key":"SMITH"}],"neow_cost":"NONE","seed_source_timestamp":330683165535700,"circlet_count":0,"master_deck":["AscendersBane","Strike_R","Strike_R","Strike_R+1","Strike_R","Strike_R","Defend_R","Defend_R+1","Defend_R","Defend_R","Bash","Infernal Blade","Wild Strike","Flame Barrier","Havoc","Havoc","Barricade","Warcry+1","Flame Barrier+1","Impervious","Thunderclap","Ghostly Armor","Cleave"],"relics":["Burning Blood","Regal Pillow","Juzu Bracelet","Red Skull","Busted Crown","Strange Spoon","Nloth\u0027s Gift"],"potions_floor_usage":[16,23,23],"damage_taken":[{"damage":0,"enemies":"Small Slimes","floor":1,"turns":2},{"damage":12,"enemies":"Jaw Worm","floor":3,"turns":2},{"damage":1,"enemies":"Cultist","floor":4,"turns":3},{"damage":28,"enemies":"Gremlin Nob","floor":6,"turns":4},{"damage":10,"enemies":"3 Louse","floor":7,"turns":3},{"damage":5,"enemies":"Red Slaver","floor":8,"turns":5},{"damage":14,"enemies":"Lots of Slimes","floor":14,"turns":6},{"damage":49,"enemies":"Hexaghost","floor":16,"turns":15},{"damage":32,"enemies":"Chosen","floor":18,"turns":6},{"damage":7,"enemies":"3 Byrds","floor":21,"turns":6},{"damage":45,"enemies":"Gremlin Leader","floor":23,"turns":6}],"seed_played":"5156654647701015889","potions_obtained":[{"floor":3,"key":"SneckoOil"},{"floor":6,"key":"Weak Potion"},{"floor":8,"key":"AttackPotion"},{"floor":21,"key":"SkillPotion"}],"is_trial":false,"path_per_floor":["M","?","M","M","?","E","M","M","T","R","?","?","?","M","R","B",null,"M","?","$","M","?","E"],"character_chosen":"IRONCLAD","items_purchased":["Strange Spoon","Ghostly Armor"],"campfire_rested":1,"item_purchase_floors":[20,20],"current_hp_per_floor":[78,62,56,61,50,28,24,25,25,64,64,64,64,56,56,13,63,37,37,37,36,36,0],"gold":66,"neow_bonus":"THREE_CARDS","is_prod":false,"is_daily":false,"chose_seed":false,"campfire_upgraded":1,"win_rate":0,"timestamp":1556905873,"path_taken":["M","?","M","M","?","E","M","M","T","R","?","?","?","M","R","BOSS","M","?","$","M","?","E"],"build_version":"2019-01-23","purchased_purges":0,"victory":false,"max_hp_per_floor":[80,80,80,80,80,80,80,80,80,80,80,80,80,80,80,80,80,80,80,80,80,80,80],"card_choices":[{"not_picked":["Combust","Thunderclap"],"picked":"Infernal Blade","floor":0},{"not_picked":["Body Slam","Iron Wave"],"picked":"Wild Strike","floor":1},{"not_picked":["Thunderclap","Carnage"],"picked":"Flame Barrier","floor":3},{"not_picked":["Blood for Blood","Rupture"],"picked":"Havoc","floor":4},{"not_picked":["Rupture","Cleave"],"picked":"Havoc","floor":6},{"not_picked":["Perfected Strike","Heavy Blade"],"picked":"Barricade","floor":7},{"not_picked":["Twin Strike","Pommel Strike"],"picked":"Warcry","floor":8},{"not_picked":["Armaments","Body Slam"],"picked":"Flame Barrier","floor":14},{"not_picked":["Immolate","Barricade"],"picked":"Impervious","floor":16},{"not_picked":[],"picked":"Thunderclap","floor":18},{"not_picked":[],"picked":"Cleave","floor":21}],"player_experience":1043420,"relics_obtained":[{"floor":6,"key":"Regal Pillow"},{"floor":9,"key":"Juzu Bracelet"}],"event_choices":[{"damage_healed":0,"gold_gain":0,"player_choice":"Entered Light","damage_taken":16,"max_hp_gain":0,"max_hp_loss":0,"event_name":"Shining Light","floor":2,"gold_loss":0,"cards_upgraded":["Strike_R","Defend_R"]},{"damage_healed":0,"gold_gain":75,"player_choice":"Gather Gold","damage_taken":11,"max_hp_gain":0,"max_hp_loss":0,"event_name":"World of Goop","floor":5,"gold_loss":0},{"damage_healed":0,"gold_gain":0,"player_choice":"Box","damage_taken":0,"relics_obtained":["Red Skull"],"max_hp_gain":0,"max_hp_loss":0,"event_name":"Big Fish","floor":11,"gold_loss":0,"cards_obtained":["Regret"]},{"cards_removed":["Regret"],"damage_healed":0,"gold_gain":0,"player_choice":"Card Removal","damage_taken":0,"max_hp_gain":0,"max_hp_loss":0,"event_name":"The Cleric","floor":12,"gold_loss":50},{"damage_healed":0,"gold_gain":0,"player_choice":"Upgraded","damage_taken":0,"max_hp_gain":0,"max_hp_loss":0,"event_name":"Upgrade Shrine","floor":13,"gold_loss":0,"cards_upgraded":["Warcry"]},{"damage_healed":0,"gold_gain":0,"player_choice":"Opened","damage_taken":0,"relics_obtained":["Dodecahedron"],"max_hp_gain":0,"max_hp_loss":0,"event_name":"The Mausoleum","floor":19,"gold_loss":0},{"damage_healed":0,"gold_gain":0,"player_choice":"Traded Relic","damage_taken":0,"relics_obtained":["Nloth\u0027s Gift"],"max_hp_gain":0,"max_hp_loss":0,"event_name":"N\u0027loth","floor":22,"relics_lost":["Dodecahedron"],"gold_loss":0}],"is_beta":false,"boss_relics":[{"not_picked":["Philosopher\u0027s Stone","Calling Bell"],"picked":"Busted Crown"}],"items_purged_floors":[],"is_endless":false,"potions_floor_spawned":[3,6,8,21],"killed_by":"Gremlin Leader","ascension_level":13}