{"gold_per_floor":[109,120,136,152,182,216,216,216],"floor_reached":8,"playtime":1723,"items_purged":[],"score":67,"play_id":"b84ea06f-398f-4c59-bb92-29be0cb3890a","local_time":"20190422160920","is_ascension_mode":true,"campfire_choices":[{"data":"Zap","floor":7,"key":"SMITH"}],"neow_cost":"NONE","seed_source_timestamp":1099516526270099,"circlet_count":0,"master_deck":["Strike_B","Strike_B","Strike_B","Strike_B","Defend_B","Defend_B","Defend_B","Defend_B","Zap+1","Dualcast","BootSequence","Double Energy","Scrape","Skim","Go for the Eyes","Steam","Recycle","Gash","Go for the Eyes"],"relics":["Orrery","Tiny Chest","Ornamental Fan"],"potions_floor_usage":[],"damage_taken":[{"damage":3,"enemies":"2 Louse","floor":1,"turns":3},{"damage":2,"enemies":"Cultist","floor":2,"turns":5},{"damage":3,"enemies":"Jaw Worm","floor":3,"turns":4},{"damage":11,"enemies":"Lots of Slimes","floor":4,"turns":4},{"damage":27,"enemies":"Lagavulin","floor":6,"turns":7},{"damage":38,"enemies":"3 Sentries","floor":8,"turns":7}],"seed_played":"5264553988877047719","potions_obtained":[{"floor":2,"key":"LiquidBronze"},{"floor":3,"key":"FocusPotion"},{"floor":4,"key":"FocusPotion"}],"is_trial":false,"path_per_floor":["M","M","M","M","?","E","R","E"],"character_chosen":"DEFECT","items_purchased":[],"campfire_rested":0,"item_purchase_floors":[],"current_hp_per_floor":[72,70,67,56,56,29,29,0],"gold":216,"neow_bonus":"BOSS_RELIC","is_prod":false,"is_daily":false,"chose_seed":false,"campfire_upgraded":1,"win_rate":0,"timestamp":1555942160,"path_taken":["M","M","M","M","?","E","R","E"],"build_version":"2019-01-23","purchased_purges":0,"victory":false,"max_hp_per_floor":[75,75,75,75,75,75,75,75],"card_choices":[{"not_picked":["Ball Lightning","Barrage"],"picked":"BootSequence","floor":0},{"not_picked":["Ball Lightning","Fusion"],"picked":"Double Energy","floor":0},{"not_picked":["Rip and Tear","Turbo"],"picked":"Scrape","floor":0},{"not_picked":["Doom and Gloom","Barrage"],"picked":"Skim","floor":0},{"not_picked":["Steam","Undo"],"picked":"Go for the Eyes","floor":0},{"not_picked":["Defragment","Conserve Battery"],"picked":"Steam","floor":1},{"not_picked":["Genetic Algorithm","Biased Cognition"],"picked":"Recycle","floor":2},{"not_picked":["Coolheaded","Leap"],"picked":"Gash","floor":3},{"not_picked":["Sweeping Beam","Streamline"],"picked":"Go for the Eyes","floor":4},{"not_picked":["Melter","Genetic Algorithm","Streamline"],"picked":"SKIP","floor":6}],"player_experience":582629,"relics_obtained":[{"floor":6,"key":"Ornamental Fan"}],"event_choices":[{"damage_healed":0,"gold_gain":0,"player_choice":"Gave Potion","damage_taken":0,"relics_obtained":["Tiny Chest"],"max_hp_gain":0,"max_hp_loss":0,"event_name":"WeMeetAgain","floor":5,"gold_loss":0}],"is_beta":false,"boss_relics":[],"items_purged_floors":[],"is_endless":false,"potions_floor_spawned":[2,3,4],"killed_by":"3 Sentries","ascension_level":3}