{"gold_per_floor":[114,114,124,15,31,62,62,62,62,96,96,114,114,39,39,39],"floor_reached":16,"playtime":511,"items_purged":["Strike_R"],"score":211,"play_id":"686ca3d8-fd15-454a-a59f-22644ea90ee1","local_time":"20190505083116","is_ascension_mode":true,"campfire_choices":[{"floor":8,"key":"REST"},{"floor":13,"key":"REST"},{"data":"Disarm","floor":15,"key":"SMITH"}],"neow_cost":"NONE","seed_source_timestamp":140722269893605,"circlet_count":0,"master_deck":["AscendersBane","Strike_R","Strike_R","Strike_R","Strike_R","Defend_R","Defend_R","Defend_R","Defend_R","Bash","Sword Boomerang","Anger","Intimidate","Disarm+1","Shockwave","Armaments"],"relics":["Burning Blood","Sundial","Bag of Preparation","Omamori","Golden Idol"],"potions_floor_usage":[4,12,16],"damage_taken":[{"damage":20,"enemies":"Small Slimes","floor":1,"turns":5},{"damage":2,"enemies":"Jaw Worm","floor":3,"turns":5},{"damage":4,"enemies":"2 Louse","floor":5,"turns":3},{"damage":56,"enemies":"Gremlin Nob","floor":6,"turns":5},{"damage":51,"enemies":"Lagavulin","floor":10,"turns":8},{"damage":0,"enemies":"Blue Slaver","floor":12,"turns":5},{"damage":41,"enemies":"Hexaghost","floor":16,"turns":12}],"seed_played":"-1100934952493892342","potions_obtained":[{"floor":5,"key":"GamblersBrew"},{"floor":6,"key":"Swift Potion"},{"floor":12,"key":"SpeedPotion"}],"is_trial":false,"path_per_floor":["M","?","M","$","M","E","?","R","T","E","?","M","R","$","R","B"],"character_chosen":"IRONCLAD","items_purchased":["Fruit Juice"],"campfire_rested":2,"item_purchase_floors":[4],"current_hp_per_floor":[61,66,70,75,77,27,27,54,54,9,9,15,39,39,39,0],"gold":39,"neow_bonus":"TEN_PERCENT_HP_BONUS","is_prod":false,"is_daily":false,"chose_seed":false,"campfire_upgraded":1,"win_rate":0,"timestamp":1557070276,"path_taken":["M","?","M","$","M","E","?","R","T","E","?","M","R","?","R","BOSS"],"build_version":"2019-01-23","purchased_purges":1,"victory":false,"max_hp_per_floor":[82,87,87,92,92,92,92,92,92,92,83,83,83,83,83,83],"card_choices":[{"not_picked":["Flex","Heavy Blade"],"picked":"Sword Boomerang","floor":1},{"not_picked":["Iron Wave","Headbutt"],"picked":"Anger","floor":3},{"not_picked":["Heavy Blade","Warcry"],"picked":"Intimidate","floor":5},{"not_picked":["Iron Wave","Body Slam"],"picked":"Disarm","floor":6},{"not_picked":["Cleave","Berserk"],"picked":"Shockwave","floor":10},{"not_picked":["Intimidate","Corruption"],"picked":"Armaments","floor":12}],"player_experience":550236,"relics_obtained":[{"floor":6,"key":"Sundial"},{"floor":9,"key":"Bag of Preparation"},{"floor":10,"key":"Omamori"}],"event_choices":[{"damage_healed":0,"gold_gain":0,"player_choice":"Donut","damage_taken":0,"max_hp_gain":5,"max_hp_loss":0,"event_name":"Big Fish","floor":2,"gold_loss":0},{"damage_healed":0,"gold_gain":0,"player_choice":"Ignored","damage_taken":0,"max_hp_gain":0,"max_hp_loss":0,"event_name":"Shining Light","floor":7,"gold_loss":0},{"damage_healed":0,"gold_gain":0,"player_choice":"Lose Max HP","damage_taken":0,"relics_obtained":["Golden Idol"],"max_hp_gain":0,"max_hp_loss":9,"event_name":"Golden Idol","floor":11,"gold_loss":0}],"is_beta":false,"boss_relics":[],"items_purged_floors":[14],"is_endless":false,"potions_floor_spawned":[5,6,12],"killed_by":"Hexaghost","ascension_level":19}