{"gold_per_floor":[119,137,156,156,5,5,15,15,15,45,65,97,114,149,149,252,252,267,192,192,203,215,215,243,243,319,337,368,379,398,424,424,524,524,540,236,246,261,281,307,336,371,371,403,403,422,44,62,62,62],"floor_reached":51,"playtime":2582,"items_purged":["Strike_R","Strike_R","Strike_R+1"],"score":1936,"play_id":"b62e0cfe-4ae2-4070-a984-a96519b6cfbb","local_time":"20190429003431","is_ascension_mode":true,"campfire_choices":[{"data":"Blood for Blood","floor":6,"key":"SMITH"},{"data":"Armaments","floor":8,"key":"SMITH"},{"data":"Uppercut","floor":15,"key":"SMITH"},{"data":"Uppercut","floor":23,"key":"SMITH"},{"data":"Flame Barrier","floor":25,"key":"SMITH"},{"data":"Impervious","floor":32,"key":"SMITH"},{"data":"Impervious","floor":49,"key":"SMITH"}],"neow_cost":"NONE","seed_source_timestamp":1647361191955600,"circlet_count":0,"master_deck":["Strike_R","Defend_R","Defend_R","Defend_R","Defend_R","Bash","Blood for Blood+1","Barricade","Armaments+1","Entrench","Corruption","Entrench","Shrug It Off","Uppercut+1","Uppercut+1","Impervious+1","Flame Barrier+1","Impervious+1","Body Slam+1","Corruption","Body Slam+1","Battle Trance+1","Fiend Fire","Shrug It Off"],"relics":["Snecko Eye","Ice Cream","Bird Faced Urn","Omamori","Happy Flower","Sozu","Anchor","Question Card","Orichalcum","Dead Branch","Coffee Dripper","DollysMirror","WingedGreaves","Whetstone","Shuriken","Dodecahedron","Bottled Lightning"],"potions_floor_usage":[16],"damage_taken":[{"damage":0,"enemies":"Cultist","floor":1,"turns":2},{"damage":15,"enemies":"Small Slimes","floor":2,"turns":3},{"damage":7,"enemies":"Jaw Worm","floor":3,"turns":3},{"damage":6,"enemies":"2 Fungi Beasts","floor":7,"turns":3},{"damage":0,"enemies":"Lagavulin","floor":10,"turns":6},{"damage":0,"enemies":"Gremlin Gang","floor":11,"turns":3},{"damage":0,"enemies":"Gremlin Nob","floor":12,"turns":3},{"damage":0,"enemies":"Lots of Slimes","floor":13,"turns":4},{"damage":0,"enemies":"3 Sentries","floor":14,"turns":6},{"damage":0,"enemies":"Slime Boss","floor":16,"turns":7},{"damage":0,"enemies":"2 Thieves","floor":18,"turns":4},{"damage":5,"enemies":"3 Byrds","floor":21,"turns":6},{"damage":0,"enemies":"Snake Plant","floor":22,"turns":4},{"damage":0,"enemies":"Book of Stabbing","floor":24,"turns":5},{"damage":0,"enemies":"Chosen and Byrds","floor":27,"turns":4},{"damage":0,"enemies":"Slavers","floor":28,"turns":6},{"damage":0,"enemies":"Centurion and Healer","floor":29,"turns":5},{"damage":0,"enemies":"Snake Plant","floor":30,"turns":2},{"damage":0,"enemies":"Gremlin Leader","floor":31,"turns":4},{"damage":10,"enemies":"Collector","floor":33,"turns":5},{"damage":0,"enemies":"3 Darklings","floor":35,"turns":4},{"damage":0,"enemies":"3 Shapes","floor":37,"turns":2},{"damage":0,"enemies":"3 Darklings","floor":38,"turns":3},{"damage":6,"enemies":"4 Shapes","floor":39,"turns":2},{"damage":12,"enemies":"Giant Head","floor":40,"turns":2},{"damage":1,"enemies":"Reptomancer","floor":41,"turns":2},{"damage":3,"enemies":"Giant Head","floor":42,"turns":3},{"damage":0,"enemies":"Nemesis","floor":44,"turns":3},{"damage":0,"enemies":"Jaw Worm Horde","floor":46,"turns":3},{"damage":0,"enemies":"Maw","floor":48,"turns":2},{"damage":1,"enemies":"Time Eater","floor":50,"turns":4}],"seed_played":"2045897923365946306","potions_obtained":[{"floor":2,"key":"Energy Potion"},{"floor":10,"key":"BloodPotion"},{"floor":11,"key":"Energy Potion"},{"floor":12,"key":"PowerPotion"},{"floor":16,"key":"AttackPotion"}],"is_trial":false,"path_per_floor":["M","M","M","?","$","R","M","R","T","E","M","E","M","E","R","B",null,"M","$","?","M","M","R","E","R","T","M","E","M","M","E","R","B",null,"M","$","M","M","M","E","E","E","T","E","$","M","$","M","R","B",null],"character_chosen":"IRONCLAD","items_purchased":["Entrench","Corruption","DollysMirror","Bottled Lightning"],"campfire_rested":0,"item_purchase_floors":[5,5,36,47],"current_hp_per_floor":[72,57,50,50,50,50,44,44,44,44,48,52,56,60,60,66,77,80,80,80,77,80,80,80,80,80,80,80,80,80,80,80,73,78,80,80,80,80,78,70,77,76,76,80,80,80,80,80,80,79],"gold":62,"neow_bonus":"BOSS_RELIC","is_prod":false,"is_daily":false,"chose_seed":false,"campfire_upgraded":7,"win_rate":0,"timestamp":1556490871,"path_taken":["M","M","M","?","$","R","M","R","T","E","M","E","?","E","R","BOSS","M","$","?","?","M","R","E","R","T","M","E","M","M","E","R","BOSS","M","$","M","M","M","E","E","E","T","E","$","M","$","M","R","BOSS"],"build_version":"2019-01-23","purchased_purges":3,"victory":true,"max_hp_per_floor":[80,80,80,80,80,80,80,80,80,80,80,80,80,80,80,80,80,80,80,80,80,80,80,80,80,80,80,80,80,80,80,80,80,80,80,80,80,80,80,80,80,80,80,80,80,80,80,80,80,80],"card_choices":[{"not_picked":["Anger","Burning Pact","Sword Boomerang"],"picked":"SKIP","floor":1},{"not_picked":["Perfected Strike","Armaments"],"picked":"Blood for Blood","floor":2},{"not_picked":["Pummel","Warcry"],"picked":"Barricade","floor":3},{"not_picked":["Rage","Fire Breathing"],"picked":"Entrench","floor":7},{"not_picked":["Warcry","Feel No Pain","Bloodletting"],"picked":"SKIP","floor":10},{"not_picked":["Headbutt","Sever Soul","Havoc"],"picked":"SKIP","floor":11},{"not_picked":["Power Through","Wild Strike"],"picked":"Shrug It Off","floor":12},{"not_picked":["Perfected Strike","Thunderclap"],"picked":"Uppercut","floor":13},{"not_picked":["Pommel Strike","Seeing Red"],"picked":"Uppercut","floor":14},{"not_picked":["Double Tap","Feed"],"picked":"Impervious","floor":16},{"not_picked":["Pommel Strike","Fire Breathing"],"picked":"Flame Barrier","floor":18},{"not_picked":["Rampage","Sword Boomerang","Evolve"],"picked":"SKIP","floor":21},{"not_picked":["Armaments","Flex","Cleave"],"picked":"SKIP","floor":22},{"not_picked":["Warcry","Clash","Inflame+1"],"picked":"SKIP","floor":24},{"not_picked":["Infernal Blade+1","Heavy Blade","Clothesline","Pommel Strike+1"],"picked":"SKIP","floor":27},{"not_picked":["Corruption+1","True Grit","Shrug It Off"],"picked":"Impervious","floor":28},{"not_picked":["Warcry","Wild Strike","Power Through","Iron Wave"],"picked":"SKIP","floor":29},{"not_picked":["Iron Wave","Bloodletting","Infernal Blade","Second Wind"],"picked":"SKIP","floor":30},{"not_picked":["Heavy Blade+1","Cleave","Sword Boomerang","Spot Weakness+1"],"picked":"SKIP","floor":31},{"not_picked":["True Grit+1","Corruption","Power Through"],"picked":"Body Slam+1","floor":35},{"not_picked":["Shrug It Off","Infernal Blade+1","Havoc+1"],"picked":"Body Slam","floor":37},{"not_picked":["Infernal Blade+1","Twin Strike+1","Shockwave+1"],"picked":"Battle Trance+1","floor":38},{"not_picked":["Sword Boomerang","Heavy Blade+1","Flex+1","Searing Blow"],"picked":"SKIP","floor":39},{"not_picked":["Feel No Pain+1","Evolve+1","Burning Pact"],"picked":"Fiend Fire","floor":40},{"not_picked":["Hemokinesis","Anger","Burning Pact+1"],"picked":"Shrug It Off","floor":41},{"not_picked":["Wild Strike","Twin Strike+1","Dark Embrace","Entrench"],"picked":"SKIP","floor":42},{"not_picked":["Thunderclap+1","Cleave+1","Pummel+1","Clash"],"picked":"SKIP","floor":44},{"not_picked":["Sword Boomerang+1","Reckless Charge+1","Blood for Blood","Wild Strike"],"picked":"SKIP","floor":46},{"not_picked":["Thunderclap","Carnage","Headbutt+1","Clothesline"],"picked":"SKIP","floor":48}],"player_experience":849962,"relics_obtained":[{"floor":9,"key":"Ice Cream"},{"floor":10,"key":"Bird Faced Urn"},{"floor":12,"key":"Omamori"},{"floor":14,"key":"Happy Flower"},{"floor":24,"key":"Anchor"},{"floor":26,"key":"Question Card"},{"floor":28,"key":"Orichalcum"},{"floor":31,"key":"Dead Branch"},{"floor":40,"key":"WingedGreaves"},{"floor":41,"key":"Whetstone"},{"floor":42,"key":"Shuriken"},{"floor":44,"key":"Dodecahedron"}],"event_choices":[{"damage_healed":0,"gold_gain":0,"cards_transformed":["Strike_R"],"player_choice":"Transformed","damage_taken":0,"max_hp_gain":0,"max_hp_loss":0,"event_name":"Transmorgrifier","floor":4,"gold_loss":0,"cards_obtained":["Armaments"]},{"damage_healed":0,"gold_gain":0,"player_choice":"Bought 0 Potions","damage_taken":0,"max_hp_gain":0,"max_hp_loss":0,"event_name":"The Woman in Blue","floor":20,"gold_loss":0}],"is_beta":false,"boss_relics":[{"not_picked":["White Beast Statue","Mark of Pain"],"picked":"Sozu"},{"not_picked":["Fusion Hammer","Velvet Choker"],"picked":"Coffee Dripper"}],"items_purged_floors":[19,36,47],"is_endless":false,"potions_floor_spawned":[2,10,11,12,16,18,24,27,30,33,40,41,46,48],"ascension_level":9}