{"gold_per_floor":[13,31,31,45,45,45,70,70,96,96,130,130,159,174,174,251,251,268,279,84,134,150,150,150,50,73,85,85,102,102,102,102,176,176,194,124,136,436,451,451],"floor_reached":40,"playtime":2413,"items_purged":["Pain","Writhe"],"score":795,"play_id":"4c4b7f16-f625-4031-b738-0b7b17750057","local_time":"20190316174507","is_ascension_mode":true,"campfire_choices":[{"data":"Hyperbeam","floor":6,"key":"SMITH"},{"data":"Redo","floor":8,"key":"SMITH"},{"floor":10,"key":"REST"},{"floor":15,"key":"REST"},{"floor":23,"key":"REST"},{"floor":30,"key":"REST"},{"floor":32,"key":"REST"}],"neow_cost":"NO_GOLD","seed_source_timestamp":427991388225211,"circlet_count":0,"master_deck":["AscendersBane","Strike_B","Strike_B","Strike_B","Strike_B","Defend_B","Defend_B","Defend_B","Defend_B","Zap+1","Dualcast+1","Hyperbeam+1","Gash","Leap","Rip and Tear","Redo+1","Cold Snap","Genetic Algorithm","Chill","FTL","Machine Learning","Writhe","Loop","Ball Lightning","Fusion","Capacitor","Coolheaded+1","Chaos","Chaos","Machine Learning","Chill","Gash","Redo"],"relics":["Cracked Core","Darkstone Periapt","Orichalcum","Boot","Dream Catcher","Blood Vial","Calling Bell","Happy Flower","Sundial","Du-Vu Doll","Omamori","Ancient Tea Set","Nuclear Battery"],"potions_floor_usage":[7,13,19,40,40,40],"damage_taken":[{"damage":0,"enemies":"Cultist","floor":1,"turns":2},{"damage":7,"enemies":"Jaw Worm","floor":2,"turns":3},{"damage":0,"enemies":"Small Slimes","floor":4,"turns":3},{"damage":0,"enemies":"Gremlin Nob","floor":7,"turns":2},{"damage":10,"enemies":"3 Sentries","floor":11,"turns":3},{"damage":22,"enemies":"Lagavulin","floor":13,"turns":6},{"damage":4,"enemies":"Exordium Wildlife","floor":14,"turns":2},{"damage":35,"enemies":"Hexaghost","floor":16,"turns":11},{"damage":30,"enemies":"Shell Parasite","floor":18,"turns":7},{"damage":2,"enemies":"Chosen","floor":19,"turns":3},{"damage":40,"enemies":"Shelled Parasite and Fungi","floor":22,"turns":6},{"damage":24,"enemies":"Snake Plant","floor":27,"turns":3},{"damage":6,"enemies":"3 Cultists","floor":29,"turns":4},{"damage":41,"enemies":"Champ","floor":33,"turns":16},{"damage":7,"enemies":"3 Shapes","floor":35,"turns":3},{"damage":19,"enemies":"Orb Walker","floor":37,"turns":5},{"damage":0,"enemies":"Sphere and 2 Shapes","floor":39,"turns":1},{"damage":56,"enemies":"Giant Head","floor":40,"turns":6}],"seed_played":"330073835941850941","potions_obtained":[{"floor":2,"key":"SneckoOil"},{"floor":4,"key":"Fire Potion"},{"floor":7,"key":"Block Potion"},{"floor":13,"key":"SteroidPotion"},{"floor":18,"key":"Block Potion"},{"floor":33,"key":"Weak Potion"},{"floor":39,"key":"EntropicBrew"}],"is_trial":false,"path_per_floor":["M","M","T","M","?","R","E","R","T","R","E","?","E","M","R","B",null,"M","M","$","?","M","R","?","$","T","M","$","M","R","?","R","B",null,"M","$","M","?","M","E"],"character_chosen":"DEFECT","items_purchased":["Ball Lightning","Fusion","Chill"],"campfire_rested":5,"item_purchase_floors":[20,20,36],"current_hp_per_floor":[64,57,57,57,36,36,36,36,36,57,47,47,25,23,44,11,74,46,46,46,46,8,34,34,34,34,12,12,8,34,34,60,21,72,67,67,50,50,52,0],"gold":451,"neow_bonus":"THREE_RARE_CARDS","is_prod":false,"is_daily":false,"chose_seed":false,"campfire_upgraded":2,"win_rate":0,"timestamp":1552758307,"path_taken":["M","M","?","M","?","R","E","R","T","R","E","?","E","M","R","BOSS","M","M","$","?","M","R","?","?","T","M","$","?","R","?","R","BOSS","M","$","M","?","M","E"],"build_version":"2019-01-23","purchased_purges":2,"victory":false,"max_hp_per_floor":[71,71,71,71,71,71,71,71,71,71,71,71,71,71,71,71,89,89,89,89,89,89,89,89,89,89,89,89,89,89,89,89,89,89,89,89,89,89,89,89],"card_choices":[{"not_picked":["Amplify","Buffer"],"picked":"Hyperbeam","floor":0},{"not_picked":["Rebound","Go for the Eyes"],"picked":"Gash","floor":1},{"not_picked":["Scrape","Compile Driver","Leap"],"picked":"SKIP","floor":2},{"not_picked":["Scrape","Compile Driver"],"picked":"Leap","floor":2},{"not_picked":["Go for the Eyes","Streamline"],"picked":"Rip and Tear","floor":4},{"not_picked":["Storm","Fission"],"picked":"Redo","floor":7},{"not_picked":["Leap","Compile Driver"],"picked":"Cold Snap","floor":11},{"not_picked":["Rebound","Beam Cell"],"picked":"Genetic Algorithm","floor":13},{"not_picked":["Leap","Recycle"],"picked":"Chill","floor":14},{"not_picked":["Aggregate","Heatsinks"],"picked":"FTL","floor":15},{"not_picked":["Thunder Strike","Multi-Cast"],"picked":"Machine Learning","floor":16},{"not_picked":["Sweeping Beam","Beam Cell+1"],"picked":"Loop","floor":18},{"not_picked":["Static Discharge","Aggregate","Leap"],"picked":"SKIP","floor":19},{"not_picked":["Heatsinks","Streamline"],"picked":"Capacitor","floor":22},{"not_picked":["Cold Snap+1","Beam Cell"],"picked":"Coolheaded+1","floor":23},{"not_picked":["Redo","Ball Lightning"],"picked":"Chaos","floor":27},{"not_picked":["Beam Cell","Meteor Strike"],"picked":"Chaos","floor":29},{"not_picked":["Rainbow","Fission"],"picked":"Machine Learning","floor":33},{"not_picked":["FTL","Sweeping Beam","Blizzard"],"picked":"SKIP","floor":35},{"not_picked":["Hello World","Rebound"],"picked":"Gash","floor":37},{"not_picked":["Leap+1","Hello World"],"picked":"Redo","floor":39}],"player_experience":1574586,"relics_obtained":[{"floor":3,"key":"Darkstone Periapt"},{"floor":7,"key":"Orichalcum"},{"floor":9,"key":"Boot"},{"floor":11,"key":"Dream Catcher"},{"floor":13,"key":"Blood Vial"},{"floor":17,"key":"Happy Flower"},{"floor":17,"key":"Sundial"},{"floor":17,"key":"Du-Vu Doll"},{"floor":26,"key":"Omamori"}],"event_choices":[{"damage_healed":0,"gold_gain":0,"player_choice":"Entered Light","damage_taken":21,"max_hp_gain":0,"max_hp_loss":0,"event_name":"Shining Light","floor":5,"gold_loss":0,"cards_upgraded":["Zap","Dualcast"]},{"damage_healed":0,"gold_gain":0,"player_choice":"Searched \u00271\u0027 times","damage_taken":0,"max_hp_gain":0,"max_hp_loss":0,"event_name":"Dead Adventurer","floor":12,"gold_loss":0},{"damage_healed":0,"gold_gain":50,"player_choice":"Stole From Cult","damage_taken":0,"max_hp_gain":0,"max_hp_loss":0,"event_name":"Nest","floor":21,"gold_loss":0},{"damage_healed":0,"gold_gain":0,"player_choice":"Ignored","damage_taken":0,"max_hp_gain":0,"max_hp_loss":0,"event_name":"Ghosts","floor":24,"gold_loss":0},{"damage_healed":0,"gold_gain":0,"player_choice":"Opened","damage_taken":0,"relics_obtained":["Ancient Tea Set"],"max_hp_gain":0,"max_hp_loss":0,"event_name":"The Mausoleum","floor":31,"gold_loss":0,"cards_obtained":["Writhe"]},{"damage_healed":0,"gold_gain":300,"player_choice":"Gold","damage_taken":0,"max_hp_gain":0,"max_hp_loss":0,"event_name":"Wheel of Change","floor":38,"gold_loss":0}],"is_beta":false,"boss_relics":[{"not_picked":["FrozenCore","Runic Dome"],"picked":"Calling Bell"},{"not_picked":["Eternal Feather","Empty Cage"],"picked":"Nuclear Battery"}],"items_purged_floors":[20,25],"is_endless":false,"potions_floor_spawned":[2,4,7,13,18,33,39],"killed_by":"Giant Head","ascension_level":15}