{"gold_per_floor":[114,74,21,33,43,78,43,43,43,74,74,94,94],"floor_reached":13,"playtime":302,"items_purged":[],"score":98,"play_id":"81e22387-a016-45fc-854a-df0ee67e3189","local_time":"20181222102241","is_ascension_mode":true,"campfire_choices":[{"floor":8,"key":"REST"}],"neow_cost":"PERCENT_DAMAGE","seed_source_timestamp":219936958630115,"circlet_count":0,"master_deck":["Strike_B","Strike_B","Strike_B","Strike_B","Defend_B","Defend_B","Defend_B","Defend_B","Zap","Dualcast","Darkness","Streamline","Doom and Gloom","Coolheaded","BootSequence","Loop","Lockon"],"relics":["Cracked Core","Gambling Chip","FossilizedHelix","Orichalcum"],"potions_floor_usage":[6,6],"damage_taken":[{"damage":8,"enemies":"Small Slimes","floor":1,"turns":3},{"damage":6,"enemies":"Cultist","floor":4,"turns":3},{"damage":19,"enemies":"2 Louse","floor":5,"turns":3},{"damage":12,"enemies":"3 Sentries","floor":6,"turns":5},{"damage":30,"enemies":"Gremlin Nob","floor":10,"turns":5},{"damage":4,"enemies":"Exordium Wildlife","floor":12,"turns":3},{"damage":0,"enemies":"2 Fungi Beasts","floor":13,"turns":1}],"seed_played":"-2302533505215140660","potions_obtained":[{"floor":1,"key":"Block Potion"},{"floor":2,"key":"AttackPotion"},{"floor":2,"key":"FairyPotion"},{"floor":12,"key":"GamblersBrew"}],"is_trial":false,"path_per_floor":["M","?","$","M","M","E","?","R","T","E","$","M","M"],"character_chosen":"DEFECT","items_purchased":["Streamline"],"campfire_rested":1,"item_purchase_floors":[3],"current_hp_per_floor":[46,46,46,40,21,9,27,49,49,19,19,15,15],"gold":94,"neow_bonus":"ONE_RARE_RELIC","is_prod":false,"is_daily":false,"chose_seed":false,"campfire_upgraded":0,"win_rate":0,"timestamp":1545502961,"path_taken":["M","?","$","?","?","E","?","R","T","E","?","M","M"],"build_version":"2018-12-20","purchased_purges":0,"victory":false,"max_hp_per_floor":[75,75,75,75,75,75,75,75,75,75,75,75,75],"card_choices":[{"not_picked":["Ball Lightning","Storm"],"picked":"Darkness","floor":1},{"not_picked":["Leap","Scrape"],"picked":"Doom and Gloom","floor":4},{"not_picked":["Compile Driver","Ball Lightning"],"picked":"Coolheaded","floor":5},{"not_picked":["Gash","Chaos"],"picked":"BootSequence","floor":6},{"not_picked":["Gash","Ball Lightning"],"picked":"Loop","floor":10},{"not_picked":["Cold Snap","Leap"],"picked":"Lockon","floor":12}],"player_experience":310584,"relics_obtained":[{"floor":6,"key":"FossilizedHelix"},{"floor":10,"key":"Orichalcum"}],"event_choices":[{"damage_healed":0,"gold_gain":0,"player_choice":"Bought 3 Potions","damage_taken":0,"max_hp_gain":0,"max_hp_loss":0,"event_name":"The Woman in Blue","floor":2,"gold_loss":0},{"damage_healed":18,"gold_gain":0,"player_choice":"Healed","damage_taken":0,"max_hp_gain":0,"max_hp_loss":0,"event_name":"The Cleric","floor":7,"gold_loss":35}],"is_beta":false,"boss_relics":[],"items_purged_floors":[],"is_endless":false,"potions_floor_spawned":[1,12],"killed_by":"2 Fungi Beasts","ascension_level":1}