{"gold_per_floor":[110,123,138,138,138,173,173,183,237,162,174,194,252,10,10,106,156,169,169],"floor_reached":19,"playtime":1354,"items_purged":["Strike_R"],"score":204,"play_id":"92aa8e9b-ec21-4acd-b72a-3fd75616abae","local_time":"20181207141209","is_ascension_mode":false,"campfire_choices":[{"data":"Double Tap","floor":7,"key":"SMITH"},{"data":"Clothesline","floor":15,"key":"SMITH"}],"neow_cost":"NONE","seed_source_timestamp":1301760335304953,"circlet_count":0,"master_deck":["Strike_R","Strike_R","Strike_R","Strike_R","Defend_R","Defend_R","Defend_R","Defend_R+1","Bash+1","Headbutt","Rampage","Clothesline+1","Double Tap+1","True Grit","Spot Weakness","Limit Break","Armaments"],"relics":["Burning Blood","NeowsBlessing","Pear","Anchor","Tiny Chest","Meat on the Bone","Tiny House"],"potions_floor_usage":[16,18],"damage_taken":[{"damage":0,"enemies":"Cultist","floor":1,"turns":1},{"damage":0,"enemies":"Small Slimes","floor":2,"turns":1},{"damage":0,"enemies":"Jaw Worm","floor":3,"turns":1},{"damage":20,"enemies":"Gremlin Nob","floor":6,"turns":4},{"damage":14,"enemies":"Exordium Thugs","floor":8,"turns":4},{"damage":2,"enemies":"Blue Slaver","floor":11,"turns":3},{"damage":0,"enemies":"3 Louse","floor":12,"turns":3},{"damage":24,"enemies":"3 Sentries","floor":13,"turns":7},{"damage":12,"enemies":"Hexaghost","floor":16,"turns":9},{"damage":46,"enemies":"3 Byrds","floor":18,"turns":7},{"damage":71,"enemies":"Masked Bandits","floor":19,"turns":5}],"seed_played":"9202037884322368431","potions_obtained":[{"floor":1,"key":"Ancient Potion"},{"floor":8,"key":"Weak Potion"},{"floor":11,"key":"Block Potion"},{"floor":16,"key":"Poison Potion"}],"is_trial":false,"path_per_floor":["M","M","M","?","?","E","R","M","T","$","M","M","E","$","R","B",null,"M","?"],"character_chosen":"IRONCLAD","items_purchased":["Meat on the Bone"],"campfire_rested":0,"item_purchase_floors":[14],"current_hp_per_floor":[80,80,80,85,85,81,81,73,73,73,77,83,65,65,65,59,100,60,0],"gold":169,"neow_bonus":"THREE_ENEMY_KILL","is_prod":false,"is_daily":false,"chose_seed":false,"campfire_upgraded":2,"win_rate":0,"timestamp":1544220729,"path_taken":["M","M","?","?","?","E","R","M","T","?","M","?","E","$","R","BOSS","M","?"],"build_version":"2018-12-06","purchased_purges":1,"victory":false,"max_hp_per_floor":[80,80,80,85,85,95,95,95,95,95,95,95,95,95,95,95,100,100,100],"card_choices":[{"not_picked":["Perfected Strike","Warcry"],"picked":"Headbutt","floor":1},{"not_picked":["Sword Boomerang","Fire Breathing"],"picked":"Rampage","floor":2},{"not_picked":["Fire Breathing","Twin Strike"],"picked":"Clothesline","floor":3},{"not_picked":["True Grit","Shockwave"],"picked":"Double Tap","floor":6},{"not_picked":["Armaments","Pummel"],"picked":"True Grit","floor":8},{"not_picked":["Fire Breathing","Clothesline","Havoc"],"picked":"SKIP","floor":11},{"not_picked":["True Grit","Bloodletting","Armaments"],"picked":"SKIP","floor":12},{"not_picked":["Bloodletting","Dark Embrace"],"picked":"Spot Weakness","floor":13},{"not_picked":["Reaper","Barricade"],"picked":"Limit Break","floor":16},{"not_picked":["Sword Boomerang","Cleave"],"picked":"Armaments","floor":17},{"not_picked":["Battle Trance","Hemokinesis","Spot Weakness"],"picked":"SKIP","floor":18}],"player_experience":344916,"relics_obtained":[{"floor":6,"key":"Pear"},{"floor":9,"key":"Anchor"},{"floor":13,"key":"Tiny Chest"}],"event_choices":[{"damage_healed":0,"gold_gain":0,"player_choice":"Donut","damage_taken":0,"max_hp_gain":5,"max_hp_loss":0,"event_name":"Big Fish","floor":4,"gold_loss":0},{"damage_healed":0,"gold_gain":0,"player_choice":"Grow","damage_taken":0,"max_hp_gain":0,"max_hp_loss":0,"event_name":"Living Wall","floor":5,"gold_loss":0,"cards_upgraded":["Bash"]},{"damage_healed":0,"gold_gain":0,"player_choice":"Fought Bandits","damage_taken":0,"max_hp_gain":0,"max_hp_loss":0,"event_name":"Masked Bandits","floor":19,"gold_loss":0}],"is_beta":false,"boss_relics":[{"not_picked":["Lizard Tail","Empty Cage"],"picked":"Tiny House"}],"items_purged_floors":[10],"is_endless":false,"potions_floor_spawned":[1,8,11,16],"killed_by":"Masked Bandits","ascension_level":0}