{"gold_per_floor":[109,126,51,70,145,145,145,180,180,180,190,215,228,248,248,345,345,359,212,231,156,156,156,56,71,141,161,161,161],"floor_reached":29,"playtime":1386,"items_purged":["Strike_B","Defend_B"],"score":306,"play_id":"c0aca183-b93b-4ff5-948e-e9511582ce48","local_time":"20190502130142","is_ascension_mode":true,"campfire_choices":[{"data":"Genetic Algorithm","floor":6.0,"key":"SMITH"},{"data":"Zap","floor":10.0,"key":"SMITH"},{"floor":15.0,"key":"REST"},{"data":"Echo Form","floor":23,"key":"SMITH"}],"neow_cost":"NONE","seed_source_timestamp":0,"circlet_count":0,"master_deck":["Strike_B","Strike_B","Defend_B","Defend_B","Zap+1","Dualcast","FTL","Ball Lightning","Genetic Algorithm+1","Coolheaded","Capacitor","Hello World","Sweeping Beam","Coolheaded","Conserve Battery","Rainbow","Ball Lightning","Loop","Hologram","Cold Snap","Coolheaded","White Noise","Echo Form+1","Reinforced Body+1","Electrodynamics","Self Repair"],"special_seed":0,"relics":["Cracked Core","NeowsBlessing","Incense Burner","Bird Faced Urn","Art of War","Orrery","Matryoshka"],"potions_floor_usage":[25,29],"damage_taken":[{"damage":0.0,"enemies":"Cultist","floor":1.0,"turns":1.0},{"damage":0.0,"enemies":"2 Louse","floor":2.0,"turns":1.0},{"damage":0.0,"enemies":"Small Slimes","floor":4.0,"turns":1.0},{"damage":5.0,"enemies":"Lagavulin","floor":8.0,"turns":7.0},{"damage":0.0,"enemies":"Looter","floor":11.0,"turns":2.0},{"damage":26.0,"enemies":"Gremlin Nob","floor":12.0,"turns":4.0},{"damage":12.0,"enemies":"Large Slime","floor":13.0,"turns":7.0},{"damage":3.0,"enemies":"Blue Slaver","floor":14.0,"turns":3.0},{"damage":37.0,"enemies":"Slime Boss","floor":16.0,"turns":10.0},{"damage":25,"enemies":"2 Thieves","floor":18,"turns":5},{"damage":22,"enemies":"3 Byrds","floor":20,"turns":7},{"damage":18,"enemies":"Snake Plant","floor":25,"turns":5},{"damage":22,"enemies":"Sentry and Sphere","floor":27,"turns":4},{"damage":23,"enemies":"Book of Stabbing","floor":29,"turns":4}],"seed_played":"-869229626186356670","potions_obtained":[{"floor":1.0,"key":"EssenceOfSteel"},{"floor":4.0,"key":"EssenceOfSteel"},{"floor":11.0,"key":"SkillPotion"},{"floor":12.0,"key":"FearPotion"},{"floor":13.0,"key":"AttackPotion"},{"floor":20,"key":"FearPotion"},{"floor":25,"key":"AttackPotion"}],"is_trial":false,"path_per_floor":["M","M","$","M","?","R","?","E","T","R","M","E","M","M","R","B",null,"M","$","M","?","?","R","$","M","T","M","?","E"],"character_chosen":"DEFECT","items_purchased":["Genetic Algorithm","Echo Form"],"campfire_rested":1,"item_purchase_floors":[3,19],"current_hp_per_floor":[68,68,68,68,57,57,57,52,52,52,52,30,22,19,41,8,58,33,33,13,13,38,38,38,26,26,14,14,0],"gold":161,"neow_bonus":"THREE_ENEMY_KILL","is_prod":false,"is_daily":false,"chose_seed":false,"campfire_upgraded":3,"win_rate":0,"timestamp":1556794902,"path_taken":["M","M","$","?","?","R","?","E","T","R","?","E","M","M","R","BOSS","M","$","M","?","?","R","$","M","T","M","?","E"],"build_version":"2019-01-23","purchased_purges":2,"victory":false,"max_hp_per_floor":[75,75,75,75,75,75,75,75,75,75,75,75,75,75,75,75,75,75,75,75,75,75,75,75,75,75,75,75,75],"card_choices":[{"not_picked":["Rip and Tear","Rebound"],"picked":"FTL","floor":1.0},{"not_picked":["Static Discharge","Storm"],"picked":"Ball Lightning","floor":2.0},{"not_picked":["Streamline","Scrape"],"picked":"Coolheaded","floor":4.0},{"not_picked":["Turbo","Compile Driver"],"picked":"Capacitor","floor":8.0},{"not_picked":["Beam Cell","Chill"],"picked":"Hello World","floor":11.0},{"not_picked":["Compile Driver","Seek"],"picked":"Sweeping Beam","floor":12.0},{"not_picked":["Hello World","Double Energy"],"picked":"Coolheaded","floor":13.0},{"not_picked":["Coolheaded","Melter"],"picked":"Conserve Battery","floor":14.0},{"not_picked":["Amplify","Meteor Strike"],"picked":"Rainbow","floor":16.0},{"not_picked":["Static Discharge","Storm"],"picked":"Ball Lightning","floor":17},{"not_picked":["Static Discharge","Compile Driver"],"picked":"Loop","floor":17},{"not_picked":["Heatsinks","Go for the Eyes"],"picked":"Hologram","floor":17},{"not_picked":["Auto Shields","Sweeping Beam"],"picked":"Cold Snap","floor":17},{"not_picked":["Hello World","Go for the Eyes"],"picked":"Coolheaded","floor":17},{"not_picked":["Turbo","Go for the Eyes"],"picked":"White Noise","floor":18},{"not_picked":["Chaos","Recycle"],"picked":"Reinforced Body+1","floor":20},{"not_picked":["Rebound+1","Aggregate+1"],"picked":"Electrodynamics","floor":25},{"not_picked":["Steam","Static Discharge"],"picked":"Self Repair","floor":27}],"player_experience":377048,"relics_obtained":[{"floor":8.0,"key":"Incense Burner"},{"floor":9.0,"key":"Bird Faced Urn"},{"floor":12.0,"key":"Art of War"},{"floor":26,"key":"Matryoshka"}],"event_choices":[{"damage_healed":0.0,"max_hp_gain":0.0,"max_hp_loss":0.0,"gold_gain":75.0,"event_name":"World of Goop","player_choice":"Gather Gold","floor":5.0,"gold_loss":0.0,"damage_taken":11.0},{"cards_removed":["Strike_B"],"damage_healed":0.0,"max_hp_gain":0.0,"max_hp_loss":0.0,"gold_gain":0.0,"event_name":"Bonfire Elementals","player_choice":"Offered Basic","floor":7.0,"gold_loss":0.0,"damage_taken":0.0},{"cards_removed":["Defend_B"],"damage_healed":0,"gold_gain":0,"player_choice":"Gave Gold","damage_taken":0,"max_hp_gain":0,"max_hp_loss":0,"event_name":"Beggar","floor":21,"gold_loss":75},{"damage_healed":25,"gold_gain":0,"player_choice":"Heal","damage_taken":0,"max_hp_gain":0,"max_hp_loss":0,"event_name":"The Library","floor":22,"gold_loss":0},{"damage_healed":0,"gold_gain":0,"player_choice":"Ignored","damage_taken":0,"max_hp_gain":0,"max_hp_loss":0,"event_name":"Cursed Tome","floor":28,"gold_loss":0}],"is_beta":false,"boss_relics":[{"not_picked":["Philosopher\u0027s Stone","Inserter"],"picked":"Orrery"}],"items_purged_floors":[19,24],"is_endless":false,"potions_floor_spawned":[1,4,11,12,13,20,25],"killed_by":"Book of Stabbing","ascension_level":6}