{"gold_per_floor":[117,134,154,169,169,169,197,197,197,209,63,82,95,114,114,219,219,238,248,262,187,187,187,287,287,337,369,396,396,413,424,424,519,519,537,408,408,421,466,466,492,508,508,334,334,334,369,393,405,417],"floor_reached":51,"playtime":2345,"items_purged":["Defend_R"],"score":804,"play_id":"3a4efade-23ff-4758-a35b-d5659397718d","local_time":"20181228192009","is_ascension_mode":false,"campfire_choices":[{"data":"Bash","floor":6,"key":"SMITH"},{"data":"Perfected Strike","floor":15,"key":"SMITH"},{"data":"Perfected Strike","floor":23,"key":"SMITH"},{"data":"Perfected Strike","floor":25,"key":"SMITH"},{"data":"Flame Barrier","floor":29,"key":"SMITH"},{"data":"Clothesline","floor":32,"key":"SMITH"},{"data":"Juggernaut","floor":40,"key":"SMITH"},{"data":"Impervious","floor":45,"key":"SMITH"},{"floor":49,"key":"REST"}],"neow_cost":"PERCENT_DAMAGE","seed_source_timestamp":719561578924018,"circlet_count":0,"master_deck":["Strike_R","Strike_R","Strike_R","Strike_R","Strike_R","Defend_R","Defend_R","Defend_R","Bash+1","Perfected Strike+1","Clothesline+1","Perfected Strike+1","Flame Barrier+1","Twin Strike","Impervious+1","True Grit+1","Perfected Strike+1","Armaments+1","Corruption","Whirlwind+1","Juggernaut+1","Pommel Strike","Shrug It Off","Clothesline+1","Panache+1","Perfected Strike+1"],"relics":["Burning Blood","Vajra","Ornamental Fan","Oddly Smooth Stone","Snecko Eye","Turnip","Darkstone Periapt","PreservedInsect","Gremlin Horn","Potion Belt","Black Star","Pocketwatch","Red Skull","Frozen Egg 2","Lantern","Meat on the Bone","MawBank","Bottled Lightning"],"potions_floor_usage":[7,24,33,39,47,50,50,50],"damage_taken":[{"damage":0,"enemies":"Small Slimes","floor":1,"turns":3},{"damage":0,"enemies":"2 Louse","floor":2,"turns":3},{"damage":1,"enemies":"Jaw Worm","floor":3,"turns":3},{"damage":7,"enemies":"2 Fungi Beasts","floor":4,"turns":4},{"damage":22,"enemies":"3 Sentries","floor":7,"turns":9},{"damage":7,"enemies":"Looter","floor":10,"turns":3},{"damage":0,"enemies":"Red Slaver","floor":12,"turns":3},{"damage":1,"enemies":"Blue Slaver","floor":13,"turns":4},{"damage":14,"enemies":"Large Slime","floor":14,"turns":6},{"damage":59,"enemies":"The Guardian","floor":16,"turns":12},{"damage":0,"enemies":"Shell Parasite","floor":18,"turns":3},{"damage":0,"enemies":"3 Byrds","floor":19,"turns":4},{"damage":10,"enemies":"3 Cultists","floor":20,"turns":6},{"damage":7,"enemies":"Colosseum Slavers","floor":24,"turns":4},{"damage":0,"enemies":"Colosseum Nobs","floor":24,"turns":3},{"damage":3,"enemies":"Slavers","floor":27,"turns":3},{"damage":0,"enemies":"Snake Plant","floor":30,"turns":2},{"damage":0,"enemies":"Snecko","floor":31,"turns":3},{"damage":64,"enemies":"Automaton","floor":33,"turns":9},{"damage":6,"enemies":"Orb Walker","floor":35,"turns":2},{"damage":13,"enemies":"3 Darklings","floor":38,"turns":4},{"damage":21,"enemies":"2 Orb Walkers","floor":39,"turns":3},{"damage":0,"enemies":"Reptomancer","floor":41,"turns":2},{"damage":0,"enemies":"Transient","floor":42,"turns":5},{"damage":39,"enemies":"Nemesis","floor":47,"turns":7},{"damage":0,"enemies":"Jaw Worm Horde","floor":48,"turns":3},{"damage":71,"enemies":"Awakened One","floor":50,"turns":14}],"seed_played":"8922752745368412705","potions_obtained":[{"floor":1,"key":"Fire Potion"},{"floor":2,"key":"Regen Potion"},{"floor":10,"key":"GamblersBrew"},{"floor":12,"key":"SneckoOil"},{"floor":24,"key":"LiquidBronze"},{"floor":31,"key":"Ancient Potion"},{"floor":33,"key":"Energy Potion"},{"floor":35,"key":"SpeedPotion"},{"floor":39,"key":"LiquidBronze"}],"is_trial":false,"path_per_floor":["M","M","M","M","?","R","E","?","T","M","$","M","M","M","R","B",null,"M","M","M","?","?","R","?","R","T","E","T","R","M","M","R","B",null,"M","$","?","M","?","R","E","M","T","$","R","T","E","M","R","B",null],"character_chosen":"IRONCLAD","items_purchased":["Oddly Smooth Stone","Shrug It Off","Panache+1"],"campfire_rested":1,"item_purchase_floors":[11,36,44],"current_hp_per_floor":[78,84,89,88,88,88,87,92,92,91,91,97,101,93,93,40,101,101,101,97,97,97,97,101,101,101,101,101,101,101,101,101,43,101,101,101,101,94,79,79,85,91,91,91,91,91,58,64,94,41],"gold":429,"neow_bonus":"TWENTY_PERCENT_HP_BONUS","is_prod":false,"is_daily":false,"chose_seed":false,"campfire_upgraded":8,"win_rate":0,"timestamp":1546053609,"path_taken":["M","M","M","M","?","R","E","?","T","M","$","M","M","M","R","BOSS","M","M","M","?","?","R","?","R","T","E","?","R","M","M","R","BOSS","M","$","?","M","?","R","E","M","T","$","R","?","E","M","R","BOSS"],"build_version":"2018-12-20","purchased_purges":1,"victory":true,"max_hp_per_floor":[96,96,96,96,96,96,96,101,101,101,101,101,101,101,101,101,101,101,101,101,101,101,101,101,101,101,101,101,101,101,101,101,101,101,101,101,101,101,101,101,101,101,101,101,101,101,101,101,101,101],"card_choices":[{"not_picked":["Combust","Anger","Body Slam"],"picked":"SKIP","floor":1},{"not_picked":["Ghostly Armor","Warcry"],"picked":"Iron Wave","floor":2},{"not_picked":["Pummel","Body Slam"],"picked":"Perfected Strike","floor":3},{"not_picked":["Armaments","Ghostly Armor"],"picked":"Shrug It Off","floor":4},{"not_picked":["Clash","Whirlwind"],"picked":"Clothesline","floor":7},{"not_picked":["Thunderclap","Headbutt"],"picked":"Perfected Strike","floor":10},{"not_picked":["Sentinel","Rupture"],"picked":"Flame Barrier","floor":12},{"not_picked":["Thunderclap","Juggernaut","Blood for Blood"],"picked":"SKIP","floor":13},{"not_picked":["Sever Soul","Clothesline"],"picked":"Twin Strike","floor":14},{"not_picked":["Immolate","Brutality"],"picked":"Impervious","floor":16},{"not_picked":["Anger+1","Second Wind","Twin Strike"],"picked":"SKIP","floor":18},{"not_picked":["Armaments","Thunderclap+1"],"picked":"True Grit+1","floor":19},{"not_picked":["Clash","Clothesline","True Grit"],"picked":"SKIP","floor":20},{"not_picked":["Bloodletting","True Grit"],"picked":"Armaments+1","floor":27},{"not_picked":["Limit Break","Anger"],"picked":"Corruption","floor":30},{"not_picked":["True Grit","Shrug It Off"],"picked":"Whirlwind+1","floor":31},{"not_picked":["Immolate","Fiend Fire"],"picked":"Juggernaut","floor":33},{"not_picked":["Pummel+1","Anger"],"picked":"Pommel Strike","floor":35},{"not_picked":["Power Through","Wild Strike","Sword Boomerang"],"picked":"SKIP","floor":38},{"not_picked":["Feel No Pain","Wild Strike"],"picked":"Clothesline+1","floor":39},{"not_picked":["Combust","Sword Boomerang+1","Heavy Blade+1"],"picked":"SKIP","floor":41},{"not_picked":["Headbutt","Rupture+1","Havoc"],"picked":"SKIP","floor":42},{"not_picked":["Infernal Blade","Twin Strike+1"],"picked":"Perfected Strike+1","floor":47},{"not_picked":["Armaments+1","Clash+1","Twin Strike+1"],"picked":"SKIP","floor":48}],"player_experience":352986,"relics_obtained":[{"floor":7,"key":"Vajra"},{"floor":9,"key":"Ornamental Fan"},{"floor":24,"key":"Turnip"},{"floor":24,"key":"Darkstone Periapt"},{"floor":26,"key":"PreservedInsect"},{"floor":27,"key":"Gremlin Horn"},{"floor":28,"key":"Potion Belt"},{"floor":39,"key":"Pocketwatch"},{"floor":41,"key":"Red Skull"},{"floor":41,"key":"Frozen Egg 2"},{"floor":43,"key":"Lantern"},{"floor":46,"key":"Meat on the Bone"},{"floor":47,"key":"MawBank"},{"floor":47,"key":"Bottled Lightning"}],"event_choices":[{"damage_healed":0,"gold_gain":0,"player_choice":"Ignored","damage_taken":0,"max_hp_gain":0,"max_hp_loss":0,"event_name":"Liars Game","floor":5,"gold_loss":0},{"damage_healed":0,"gold_gain":0,"player_choice":"Donut","damage_taken":0,"max_hp_gain":5,"max_hp_loss":0,"event_name":"Big Fish","floor":8,"gold_loss":0},{"cards_removed":["Iron Wave"],"damage_healed":0,"gold_gain":0,"player_choice":"Gave Gold","damage_taken":0,"max_hp_gain":0,"max_hp_loss":0,"event_name":"Beggar","floor":21,"gold_loss":75},{"damage_healed":0,"gold_gain":0,"player_choice":"Read","damage_taken":0,"max_hp_gain":0,"max_hp_loss":0,"event_name":"The Library","floor":22,"gold_loss":0,"cards_obtained":["Perfected Strike"]},{"damage_healed":0,"gold_gain":0,"player_choice":"Fight","damage_taken":0,"max_hp_gain":0,"max_hp_loss":0,"event_name":"Colosseum","floor":24,"gold_loss":0},{"damage_healed":0,"gold_gain":0,"player_choice":"Fought Nobs","damage_taken":0,"max_hp_gain":0,"max_hp_loss":0,"event_name":"Colosseum","floor":24,"gold_loss":0},{"cards_removed":["Shrug It Off"],"damage_healed":0,"gold_gain":0,"player_choice":"Removed Skill","damage_taken":0,"max_hp_gain":0,"max_hp_loss":0,"event_name":"Falling","floor":37,"gold_loss":0},{"damage_healed":0,"gold_gain":0,"player_choice":"Fight","damage_taken":0,"max_hp_gain":0,"max_hp_loss":0,"event_name":"Mysterious Sphere","floor":39,"gold_loss":0}],"is_beta":false,"boss_relics":[{"not_picked":["Orrery","Philosopher\u0027s Stone"],"picked":"Snecko Eye"},{"not_picked":["Pandora\u0027s Box","Lizard Tail"],"picked":"Black Star"}],"items_purged_floors":[36],"is_endless":false,"potions_floor_spawned":[1,2,10,12,20,24,31,33,35,39],"ascension_level":0}