{"gold_per_floor":[116,127,127,145,245,245,280,280,327,344,358,388,7,7,7,112,112,101,51,51,68,20,53,53,53,53,64,64],"floor_reached":28,"playtime":1031,"items_purged":[],"score":236,"play_id":"182752b2-514e-4f28-b45f-c2b578026b80","local_time":"20180906234218","is_ascension_mode":false,"campfire_choices":[{"floor":6,"key":"REST"},{"floor":8,"key":"REST"},{"floor":15,"key":"REST"},{"floor":25,"key":"REST"}],"neow_cost":"","seed_source_timestamp":2027699088798928,"circlet_count":0,"master_deck":["Strike_B","Strike_B+1","Strike_B+1","Defend_B","Defend_B","Defend_B","Defend_B","Zap","Dualcast","Ball Lightning","Beam Cell","Go for the Eyes","Redo","Chaos","Echo Form","Fusion","Seek","Go for the Eyes","Beam Cell","BootSequence","Capacitor"],"relics":["Cracked Core","Bag of Preparation","Strawberry","Happy Flower","Orichalcum","Whetstone","Bag of Marbles","Cursed Key","MutagenicStrength","Oddly Smooth Stone"],"potions_floor_usage":[2,16,16],"damage_taken":[{"damage":2,"enemies":"2 Louse","floor":1,"turns":3},{"damage":3,"enemies":"Jaw Worm","floor":2,"turns":3},{"damage":6,"enemies":"Cultist","floor":4,"turns":3},{"damage":30,"enemies":"Lagavulin","floor":7,"turns":6},{"damage":10,"enemies":"Looter","floor":10,"turns":2},{"damage":32,"enemies":"Gremlin Gang","floor":11,"turns":4},{"damage":30,"enemies":"Slime Boss","floor":16,"turns":11},{"damage":28,"enemies":"2 Thieves","floor":18,"turns":4},{"damage":0,"enemies":"Spheric Guardian","floor":21,"turns":3},{"damage":54,"enemies":"Slavers","floor":23,"turns":6},{"damage":29,"enemies":"3 Cultists","floor":27,"turns":6},{"damage":9,"enemies":"Snecko","floor":28,"turns":2}],"seed_played":"-7486631953953518622","potions_obtained":[{"floor":2,"key":"Fruit Juice"},{"floor":4,"key":"Explosive Potion"},{"floor":10,"key":"Fire Potion"},{"floor":21,"key":"LiquidBronze"},{"floor":23,"key":"Ancient Potion"}],"is_trial":false,"path_per_floor":["M","M","?","M","?","R","E","R","T","M","M","?","$","?","R","B",null,"M","?","?","M","$","E","?","R","T","M"],"character_chosen":"DEFECT","items_purchased":["Orichalcum","Whetstone","Fusion","FearPotion"],"campfire_rested":4,"item_purchase_floors":[13,13,13,22],"current_hp_per_floor":[73,75,75,69,69,80,50,74,81,71,39,39,39,27,53,23,87,59,59,59,59,59,5,5,31,31,2,0],"gold":64,"neow_bonus":"","is_prod":false,"is_daily":false,"chose_seed":false,"campfire_upgraded":0,"win_rate":0,"timestamp":1536302538,"path_taken":["M","M","?","M","?","R","E","R","T","?","M","?","$","?","R","BOSS","M","?","?","M","$","E","?","R","T","M","M"],"build_version":"2018-09-06","purchased_purges":0,"victory":false,"max_hp_per_floor":[75,80,80,80,80,80,80,80,87,87,87,87,87,87,87,87,87,87,87,87,87,87,87,87,87,87,87,87],"card_choices":[{"not_picked":["Beam Cell","Steam"],"picked":"Ball Lightning","floor":1},{"not_picked":["Turbo","Skim"],"picked":"Beam Cell","floor":2},{"not_picked":["Gash","Sweeping Beam"],"picked":"Go for the Eyes","floor":4},{"not_picked":["Leap","Heatsinks"],"picked":"Redo","floor":7},{"not_picked":["Go for the Eyes","Turbo"],"picked":"Chaos","floor":10},{"not_picked":["Streamline","Heatsinks"],"picked":"Echo Form","floor":11},{"not_picked":["Biased Cognition","Echo Form"],"picked":"Seek","floor":16},{"not_picked":["Compile Driver","Barrage+1"],"picked":"Go for the Eyes","floor":18},{"not_picked":["Storm","Sweeping Beam"],"picked":"Beam Cell","floor":21},{"not_picked":["Defragment","Sweeping Beam+1"],"picked":"BootSequence","floor":23},{"not_picked":["Cold Snap+1","Beam Cell"],"picked":"Capacitor","floor":27}],"player_experience":60831,"relics_obtained":[{"floor":7,"key":"Bag of Preparation"},{"floor":9,"key":"Strawberry"},{"floor":23,"key":"Oddly Smooth Stone"}],"event_choices":[{"event_name":"Liars Game","player_choice":"disagreed","floor":3,"damage_taken":0},{"event_name":"Wheel of Change","player_choice":"Gold","floor":5,"damage_taken":0},{"event_name":"Dead Adventurer","player_choice":"Searched \u00273\u0027 times","floor":12,"damage_taken":0},{"event_name":"Scrap Ooze","player_choice":"success","floor":14,"damage_taken":12},{"event_name":"The Joust","player_choice":"Bet on Murderer","floor":19,"damage_taken":0},{"event_name":"Drug Dealer","player_choice":"Inject Mutagens","floor":20,"damage_taken":0},{"event_name":"Purifier","player_choice":"One Purge","floor":24,"damage_taken":0}],"is_beta":false,"boss_relics":[{"not_picked":["Philosopher\u0027s Stone","Snecko Eye"],"picked":"Cursed Key"}],"items_purged_floors":[],"is_endless":false,"potions_floor_spawned":[2,4,10,21,23],"killed_by":"Snecko","ascension_level":0}