{"gold_per_floor":[118,118,138,12,12,12,41,61,61,75,94,121,135,43,43,118,118,118,118,118,118,118,118,118,118,118,118,118,118,118,118,118,118],"floor_reached":33,"playtime":1485,"items_purged":["Strike_R"],"score":637,"play_id":"a61d27b5-1d3d-44c6-8ea3-f0a37136bb2f","local_time":"20190501172121","is_ascension_mode":true,"campfire_choices":[{"data":"Bash","floor":6,"key":"SMITH"},{"data":"True Grit","floor":15,"key":"SMITH"},{"data":"Demon Form","floor":23,"key":"SMITH"},{"floor":30,"key":"REST"},{"data":"Sword Boomerang","floor":32,"key":"SMITH"}],"neow_cost":"NONE","seed_source_timestamp":3352354154761601,"circlet_count":0,"master_deck":["AscendersBane","Defend_R","Defend_R","Defend_R","Defend_R","Bash+1","Iron Wave+1","Iron Wave","Shrug It Off","Corruption","Metallicize","True Grit+1","Immolate","Uppercut","Demon Form+1","Sword Boomerang+1","Headbutt+1","Burning Pact+1","Bite","Bite","Bite","Bite","Bite","Burning Pact","Shrug It Off"],"relics":["Burning Blood","Bronze Scales","FossilizedHelix","Whetstone","Bottled Tornado","Darkstone Periapt","Ectoplasm","Smiling Mask","The Courier","Dodecahedron"],"potions_floor_usage":[11,11,13,16,19,22,25,29],"damage_taken":[{"damage":1,"enemies":"Cultist","floor":1,"turns":3},{"damage":8,"enemies":"2 Louse","floor":3,"turns":2},{"damage":24,"enemies":"Gremlin Nob","floor":7,"turns":4},{"damage":0,"enemies":"Jaw Worm","floor":8,"turns":3},{"damage":17,"enemies":"Large Slime","floor":10,"turns":6},{"damage":8,"enemies":"Lots of Slimes","floor":11,"turns":3},{"damage":0,"enemies":"Lagavulin","floor":12,"turns":6},{"damage":0,"enemies":"3 Louse","floor":13,"turns":4},{"damage":17,"enemies":"The Guardian","floor":16,"turns":18},{"damage":0,"enemies":"3 Byrds","floor":18,"turns":2},{"damage":0,"enemies":"Chosen","floor":19,"turns":3},{"damage":0,"enemies":"Snecko","floor":21,"turns":5},{"damage":9,"enemies":"Chosen and Byrds","floor":22,"turns":5},{"damage":26,"enemies":"Shelled Parasite and Fungi","floor":24,"turns":5},{"damage":45,"enemies":"Slavers","floor":25,"turns":6},{"damage":10,"enemies":"Cultist and Chosen","floor":29,"turns":7},{"damage":3,"enemies":"Snake Plant","floor":31,"turns":4},{"damage":55,"enemies":"Collector","floor":33,"turns":5}],"seed_played":"-3848687608349684588","potions_obtained":[{"floor":1,"key":"Strength Potion"},{"floor":10,"key":"Poison Potion"},{"floor":11,"key":"Energy Potion"},{"floor":12,"key":"SteroidPotion"},{"floor":13,"key":"Weak Potion"},{"floor":18,"key":"AttackPotion"},{"floor":22,"key":"PowerPotion"},{"floor":25,"key":"Weak Potion"}],"is_trial":false,"path_per_floor":["M","?","M","$","?","R","E","M","T","M","M","E","M","$","R","B",null,"M","M","?","M","M","R","M","E","T","?","T","M","R","M","R","B"],"character_chosen":"IRONCLAD","items_purchased":["Iron Wave","Metallicize","True Grit"],"campfire_rested":1,"item_purchase_floors":[4,14,14],"current_hp_per_floor":[73,73,71,71,71,71,53,59,59,48,46,52,58,58,58,47,68,74,75,75,75,72,72,52,13,13,13,13,23,38,49,49,0],"gold":118,"neow_bonus":"RANDOM_COMMON_RELIC","is_prod":false,"is_daily":false,"chose_seed":false,"campfire_upgraded":4,"win_rate":0,"timestamp":1556727681,"path_taken":["M","?","M","?","?","R","E","?","T","M","M","E","M","$","R","BOSS","M","M","?","?","M","R","M","E","T","?","?","M","R","M","R","BOSS"],"build_version":"2019-01-23","purchased_purges":1,"victory":false,"max_hp_per_floor":[75,75,75,75,75,75,75,75,75,75,75,75,75,75,75,75,75,75,75,75,75,75,75,75,75,75,52,52,52,52,52,52,52],"card_choices":[{"not_picked":["Sever Soul","Power Through"],"picked":"Clothesline","floor":1},{"not_picked":["Sword Boomerang","Pummel"],"picked":"Iron Wave","floor":3},{"not_picked":["Headbutt","Clash"],"picked":"Shrug It Off","floor":7},{"not_picked":["Sever Soul","Pummel"],"picked":"Corruption","floor":8},{"not_picked":["Havoc","Power Through","Armaments"],"picked":"SKIP","floor":10},{"not_picked":["Body Slam","Perfected Strike","Clothesline"],"picked":"SKIP","floor":11},{"not_picked":["Havoc","Thunderclap","Fiend Fire"],"picked":"SKIP","floor":12},{"not_picked":["Anger","Twin Strike","Perfected Strike"],"picked":"SKIP","floor":13},{"not_picked":["Offering","Fiend Fire"],"picked":"Immolate","floor":16},{"not_picked":["Wild Strike","Clothesline"],"picked":"Uppercut","floor":18},{"not_picked":["Clash","Heavy Blade"],"picked":"Demon Form","floor":19},{"not_picked":["Body Slam","Clash"],"picked":"Headbutt+1","floor":21},{"not_picked":["Evolve+1","Sever Soul","Dual Wield"],"picked":"SKIP","floor":22},{"not_picked":["Rampage","Cleave"],"picked":"Burning Pact+1","floor":24},{"not_picked":["Clothesline","Clash","Searing Blow"],"picked":"SKIP","floor":25},{"not_picked":["Pommel Strike","Anger"],"picked":"Burning Pact","floor":29},{"not_picked":["Searing Blow","Pommel Strike"],"picked":"Shrug It Off","floor":31}],"player_experience":277875,"relics_obtained":[{"floor":7,"key":"Whetstone"},{"floor":9,"key":"Bottled Tornado"},{"floor":12,"key":"Darkstone Periapt"},{"floor":25,"key":"Smiling Mask"},{"floor":26,"key":"The Courier"},{"floor":28,"key":"Dodecahedron"}],"event_choices":[{"cards_removed":["Clothesline"],"damage_healed":0,"gold_gain":0,"player_choice":"Gave Card","damage_taken":0,"relics_obtained":["FossilizedHelix"],"max_hp_gain":0,"max_hp_loss":0,"event_name":"WeMeetAgain","floor":2,"gold_loss":0},{"damage_healed":0,"gold_gain":0,"player_choice":"Ignored","damage_taken":0,"max_hp_gain":0,"max_hp_loss":0,"event_name":"Liars Game","floor":5,"gold_loss":0},{"damage_healed":0,"gold_gain":0,"cards_transformed":["Strike_R"],"player_choice":"Transformed","damage_taken":0,"max_hp_gain":0,"max_hp_loss":0,"event_name":"Transmorgrifier","floor":20,"gold_loss":0,"cards_obtained":["Sword Boomerang"]},{"damage_healed":0,"gold_gain":0,"player_choice":"Became a vampire","damage_taken":0,"max_hp_gain":0,"max_hp_loss":23,"event_name":"Vampires","floor":27,"gold_loss":0,"cards_obtained":["Bite","Bite","Bite","Bite","Bite"]}],"is_beta":false,"boss_relics":[{"not_picked":["Busted Crown","Empty Cage"],"picked":"Ectoplasm"}],"items_purged_floors":[4],"is_endless":false,"potions_floor_spawned":[1,10,11,12,13,18,22,25],"killed_by":"Collector","ascension_level":20}