{"gold_per_floor":[115,135,135,85,7,41,41,41,41,75,0,10,70,117,129,236,248,276,363,394,425,67,67,101,101,101,101,101,121,21,21,21,21],"floor_reached":33,"playtime":1933,"items_purged":["Defend_B","Defend_B"],"score":444,"play_id":"8e8e20f5-ea31-4e90-9bb1-6b72c9c915f8","local_time":"20181203145228","is_ascension_mode":true,"campfire_choices":[{"data":"Self Repair","floor":8,"key":"SMITH"},{"data":"Defragment","floor":15,"key":"SMITH"},{"floor":23,"key":"REST"},{"floor":25,"key":"REST"},{"data":"Ball Lightning","floor":27,"key":"SMITH"},{"data":"Conserve Battery","floor":32,"key":"SMITH"}],"neow_cost":"NONE","seed_source_timestamp":155716054828910,"circlet_count":0,"master_deck":["Strike_B+1","Strike_B+1","Defend_B+1","Defend_B+1","Zap","Dualcast","Reinforced Body+1","Conserve Battery+1","Capacitor","Self Repair+1","Defragment+1","Electrodynamics","Ball Lightning+1","Ball Lightning+1"],"relics":["Cracked Core","NeowsBlessing","Vajra","War Paint","Happy Flower","MawBank","Strawberry","Eternal Feather","Cables","Tiny Chest","Whetstone","Letter Opener"],"potions_floor_usage":[10,10,13,14,24],"damage_taken":[{"damage":0,"enemies":"Jaw Worm","floor":1,"turns":1},{"damage":0,"enemies":"Small Slimes","floor":2,"turns":1},{"damage":0,"enemies":"Lagavulin","floor":6,"turns":1},{"damage":8,"enemies":"3 Sentries","floor":10,"turns":10},{"damage":0,"enemies":"2 Louse","floor":12,"turns":3},{"damage":28,"enemies":"Gremlin Nob","floor":13,"turns":5},{"damage":0,"enemies":"Lagavulin","floor":14,"turns":6},{"damage":10,"enemies":"Hexaghost","floor":16,"turns":12},{"damage":23,"enemies":"Shell Parasite","floor":18,"turns":7},{"damage":35,"enemies":"3 Byrds","floor":20,"turns":4},{"damage":12,"enemies":"Centurion and Healer","floor":21,"turns":5},{"damage":34,"enemies":"Slavers","floor":24,"turns":5},{"damage":18,"enemies":"Shelled Parasite and Fungi","floor":29,"turns":5},{"damage":78,"enemies":"Champ","floor":33,"turns":8}],"seed_played":"-807826307674258431","potions_obtained":[{"floor":1,"key":"Dexterity Potion"},{"floor":2,"key":"SpeedPotion"},{"floor":10,"key":"FearPotion"},{"floor":12,"key":"FocusPotion"},{"floor":21,"key":"Block Potion"}],"is_trial":false,"path_per_floor":["M","M","?","?","$","E","$","R","T","E","$","M","?","E","R","B",null,"M","?","M","M","$","R","E","R","T","R","?","M","$","?","R","B"],"character_chosen":"DEFECT","items_purchased":["Capacitor","Cables","Tiny Chest"],"campfire_rested":2,"item_purchase_floors":[5,22,22],"current_hp_per_floor":[68,68,68,68,68,68,68,68,68,70,70,70,52,69,69,69,79,66,58,33,31,31,61,37,70,70,79,79,71,71,71,77,0],"gold":21,"neow_bonus":"THREE_ENEMY_KILL","is_prod":false,"is_daily":false,"chose_seed":false,"campfire_upgraded":4,"win_rate":0,"timestamp":1543845148,"path_taken":["M","M","?","?","$","E","?","R","T","E","?","M","?","E","R","BOSS","M","?","?","M","$","R","E","R","T","R","?","?","?","?","R","BOSS"],"build_version":"2018-11-15","purchased_purges":2,"victory":false,"max_hp_per_floor":[75,75,75,75,75,75,75,75,75,75,75,75,75,82,82,82,82,82,82,82,82,82,82,82,82,82,82,82,82,82,82,82,82],"card_choices":[{"not_picked":["Darkness","Leap"],"picked":"Reinforced Body","floor":1},{"not_picked":["Darkness","Aggregate"],"picked":"Conserve Battery","floor":2},{"not_picked":["Coolheaded","Gash"],"picked":"Self Repair","floor":6},{"not_picked":["Chaos","Go for the Eyes","Fission"],"picked":"SKIP","floor":10},{"not_picked":["Chaos","Go for the Eyes","Fission"],"picked":"SKIP","floor":10},{"not_picked":["Redo","Steam Power","Leap"],"picked":"SKIP","floor":12},{"not_picked":["Beam Cell","Leap"],"picked":"Defragment","floor":13},{"not_picked":["Sweeping Beam","Melter","Scrape"],"picked":"SKIP","floor":14},{"not_picked":["Multi-Cast","All For One"],"picked":"Electrodynamics","floor":16},{"not_picked":["Double Energy+1","Scrape","Stack"],"picked":"SKIP","floor":18},{"not_picked":["Gash","Redo","Skim"],"picked":"SKIP","floor":20},{"not_picked":["Doom and Gloom","Leap","Steam+1"],"picked":"SKIP","floor":21},{"not_picked":["Conserve Battery","Steam+1"],"picked":"Ball Lightning","floor":24},{"not_picked":["Coolheaded","Capacitor"],"picked":"Ball Lightning+1","floor":29}],"player_experience":331710,"relics_obtained":[{"floor":6,"key":"Vajra"},{"floor":9,"key":"War Paint"},{"floor":10,"key":"Happy Flower"},{"floor":13,"key":"MawBank"},{"floor":14,"key":"Strawberry"},{"floor":24,"key":"Whetstone"},{"floor":26,"key":"Letter Opener"}],"event_choices":[{"damage_healed":0,"gold_gain":0,"player_choice":"Grow","damage_taken":0,"max_hp_gain":0,"max_hp_loss":0,"event_name":"Living Wall","floor":3,"gold_loss":0,"cards_upgraded":["Reinforced Body"]},{"cards_removed":["Strike_B"],"damage_healed":0,"gold_gain":0,"player_choice":"Card Removal","damage_taken":0,"max_hp_gain":0,"max_hp_loss":0,"event_name":"The Cleric","floor":4,"gold_loss":50},{"damage_healed":0,"gold_gain":0,"player_choice":"Searched \u00271\u0027 times","damage_taken":0,"max_hp_gain":0,"max_hp_loss":0,"event_name":"Dead Adventurer","floor":13,"gold_loss":0},{"damage_healed":0,"gold_gain":75,"player_choice":"Touch","damage_taken":8,"max_hp_gain":0,"max_hp_loss":0,"event_name":"FaceTrader","floor":19,"gold_loss":0},{"cards_removed":["Strike_B"],"damage_healed":0,"gold_gain":0,"player_choice":"Purged","damage_taken":0,"max_hp_gain":0,"max_hp_loss":0,"event_name":"Purifier","floor":28,"gold_loss":0},{"damage_healed":0,"gold_gain":0,"player_choice":"Ignored","damage_taken":0,"max_hp_gain":0,"max_hp_loss":0,"event_name":"Beggar","floor":31,"gold_loss":0}],"is_beta":false,"boss_relics":[{"not_picked":["Lizard Tail","Fusion Hammer"],"picked":"Eternal Feather"}],"items_purged_floors":[11,30],"is_endless":false,"potions_floor_spawned":[1,2,10,12,21],"killed_by":"Champ","ascension_level":7}