{"gold_per_floor":[118,20,35,53,64,64,90,90,144,144,18,36,97,108,108,183,183,183,93,12,12,12,12,12,12,12,12,12,12,12,12,12,12,12,12,12,0,0,0,0],"floor_reached":40,"playtime":1996,"items_purged":["Strike_R","Pain"],"score":750,"play_id":"b1c8e751-3bf2-494b-bb26-aee1b7c11171","local_time":"20190408210007","is_ascension_mode":true,"campfire_choices":[{"data":"Bash","floor":6,"key":"SMITH"},{"data":"Barricade","floor":8,"key":"SMITH"},{"data":"Spot Weakness","floor":15,"key":"SMITH"},{"data":"Corruption","floor":25,"key":"SMITH"},{"floor":27,"key":"REST"},{"data":"Armaments","floor":29,"key":"SMITH"},{"floor":32,"key":"REST"}],"neow_cost":"CURSE","seed_source_timestamp":206208150071329,"circlet_count":0,"master_deck":["AscendersBane","Strike_R","Strike_R","Strike_R","Strike_R","Defend_R","Defend_R+1","Defend_R+1","Defend_R","Bash+1","Impervious","Shrug It Off+1","Twin Strike","Power Through","Clothesline","Iron Wave","Barricade+1","Iron Wave","Clothesline","Spot Weakness+1","Second Wind","Immolate","Armaments+1","Flame Barrier","Corruption+1","Writhe","Shame","Sentinel+1","Uppercut","Anger","Offering+1","Heavy Blade","Havoc+1"],"relics":["Black Blood","Meat on the Bone","Regal Pillow","Tiny Chest","Ectoplasm","War Paint","Potion Belt","Smiling Mask","Centennial Puzzle","Dodecahedron","Red Mask"],"potions_floor_usage":[23,23,23,23,23,30,33],"damage_taken":[{"damage":11,"enemies":"Cultist","floor":1,"turns":4},{"damage":6,"enemies":"Jaw Worm","floor":3,"turns":4},{"damage":4,"enemies":"Small Slimes","floor":4,"turns":5},{"damage":10,"enemies":"Looter","floor":5,"turns":3},{"damage":35,"enemies":"3 Sentries","floor":7,"turns":14},{"damage":2,"enemies":"Exordium Thugs","floor":12,"turns":7},{"damage":0,"enemies":"Lagavulin","floor":13,"turns":11},{"damage":28,"enemies":"3 Louse","floor":14,"turns":6},{"damage":11,"enemies":"Hexaghost","floor":16,"turns":15},{"damage":12,"enemies":"Shell Parasite","floor":18,"turns":7},{"damage":17,"enemies":"2 Thieves","floor":19,"turns":5},{"damage":36,"enemies":"Gremlin Leader","floor":23,"turns":9},{"damage":23,"enemies":"Centurion and Healer","floor":28,"turns":8},{"damage":18,"enemies":"Snake Plant","floor":30,"turns":4},{"damage":16,"enemies":"Shelled Parasite and Fungi","floor":31,"turns":5},{"damage":54,"enemies":"Collector","floor":33,"turns":13},{"damage":17,"enemies":"Orb Walker","floor":35,"turns":5},{"damage":23,"enemies":"3 Shapes","floor":36,"turns":4},{"damage":58,"enemies":"Giant Head","floor":40,"turns":7}],"seed_played":"1929614017194370709","potions_obtained":[{"floor":1,"key":"Explosive Potion"},{"floor":3,"key":"EntropicBrew"},{"floor":5,"key":"Strength Potion"},{"floor":31,"key":"PowerPotion"},{"floor":33,"key":"Poison Potion"}],"is_trial":false,"path_per_floor":["M","$","M","M","M","R","E","R","T","?","$","M","E","M","R","B",null,"M","M","$","?","?","E","T","R","T","R","M","R","M","M","R","B",null,"M","M","?","$","?","E"],"character_chosen":"IRONCLAD","items_purchased":["Twin Strike","Iron Wave","Corruption"],"campfire_rested":2,"item_purchase_floors":[2,11,20],"current_hp_per_floor":[63,63,63,65,61,61,32,32,32,32,32,48,54,44,44,51,69,63,52,52,52,52,34,34,34,34,71,54,54,54,44,75,39,66,59,58,58,58,58,0],"gold":0,"neow_bonus":"THREE_RARE_CARDS","is_prod":false,"is_daily":false,"chose_seed":false,"campfire_upgraded":5,"win_rate":0,"timestamp":1554782407,"path_taken":["M","$","M","M","M","R","E","R","T","?","$","?","E","M","R","BOSS","M","M","$","?","?","E","?","R","T","R","M","R","?","M","R","BOSS","M","M","?","$","?","E"],"build_version":"2019-01-23","purchased_purges":2,"victory":false,"max_hp_per_floor":[75,75,75,75,75,75,75,75,75,75,75,75,75,75,75,75,75,75,75,75,75,75,75,75,75,75,75,75,75,75,75,75,75,75,75,75,75,75,75,75],"card_choices":[{"not_picked":["Double Tap","Berserk"],"picked":"Impervious","floor":0},{"not_picked":["Power Through","Rampage"],"picked":"Shrug It Off","floor":1},{"not_picked":["Thunderclap","Pommel Strike"],"picked":"Power Through","floor":3},{"not_picked":["Warcry","Corruption"],"picked":"Clothesline","floor":4},{"not_picked":["Havoc","Pommel Strike"],"picked":"Iron Wave","floor":5},{"not_picked":["Anger","Warcry"],"picked":"Barricade","floor":7},{"not_picked":["Combust","Flex"],"picked":"Clothesline","floor":12},{"not_picked":["Headbutt","Iron Wave"],"picked":"Spot Weakness","floor":13},{"not_picked":["Thunderclap","Armaments"],"picked":"Second Wind","floor":14},{"not_picked":["Limit Break","Reaper"],"picked":"Immolate","floor":16},{"not_picked":["Iron Wave","Clothesline"],"picked":"Armaments","floor":18},{"not_picked":["Cleave","Sentinel"],"picked":"Flame Barrier","floor":19},{"not_picked":["Warcry","Havoc"],"picked":"Sentinel+1","floor":23},{"not_picked":["Perfected Strike","Sword Boomerang","Hemokinesis"],"picked":"SKIP","floor":28},{"not_picked":["Second Wind","Perfected Strike"],"picked":"Uppercut","floor":30},{"not_picked":["Thunderclap","Blood for Blood"],"picked":"Anger","floor":31},{"not_picked":["Berserk","Feed"],"picked":"Offering","floor":33},{"not_picked":["Fire Breathing","Wild Strike+1"],"picked":"Heavy Blade","floor":35},{"not_picked":["Rage","Second Wind"],"picked":"Havoc+1","floor":36}],"player_experience":397724,"relics_obtained":[{"floor":7,"key":"Meat on the Bone"},{"floor":9,"key":"Regal Pillow"},{"floor":13,"key":"Tiny Chest"},{"floor":23,"key":"Smiling Mask"},{"floor":24,"key":"Centennial Puzzle"},{"floor":26,"key":"Dodecahedron"}],"event_choices":[{"damage_healed":0,"gold_gain":0,"player_choice":"Upgraded","damage_taken":0,"max_hp_gain":0,"max_hp_loss":0,"event_name":"Upgrade Shrine","floor":10,"gold_loss":0,"cards_upgraded":["Shrug It Off"]},{"damage_healed":0,"gold_gain":0,"player_choice":"Opened","damage_taken":0,"relics_obtained":["War Paint"],"max_hp_gain":0,"max_hp_loss":0,"event_name":"The Mausoleum","floor":21,"gold_loss":0,"cards_obtained":["Writhe"]},{"damage_healed":0,"gold_gain":0,"player_choice":"Stole Relic","damage_taken":0,"relics_obtained":["Potion Belt"],"max_hp_gain":0,"max_hp_loss":0,"event_name":"Addict","floor":22,"gold_loss":0,"cards_obtained":["Shame"]},{"damage_healed":0,"gold_gain":0,"player_choice":"Paid","damage_taken":0,"relics_obtained":["Red Mask"],"max_hp_gain":0,"max_hp_loss":0,"event_name":"Tomb of Lord Red Mask","floor":37,"gold_loss":12},{"damage_healed":0,"gold_gain":0,"player_choice":"Upgraded","damage_taken":0,"max_hp_gain":0,"max_hp_loss":0,"event_name":"Upgrade Shrine","floor":39,"gold_loss":0,"cards_upgraded":["Offering"]}],"is_beta":false,"boss_relics":[{"not_picked":["Eternal Feather","Orrery"],"picked":"Ectoplasm"},{"not_picked":["Runic Pyramid","Lizard Tail"],"picked":"Black Blood"}],"items_purged_floors":[2,11],"is_endless":false,"potions_floor_spawned":[1,3,5,16,19,31,33],"killed_by":"Giant Head","ascension_level":14}