{"gold_per_floor":[114,114,114,114,132,159,159,192,492,508,508,523,523,536,536,639,639,564,564,197,197,197,51,51,51,51,51],"floor_reached":27,"playtime":1300,"items_purged":["Defend_B"],"score":221,"play_id":"9f96751d-cba6-4e86-9f15-c8cfb309b85a","local_time":"20181207191058","is_ascension_mode":false,"campfire_choices":[{"floor":7,"key":"REST"},{"floor":11,"key":"REST"},{"floor":15,"key":"REST"},{"floor":25,"key":"REST"}],"neow_cost":"NONE","seed_source_timestamp":247641721699647,"circlet_count":0,"master_deck":["Strike_B","Strike_B","Strike_B","Strike_B","Defend_B","Defend_B","Zap","Dualcast","Defragment","Ball Lightning","Coolheaded+1","FTL","Streamline","Barrage","Decay","Echo Form","Hologram+1","Conserve Battery+1","Lockon","Rebound","Sunder","Static Discharge","White Noise+1"],"relics":["Cracked Core","Toxic Egg 2","Bottled Tornado","Turnip","Sundial","Old Coin","Ectoplasm","Strange Spoon","Potion Belt","Bag of Marbles"],"potions_floor_usage":[5,6,18,19],"damage_taken":[{"damage":5,"enemies":"Jaw Worm","floor":1,"turns":4},{"damage":0,"enemies":"2 Louse","floor":5,"turns":1},{"damage":21,"enemies":"Gremlin Nob","floor":6,"turns":4},{"damage":30,"enemies":"3 Sentries","floor":8,"turns":6},{"damage":0,"enemies":"Cultist","floor":10,"turns":2},{"damage":12,"enemies":"2 Fungi Beasts","floor":12,"turns":2},{"damage":17,"enemies":"Lots of Slimes","floor":14,"turns":4},{"damage":25,"enemies":"Slime Boss","floor":16,"turns":9},{"damage":31,"enemies":"2 Thieves","floor":18,"turns":4},{"damage":17,"enemies":"Shell Parasite","floor":19,"turns":3},{"damage":26,"enemies":"Centurion and Healer","floor":24,"turns":6},{"damage":36,"enemies":"Shelled Parasite and Fungi","floor":27,"turns":3}],"seed_played":"8667962877202421142","potions_obtained":[{"floor":1,"key":"AttackPotion"},{"floor":5,"key":"EssenceOfSteel"},{"floor":16,"key":"Energy Potion"},{"floor":18,"key":"Strength Potion"}],"is_trial":false,"path_per_floor":["M","?","?","T","M","E","R","E","T","M","R","M","?","M","R","B",null,"M","M","$","T","?","$","M","R","T","M"],"character_chosen":"DEFECT","items_purchased":["Strange Spoon","Lockon","Rebound","Sunder","Static Discharge"],"campfire_rested":4,"item_purchase_floors":[20,20,20,23,23],"current_hp_per_floor":[77,70,58,58,58,37,61,31,31,31,55,43,43,26,50,25,82,51,34,34,34,34,34,8,32,32,0],"gold":51,"neow_bonus":"TEN_PERCENT_HP_BONUS","is_prod":false,"is_daily":false,"chose_seed":false,"campfire_upgraded":0,"win_rate":0,"timestamp":1544238658,"path_taken":["M","?","?","?","?","E","R","E","T","M","R","M","?","M","R","BOSS","M","M","$","?","?","$","M","R","T","M"],"build_version":"2018-12-06","purchased_purges":1,"victory":false,"max_hp_per_floor":[82,82,82,82,82,82,82,82,82,82,82,82,82,82,82,82,82,82,82,82,82,82,82,82,82,82,82],"card_choices":[{"not_picked":["Conserve Battery","Compile Driver"],"picked":"Defragment","floor":1},{"not_picked":["Steam+1","Self Repair"],"picked":"Ball Lightning","floor":5},{"not_picked":["Skim+1","Go for the Eyes"],"picked":"Coolheaded+1","floor":6},{"not_picked":["Hello World","Go for the Eyes"],"picked":"FTL","floor":8},{"not_picked":["Fusion+1","Storm"],"picked":"Streamline","floor":10},{"not_picked":["Leap+1","Streamline"],"picked":"Barrage","floor":12},{"not_picked":["Barrage","Reprogram+1","Compile Driver"],"picked":"SKIP","floor":14},{"not_picked":["Meteor Strike","Reboot+1"],"picked":"Echo Form","floor":16},{"not_picked":["Beam Cell","Redo+1"],"picked":"Hologram+1","floor":18},{"not_picked":["Compile Driver","Go for the Eyes"],"picked":"Conserve Battery+1","floor":19},{"not_picked":["Thunder Strike","Go for the Eyes"],"picked":"White Noise+1","floor":24}],"player_experience":153211,"relics_obtained":[{"floor":4,"key":"Bottled Tornado"},{"floor":6,"key":"Turnip"},{"floor":8,"key":"Sundial"},{"floor":9,"key":"Old Coin"},{"floor":21,"key":"Potion Belt"},{"floor":26,"key":"Bag of Marbles"}],"event_choices":[{"cards_removed":["Defend_B"],"damage_healed":0,"gold_gain":0,"player_choice":"Card Removal","damage_taken":7,"max_hp_gain":0,"max_hp_loss":0,"event_name":"Golden Wing","floor":2,"gold_loss":0},{"damage_healed":0,"gold_gain":0,"player_choice":"Success","damage_taken":12,"relics_obtained":["Toxic Egg 2"],"max_hp_gain":0,"max_hp_loss":0,"event_name":"Scrap Ooze","floor":3,"gold_loss":0},{"damage_healed":0,"gold_gain":0,"player_choice":"Cursed","damage_taken":0,"max_hp_gain":0,"max_hp_loss":0,"event_name":"Wheel of Change","floor":13,"gold_loss":0,"cards_obtained":["Decay"]},{"damage_healed":0,"gold_gain":0,"player_choice":"Ignored","damage_taken":0,"max_hp_gain":0,"max_hp_loss":0,"event_name":"Ghosts","floor":22,"gold_loss":0}],"is_beta":false,"boss_relics":[{"not_picked":["Runic Dome","White Beast Statue"],"picked":"Ectoplasm"}],"items_purged_floors":[20],"is_endless":false,"potions_floor_spawned":[1,5,16,18],"killed_by":"Shelled Parasite and Fungi","ascension_level":0}