{"gold_per_floor":[114,114,189,209,209,209,237,237,237,237,252,271,283,283,283,360,360,372,332,351,128,144,176,176],"floor_reached":24,"playtime":1192,"items_purged":["Strike_R"],"score":410,"play_id":"2e421e23-de68-45c7-8e6e-a6a64d1d235e","local_time":"20190306204407","is_ascension_mode":true,"campfire_choices":[{"data":"Pummel","floor":6,"key":"SMITH"},{"data":"Bash","floor":8,"key":"SMITH"},{"data":"Shockwave","floor":10,"key":"SMITH"},{"data":"Seeing Red","floor":15,"key":"SMITH"}],"neow_cost":"NONE","seed_source_timestamp":1041584238002440,"circlet_count":0,"master_deck":["AscendersBane","Strike_R","Strike_R","Strike_R","Strike_R+1","Defend_R+1","Defend_R","Defend_R","Defend_R","Bash+1","Pummel+1","Spot Weakness+1","Shockwave+1","Cleave","Seeing Red+1","Bludgeon"],"relics":["Burning Blood","NeowsBlessing","Blue Candle","Shuriken","Lizard Tail","Anchor","Toxic Egg 2"],"potions_floor_usage":[11,16,20],"damage_taken":[{"damage":0,"enemies":"Cultist","floor":1,"turns":1},{"damage":0,"enemies":"2 Louse","floor":4,"turns":1},{"damage":0,"enemies":"3 Sentries","floor":7,"turns":1},{"damage":10,"enemies":"Jaw Worm","floor":11,"turns":2},{"damage":10,"enemies":"Blue Slaver","floor":12,"turns":4},{"damage":2,"enemies":"Large Slime","floor":13,"turns":3},{"damage":70,"enemies":"The Guardian","floor":16,"turns":11},{"damage":26,"enemies":"3 Byrds","floor":18,"turns":5},{"damage":2,"enemies":"Spheric Guardian","floor":20,"turns":4},{"damage":45,"enemies":"Centurion and Healer","floor":22,"turns":6},{"damage":49,"enemies":"Gremlin Leader","floor":23,"turns":7},{"damage":25,"enemies":"Snecko","floor":24,"turns":3}],"seed_played":"2870205517133624151","potions_obtained":[{"floor":1,"key":"SkillPotion"},{"floor":13,"key":"Regen Potion"},{"floor":18,"key":"Block Potion"},{"floor":23,"key":"Ancient Potion"}],"is_trial":false,"path_per_floor":["M","?","?","M","?","R","E","R","T","R","M","M","M","?","R","B",null,"M","?","M","$","M","E","M"],"character_chosen":"IRONCLAD","items_purchased":["Anchor"],"campfire_rested":0,"item_purchase_floors":[21],"current_hp_per_floor":[74,74,63,69,69,69,75,75,75,75,71,67,71,76,76,27,67,47,47,51,51,12,16,0],"gold":176,"neow_bonus":"THREE_ENEMY_KILL","is_prod":false,"is_daily":false,"chose_seed":false,"campfire_upgraded":4,"win_rate":0,"timestamp":1551905047,"path_taken":["M","?","?","?","?","R","E","R","T","R","M","M","M","?","R","BOSS","M","?","M","?","M","E","?"],"build_version":"2019-01-23","purchased_purges":1,"victory":false,"max_hp_per_floor":[75,75,75,75,75,75,75,75,75,75,75,75,75,80,80,80,80,80,80,80,80,80,80,80],"card_choices":[{"not_picked":["Sever Soul","Warcry"],"picked":"Pummel","floor":1},{"not_picked":["Intimidate","Iron Wave"],"picked":"Spot Weakness","floor":4},{"not_picked":["Armaments","Heavy Blade"],"picked":"Shockwave","floor":7},{"not_picked":["Twin Strike","Shrug It Off"],"picked":"Cleave","floor":11},{"not_picked":["Armaments","Cleave"],"picked":"Seeing Red","floor":12},{"not_picked":["Heavy Blade","Warcry","Cleave"],"picked":"SKIP","floor":13},{"not_picked":["Barricade","Juggernaut"],"picked":"Bludgeon","floor":16},{"not_picked":["Flex","Feel No Pain","Shockwave"],"picked":"SKIP","floor":18},{"not_picked":["Searing Blow","Blood for Blood","Thunderclap"],"picked":"SKIP","floor":20},{"not_picked":["Headbutt","Rampage+1","Burning Pact+1"],"picked":"SKIP","floor":22},{"not_picked":["Heavy Blade","Uppercut","True Grit"],"picked":"SKIP","floor":23}],"player_experience":1523810,"relics_obtained":[{"floor":7,"key":"Blue Candle"},{"floor":9,"key":"Shuriken"},{"floor":23,"key":"Toxic Egg 2"}],"event_choices":[{"damage_healed":0,"gold_gain":0,"player_choice":"Ignored","damage_taken":0,"max_hp_gain":0,"max_hp_loss":0,"event_name":"Golden Wing","floor":2,"gold_loss":0},{"damage_healed":0,"gold_gain":75,"player_choice":"Gather Gold","damage_taken":11,"max_hp_gain":0,"max_hp_loss":0,"event_name":"World of Goop","floor":3,"gold_loss":0},{"damage_healed":0,"gold_gain":0,"player_choice":"Grow","damage_taken":0,"max_hp_gain":0,"max_hp_loss":0,"event_name":"Living Wall","floor":5,"gold_loss":0,"cards_upgraded":["Spot Weakness"]},{"damage_healed":0,"gold_gain":0,"player_choice":"Donut","damage_taken":0,"max_hp_gain":5,"max_hp_loss":0,"event_name":"Big Fish","floor":14,"gold_loss":0},{"damage_healed":0,"gold_gain":0,"player_choice":"Upgraded Two","damage_taken":0,"max_hp_gain":0,"max_hp_loss":0,"event_name":"Designer","floor":19,"gold_loss":40,"cards_upgraded":["Strike_R","Defend_R"]}],"is_beta":false,"boss_relics":[{"not_picked":["Pandora\u0027s Box","Runic Dome"],"picked":"Lizard Tail"}],"items_purged_floors":[21],"is_endless":false,"potions_floor_spawned":[1,13,18,23],"killed_by":"Snecko","ascension_level":14}