{"gold_per_floor":[115,13,88,88,104,104,159,188,188,204,231,231,243,143,143,240,240,256,256,270,25,0,29,29,29,56,56,69,69,84,95,95,198,198,218,218,318,76,76,76,89,0,54,54,54,54],"floor_reached":46,"playtime":2895,"items_purged":["Zap","Parasite"],"score":486,"play_id":"47a76829-a59b-43c8-90c5-2e28667f8f16","local_time":"20181122154412","is_ascension_mode":true,"campfire_choices":[{"data":"Redo","floor":6,"key":"SMITH"},{"data":"Redo","floor":15,"key":"SMITH"},{"floor":24,"key":"REST"},{"floor":27,"key":"REST"},{"data":"Consume","floor":29,"key":"SMITH"},{"floor":32,"key":"REST"},{"data":"Darkness","floor":40,"key":"SMITH"},{"data":"Glacier","floor":44,"key":"SMITH"}],"neow_cost":"NONE","seed_source_timestamp":498428099393993,"circlet_count":0,"master_deck":["Strike_B","Strike_B","Strike_B","Defend_B","Defend_B","Defend_B","Defend_B","Dualcast","Cold Snap","Redo+1","Redo+1","Cold Snap","Consume+1","Doom and Gloom","Glacier+1","Buffer","Conserve Battery+1","Reinforced Body+1","Sunder+1","Creative AI","Darkness+1"],"relics":["Cracked Core","NeowsBlessing","Pear","Blood Vial","Kunai","Boot","Sozu","Nilry\u0027s Codex","Mercury Hourglass","Bird Faced Urn","Orichalcum","Inserter","Dead Branch","Cables","Red Mask","Art of War"],"potions_floor_usage":[8,16,18],"damage_taken":[{"damage":0,"enemies":"Jaw Worm","floor":1,"turns":1},{"damage":0,"enemies":"2 Louse","floor":5,"turns":1},{"damage":0,"enemies":"3 Sentries","floor":7,"turns":1},{"damage":10,"enemies":"Lagavulin","floor":8,"turns":7},{"damage":6,"enemies":"Small Slimes","floor":10,"turns":3},{"damage":28,"enemies":"Gremlin Nob","floor":11,"turns":5},{"damage":7,"enemies":"2 Fungi Beasts","floor":13,"turns":2},{"damage":11,"enemies":"Hexaghost","floor":16,"turns":8},{"damage":4,"enemies":"Spheric Guardian","floor":18,"turns":8},{"damage":30,"enemies":"3 Byrds","floor":20,"turns":6},{"damage":24,"enemies":"Gremlin Leader","floor":23,"turns":7},{"damage":22,"enemies":"Snake Plant","floor":28,"turns":6},{"damage":12,"enemies":"Snecko","floor":30,"turns":6},{"damage":5,"enemies":"Sentry and Sphere","floor":31,"turns":3},{"damage":73,"enemies":"Automaton","floor":33,"turns":14},{"damage":26,"enemies":"3 Shapes","floor":35,"turns":7},{"damage":0,"enemies":"Mind Bloom Boss Battle","floor":37,"turns":8},{"damage":22,"enemies":"3 Darklings","floor":41,"turns":6},{"damage":66,"enemies":"Reptomancer","floor":46,"turns":7}],"seed_played":"-7482990084945675029","potions_obtained":[{"floor":5,"key":"Strength Potion"},{"floor":11,"key":"GamblersBrew"},{"floor":13,"key":"FocusPotion"}],"is_trial":false,"path_per_floor":["M","$","?","?","M","R","?","E","T","M","E","?","M","$","R","B",null,"M","?","M","$","?","E","R","?","T","R","M","R","M","M","R","B",null,"M","?","?","$","?","R","M","?","T","R","$","E"],"character_chosen":"DEFECT","items_purchased":["Redo","Mercury Hourglass","Cables"],"campfire_rested":3,"item_purchase_floors":[2,21,38],"current_hp_per_floor":[75,75,64,75,75,75,85,75,75,71,45,66,61,61,61,52,82,78,62,34,34,34,12,36,36,36,60,52,52,44,41,65,2,82,62,62,78,78,78,78,62,62,62,62,62,0],"gold":54,"neow_bonus":"THREE_ENEMY_KILL","is_prod":false,"is_daily":false,"chose_seed":false,"campfire_upgraded":5,"win_rate":0,"timestamp":1542897852,"path_taken":["M","$","?","?","M","R","?","E","T","M","E","?","M","$","R","BOSS","M","?","M","$","?","E","R","?","T","R","M","R","M","M","R","BOSS","M","?","?","$","?","R","M","?","T","R","$","E"],"build_version":"2018-11-15","purchased_purges":2,"victory":false,"max_hp_per_floor":[75,75,75,75,75,75,85,85,85,85,85,85,85,82,82,82,82,82,82,82,82,82,82,82,82,82,82,82,82,82,82,82,82,82,82,78,78,78,78,78,78,78,78,78,78,78],"card_choices":[{"not_picked":["Gash","Hologram"],"picked":"Cold Snap","floor":1},{"not_picked":["Compile Driver","Rebound"],"picked":"Redo","floor":5},{"not_picked":["Storm","Rip and Tear"],"picked":"Cold Snap","floor":7},{"not_picked":["Hologram","Rainbow"],"picked":"Consume","floor":8},{"not_picked":["Redo","Genetic Algorithm","Ball Lightning"],"picked":"SKIP","floor":10},{"not_picked":["Cold Snap","Hologram"],"picked":"Doom and Gloom","floor":11},{"not_picked":["Barrage","Skim"],"picked":"Glacier","floor":13},{"not_picked":["Electrodynamics","Hyperbeam"],"picked":"Buffer","floor":16},{"not_picked":["Blizzard","Beam Cell"],"picked":"Conserve Battery+1","floor":18},{"not_picked":["Conserve Battery","Aggregate","Ball Lightning"],"picked":"SKIP","floor":20},{"not_picked":["Sweeping Beam","Force Field","Turbo"],"picked":"SKIP","floor":23},{"not_picked":["Conserve Battery","Compile Driver+1"],"picked":"Reinforced Body+1","floor":28},{"not_picked":["Cold Snap","Stack"],"picked":"Sunder+1","floor":30},{"not_picked":["Multi-Cast","Steam","Hologram"],"picked":"SKIP","floor":31},{"not_picked":["Fission","Machine Learning"],"picked":"Creative AI","floor":33},{"not_picked":["Compile Driver","Cold Snap"],"picked":"Darkness","floor":35},{"not_picked":["Consume","Compile Driver+1","Stack+1"],"picked":"SKIP","floor":41}],"player_experience":230825,"relics_obtained":[{"floor":7,"key":"Pear"},{"floor":8,"key":"Blood Vial"},{"floor":9,"key":"Kunai"},{"floor":11,"key":"Boot"},{"floor":19,"key":"Nilry\u0027s Codex"},{"floor":23,"key":"Bird Faced Urn"},{"floor":26,"key":"Orichalcum"},{"floor":37,"key":"Dead Branch"},{"floor":43,"key":"Art of War"}],"event_choices":[{"damage_healed":0,"gold_gain":75,"player_choice":"Gather Gold","damage_taken":11,"max_hp_gain":0,"max_hp_loss":0,"event_name":"World of Goop","floor":3,"gold_loss":0},{"damage_healed":25,"gold_gain":0,"player_choice":"Banana","damage_taken":0,"max_hp_gain":0,"max_hp_loss":0,"event_name":"Big Fish","floor":4,"gold_loss":0},{"damage_healed":0,"gold_gain":30,"player_choice":"Searched \u00272\u0027 times","damage_taken":0,"max_hp_gain":0,"max_hp_loss":0,"event_name":"Dead Adventurer","floor":7,"gold_loss":0},{"damage_healed":21,"gold_gain":0,"player_choice":"Healed and dodged fight","damage_taken":0,"max_hp_gain":0,"max_hp_loss":0,"event_name":"Mushrooms","floor":12,"gold_loss":0,"cards_obtained":["Parasite"]},{"damage_healed":0,"gold_gain":0,"player_choice":"Obtained Book","damage_taken":16,"max_hp_gain":0,"max_hp_loss":0,"event_name":"Cursed Tome","floor":19,"gold_loss":0},{"damage_healed":0,"gold_gain":0,"player_choice":"Paid Fearfully","damage_taken":0,"max_hp_gain":0,"max_hp_loss":0,"event_name":"Masked Bandits","floor":22,"gold_loss":25},{"damage_healed":0,"gold_gain":0,"player_choice":"Ignored","damage_taken":0,"max_hp_gain":0,"max_hp_loss":0,"event_name":"Ghosts","floor":25,"gold_loss":0},{"damage_healed":0,"gold_gain":0,"player_choice":"Max HP","damage_taken":0,"max_hp_gain":0,"max_hp_loss":4,"event_name":"Winding Halls","floor":36,"gold_loss":0},{"damage_healed":0,"gold_gain":0,"player_choice":"Fight","damage_taken":0,"max_hp_gain":0,"max_hp_loss":0,"event_name":"MindBloom","floor":37,"gold_loss":0},{"cards_removed":["Strike_B"],"damage_healed":0,"gold_gain":0,"player_choice":"Removed Attack","damage_taken":0,"max_hp_gain":0,"max_hp_loss":0,"event_name":"Falling","floor":39,"gold_loss":0},{"damage_healed":0,"gold_gain":0,"player_choice":"Paid","damage_taken":0,"relics_obtained":["Red Mask"],"max_hp_gain":0,"max_hp_loss":0,"event_name":"Tomb of Lord Red Mask","floor":42,"gold_loss":89}],"is_beta":false,"boss_relics":[{"not_picked":["Coffee Dripper","Calling Bell"],"picked":"Sozu"},{"not_picked":["Nuclear Battery","Tiny House"],"picked":"Inserter"}],"items_purged_floors":[2,14],"is_endless":false,"potions_floor_spawned":[5,11,13,18,23,30,37],"killed_by":"Reptomancer","ascension_level":2}