{"gold_per_floor":[115,128,147,60,72,72,84,84,107,137,137,172,172,190,190,295,295,308,104,104,104,121,121,133,133,133,133],"floor_reached":27,"playtime":1089,"items_purged":["Strike_B"],"score":335,"play_id":"e2167b63-da6a-4e45-a289-462b12504333","local_time":"20190427231751","is_ascension_mode":true,"campfire_choices":[{"data":"Defragment","floor":6.0,"key":"SMITH"},{"data":"Dualcast","floor":8.0,"key":"SMITH"},{"floor":11.0,"key":"REST"},{"floor":15,"key":"REST"},{"data":"Zap","floor":23,"key":"SMITH"},{"floor":25,"key":"REST"}],"neow_cost":"PERCENT_DAMAGE","seed_source_timestamp":1259297650891072,"circlet_count":0,"master_deck":["AscendersBane","Strike_B","Strike_B","Strike_B","Defend_B","Defend_B","Defend_B","Defend_B","Zap+1","Dualcast+1","Gash","Auto Shields","Defragment+1","Bandage Up","Genetic Algorithm","Rebound","Cold Snap","Biased Cognition","Leap","Creative AI","Streamline","Capacitor","Cold Snap","Ball Lightning"],"special_seed":0,"relics":["Cracked Core","Nunchaku","Vajra","Juzu Bracelet","Regal Pillow","Nuclear Battery","Incense Burner"],"potions_floor_usage":[20,24,24],"damage_taken":[{"damage":0.0,"enemies":"Small Slimes","floor":1.0,"turns":3.0},{"damage":0.0,"enemies":"2 Louse","floor":2.0,"turns":2.0},{"damage":9.0,"enemies":"Jaw Worm","floor":3.0,"turns":3.0},{"damage":3.0,"enemies":"Blue Slaver","floor":5.0,"turns":5.0},{"damage":2.0,"enemies":"Exordium Wildlife","floor":7.0,"turns":4.0},{"damage":38.0,"enemies":"Lagavulin","floor":10.0,"turns":10.0},{"damage":20.0,"enemies":"3 Sentries","floor":12.0,"turns":8.0},{"damage":7,"enemies":"Red Slaver","floor":14,"turns":3},{"damage":38,"enemies":"Hexaghost","floor":16,"turns":13},{"damage":19,"enemies":"Spheric Guardian","floor":18,"turns":5},{"damage":25,"enemies":"Colosseum Slavers","floor":20,"turns":5},{"damage":4,"enemies":"Shell Parasite","floor":22,"turns":7},{"damage":18,"enemies":"Shelled Parasite and Fungi","floor":24,"turns":9},{"damage":51,"enemies":"Book of Stabbing","floor":27,"turns":5}],"seed_played":"3837705029094880770","potions_obtained":[{"floor":2.0,"key":"SneckoOil"},{"floor":5.0,"key":"SteroidPotion"},{"floor":7.0,"key":"EssenceOfSteel"},{"floor":16,"key":"Fire Potion"},{"floor":18,"key":"Poison Potion"},{"floor":22,"key":"SneckoOil"}],"is_trial":false,"path_per_floor":["M","M","M","$","M","R","M","R","T","E","R","E","?","M","R","B",null,"M","$","?","?","M","R","M","R","T","E"],"character_chosen":"DEFECT","items_purchased":["Bandage Up","Capacitor","Cold Snap"],"campfire_rested":3,"item_purchase_floors":[4,19,19],"current_hp_per_floor":[50,50,41,41,42,42,44,44,44,10,32,16,16,13,50,16,60,45,45,24,24,24,24,10,47,47,0],"gold":133,"neow_bonus":"ONE_RARE_RELIC","is_prod":false,"is_daily":false,"chose_seed":false,"campfire_upgraded":3,"win_rate":0,"timestamp":1556374671,"path_taken":["M","M","M","$","M","R","M","R","T","E","R","E","?","M","R","BOSS","M","$","?","?","M","R","M","R","T","E"],"build_version":"2019-01-23","purchased_purges":1,"victory":false,"max_hp_per_floor":[75,75,75,75,75,75,75,75,75,75,75,75,75,75,75,75,75,75,75,75,75,75,75,75,75,75,75],"card_choices":[{"not_picked":["Rebound","Go for the Eyes"],"picked":"Gash","floor":1.0},{"not_picked":["Turbo","Fusion"],"picked":"Auto Shields","floor":2.0},{"not_picked":["Compile Driver","Leap"],"picked":"Defragment","floor":3.0},{"not_picked":["Lockon","Force Field"],"picked":"Genetic Algorithm","floor":5.0},{"not_picked":["Cold Snap","Conserve Battery"],"picked":"Rebound","floor":7.0},{"not_picked":["Chill","Stack"],"picked":"Cold Snap","floor":10.0},{"not_picked":["Conserve Battery","Barrage"],"picked":"Biased Cognition","floor":12.0},{"not_picked":["Hologram","Stack"],"picked":"Leap","floor":14},{"not_picked":["Machine Learning","Rainbow"],"picked":"Creative AI","floor":16},{"not_picked":["Redo","Conserve Battery"],"picked":"Streamline","floor":18},{"not_picked":["Gash","FTL"],"picked":"Ball Lightning","floor":22},{"not_picked":["Steam","Scrape","Aggregate"],"picked":"SKIP","floor":24}],"player_experience":446666,"relics_obtained":[{"floor":9.0,"key":"Vajra"},{"floor":10.0,"key":"Juzu Bracelet"},{"floor":12.0,"key":"Regal Pillow"},{"floor":26,"key":"Incense Burner"}],"event_choices":[{"damage_healed":0,"gold_gain":0,"player_choice":"Fled","damage_taken":0,"max_hp_gain":0,"max_hp_loss":0,"event_name":"Scrap Ooze","floor":13,"gold_loss":0},{"damage_healed":0,"gold_gain":0,"player_choice":"Fight","damage_taken":0,"max_hp_gain":0,"max_hp_loss":0,"event_name":"Colosseum","floor":20,"gold_loss":0},{"damage_healed":0,"gold_gain":0,"player_choice":"Fled From Nobs","damage_taken":0,"max_hp_gain":0,"max_hp_loss":0,"event_name":"Colosseum","floor":20,"gold_loss":0},{"damage_healed":0,"gold_gain":0,"player_choice":"Ignored","damage_taken":0,"max_hp_gain":0,"max_hp_loss":0,"event_name":"Vampires","floor":21,"gold_loss":0}],"is_beta":false,"boss_relics":[{"not_picked":["Busted Crown","Coffee Dripper"],"picked":"Nuclear Battery"}],"items_purged_floors":[19],"is_endless":false,"potions_floor_spawned":[2,5,7,16,18,22],"killed_by":"Book of Stabbing","ascension_level":10}