{"gold_per_floor":[109,128,128,147,97,97,272,285,359,393,411,411,444,462,462,582,582,606,625,645,645,659,697,697,697,778,778,801,817,437,451,451,451],"floor_reached":33,"playtime":2524,"items_purged":["Doubt"],"score":373,"play_id":"61ea4b3f-b3c2-45e8-887e-1f3d882d1d19","local_time":"20190415182449","is_ascension_mode":true,"campfire_choices":[{"data":"Underhanded Strike","floor":6,"key":"SMITH"},{"data":"Crippling Poison","floor":12,"key":"SMITH"},{"data":"Poisoned Stab","floor":15,"key":"SMITH"},{"floor":25,"key":"REST"},{"data":"Crippling Poison","floor":32,"key":"SMITH"}],"neow_cost":"NONE","seed_source_timestamp":502045698011400,"circlet_count":0,"master_deck":["Defend_G","Defend_G","Defend_G","Defend_G","Defend_G","Survivor","Neutralize","Underhanded Strike+1","Reflex","Dodge and Roll","Crippling Poison+1","Expertise","Catalyst","Dagger Throw","Poisoned Stab+1","Unload","Poisoned Stab","Acrobatics","Crippling Poison+1","Bite","Bite","Bite","Bite","Bite","Poisoned Stab","Malaise","Backflip","Poisoned Stab"],"relics":["Velvet Choker","Golden Idol","Paper Crane","Centennial Puzzle","Tingsha","Sozu","Calipers","Letter Opener","Frozen Egg 2","Bronze Scales","Snake Skull","Anchor"],"potions_floor_usage":[10,10,13,24],"damage_taken":[{"damage":2,"enemies":"Jaw Worm","floor":1,"turns":4},{"damage":0,"enemies":"2 Louse","floor":2,"turns":2},{"damage":1,"enemies":"Small Slimes","floor":4,"turns":4},{"damage":10,"enemies":"Exordium Wildlife","floor":8,"turns":10},{"damage":16,"enemies":"Gremlin Nob","floor":10,"turns":4},{"damage":0,"enemies":"Red Slaver","floor":11,"turns":5},{"damage":8,"enemies":"3 Sentries","floor":13,"turns":14},{"damage":0,"enemies":"Blue Slaver","floor":14,"turns":3},{"damage":9,"enemies":"The Guardian","floor":16,"turns":9},{"damage":10,"enemies":"Chosen","floor":18,"turns":4},{"damage":8,"enemies":"Shell Parasite","floor":19,"turns":4},{"damage":17,"enemies":"Chosen and Byrds","floor":20,"turns":6},{"damage":17,"enemies":"Centurion and Healer","floor":22,"turns":5},{"damage":27,"enemies":"Gremlin Leader","floor":23,"turns":6},{"damage":0,"enemies":"Snake Plant","floor":24,"turns":2},{"damage":5,"enemies":"Cultist and Chosen","floor":29,"turns":4},{"damage":9,"enemies":"Shelled Parasite and Fungi","floor":31,"turns":3},{"damage":39,"enemies":"Automaton","floor":33,"turns":6}],"seed_played":"-2410388492078474299","potions_obtained":[{"floor":2,"key":"LiquidBronze"},{"floor":4,"key":"Fire Potion"},{"floor":10,"key":"Poison Potion"},{"floor":11,"key":"SmokeBomb"}],"is_trial":false,"path_per_floor":["M","M","?","M","?","R","?","M","T","E","M","R","E","M","R","B",null,"M","M","M","?","M","E","M","R","T","?","T","M","$","M","R","B"],"character_chosen":"THE_SILENT","items_purchased":["Snake Skull","Anchor"],"campfire_rested":1,"item_purchase_floors":[30,30],"current_hp_per_floor":[68,68,65,64,64,64,64,54,54,38,38,38,30,30,30,21,65,55,47,30,30,21,2,2,15,15,15,15,22,22,23,23,0],"gold":451,"neow_bonus":"BOSS_RELIC","is_prod":false,"is_daily":false,"chose_seed":false,"campfire_upgraded":4,"win_rate":0,"timestamp":1555345489,"path_taken":["M","M","?","M","?","R","?","M","T","E","?","R","E","M","R","BOSS","M","M","M","?","M","E","M","R","T","?","?","?","$","M","R","BOSS"],"build_version":"2019-01-23","purchased_purges":1,"victory":false,"max_hp_per_floor":[70,70,65,65,65,65,65,65,65,65,65,65,65,65,65,65,65,65,65,65,45,45,45,45,45,45,45,45,45,45,45,45,45],"card_choices":[{"not_picked":["Slice","Flechettes"],"picked":"Underhanded Strike","floor":1},{"not_picked":["Accuracy","Masterful Stab"],"picked":"Reflex","floor":2},{"not_picked":["Quick Slash","Setup"],"picked":"Dodge and Roll","floor":4},{"not_picked":["Dagger Spray","Bouncing Flask"],"picked":"Crippling Poison","floor":8},{"not_picked":["Setup","Slice"],"picked":"Expertise","floor":10},{"not_picked":["Acrobatics","Outmaneuver"],"picked":"Catalyst","floor":11},{"not_picked":["Infinite Blades","Finisher"],"picked":"Dagger Throw","floor":13},{"not_picked":["Dagger Spray","Deflect"],"picked":"Poisoned Stab","floor":14},{"not_picked":["Storm of Steel","Die Die Die"],"picked":"Unload","floor":16},{"not_picked":["Expertise","Bane+1"],"picked":"Poisoned Stab","floor":18},{"not_picked":["Outmaneuver","Flying Knee+1"],"picked":"Acrobatics","floor":19},{"not_picked":["Calculated Gamble","Flying Knee"],"picked":"Crippling Poison","floor":20},{"not_picked":["Slice","Bane"],"picked":"Poisoned Stab","floor":22},{"not_picked":["Predator","PiercingWail"],"picked":"Malaise","floor":23},{"not_picked":["Skewer+1","Dagger Spray"],"picked":"Backflip","floor":29},{"not_picked":["Masterful Stab","Prepared"],"picked":"Poisoned Stab","floor":31}],"player_experience":460216,"relics_obtained":[{"floor":9,"key":"Paper Crane"},{"floor":10,"key":"Centennial Puzzle"},{"floor":13,"key":"Tingsha"},{"floor":23,"key":"Calipers"},{"floor":26,"key":"Letter Opener"},{"floor":28,"key":"Bronze Scales"}],"event_choices":[{"damage_healed":0,"gold_gain":0,"player_choice":"Lose Max HP","damage_taken":0,"relics_obtained":["Golden Idol"],"max_hp_gain":0,"max_hp_loss":5,"event_name":"Golden Idol","floor":3,"gold_loss":0},{"cards_removed":["Strike_G"],"damage_healed":0,"gold_gain":0,"player_choice":"Card Removal","damage_taken":0,"max_hp_gain":0,"max_hp_loss":0,"event_name":"The Cleric","floor":5,"gold_loss":50},{"damage_healed":0,"gold_gain":175,"player_choice":"AGREE","damage_taken":0,"max_hp_gain":0,"max_hp_loss":0,"event_name":"Liars Game","floor":7,"gold_loss":0,"cards_obtained":["Doubt"]},{"damage_healed":0,"gold_gain":0,"player_choice":"Became a vampire","damage_taken":0,"max_hp_gain":0,"max_hp_loss":20,"event_name":"Vampires","floor":21,"gold_loss":0,"cards_obtained":["Bite","Bite","Bite","Bite","Bite"]},{"damage_healed":0,"gold_gain":0,"player_choice":"Opened","damage_taken":0,"relics_obtained":["Frozen Egg 2"],"max_hp_gain":0,"max_hp_loss":0,"event_name":"The Mausoleum","floor":27,"gold_loss":0}],"is_beta":false,"boss_relics":[{"not_picked":["Ectoplasm","Tiny House"],"picked":"Sozu"}],"items_purged_floors":[30],"is_endless":false,"potions_floor_spawned":[2,4,10,11,18,23,24,31],"killed_by":"Automaton","ascension_level":3}