{"gold_per_floor":[111,124,29,0,0,0,31,31,31,31,7,18,38,38,38,38],"floor_reached":16,"playtime":433,"items_purged":[],"score":135,"play_id":"f288945c-6055-48a9-b258-ef856a53f974","local_time":"20190330130950","is_ascension_mode":true,"campfire_choices":[{"data":"Forethought","floor":6,"key":"SMITH"},{"data":"Thunder Strike","floor":8,"key":"SMITH"},{"data":"Fusion","floor":15,"key":"SMITH"}],"neow_cost":"NONE","seed_source_timestamp":1003665139274499,"circlet_count":0,"master_deck":["Strike_B","Strike_B+1","Strike_B","Strike_B","Defend_B","Defend_B+1","Defend_B","Zap","Dualcast","Leap","Undo","Forethought+1","Thunder Strike+1","Conserve Battery","Fusion+1"],"relics":["Cracked Core","NeowsBlessing","Singing Bowl","Frozen Egg 2","Strawberry"],"potions_floor_usage":[7],"damage_taken":[{"damage":0,"enemies":"Small Slimes","floor":1,"turns":1},{"damage":0,"enemies":"2 Louse","floor":2,"turns":1},{"damage":0,"enemies":"Gremlin Nob","floor":7,"turns":1},{"damage":6,"enemies":"Jaw Worm","floor":12,"turns":4},{"damage":0,"enemies":"Looter","floor":13,"turns":5},{"damage":70,"enemies":"Hexaghost","floor":16,"turns":14}],"seed_played":"-6375697876079891808","potions_obtained":[{"floor":7,"key":"Fruit Juice"},{"floor":13,"key":"Ancient Potion"}],"is_trial":false,"path_per_floor":["M","M","$","?","?","R","E","R","T","?","$","M","M","T","R","B"],"character_chosen":"DEFECT","items_purchased":["Forethought","Conserve Battery"],"campfire_rested":0,"item_purchase_floors":[3,11],"current_hp_per_floor":[75,75,75,75,60,60,65,65,65,65,65,61,61,68,68,0],"gold":38,"neow_bonus":"THREE_ENEMY_KILL","is_prod":false,"is_daily":false,"chose_seed":false,"campfire_upgraded":3,"win_rate":0,"timestamp":1553976590,"path_taken":["M","M","$","?","?","R","E","R","T","?","?","M","M","?","R","BOSS"],"build_version":"2019-01-23","purchased_purges":0,"victory":false,"max_hp_per_floor":[75,75,75,75,75,75,80,80,80,80,80,82,82,89,89,89],"card_choices":[{"not_picked":["Rebound","Hologram"],"picked":"Leap","floor":1},{"not_picked":["Steam Power","Beam Cell"],"picked":"Undo","floor":2},{"not_picked":["Skim","Chaos"],"picked":"Thunder Strike","floor":7},{"not_picked":["Hologram","Sweeping Beam","Stack"],"picked":"Singing Bowl","floor":12},{"not_picked":["Skim","Hologram"],"picked":"Fusion","floor":13}],"player_experience":381877,"relics_obtained":[{"floor":7,"key":"Singing Bowl"},{"floor":9,"key":"Frozen Egg 2"},{"floor":14,"key":"Strawberry"}],"event_choices":[{"damage_healed":0,"gold_gain":0,"player_choice":"Left Gold","damage_taken":0,"max_hp_gain":0,"max_hp_loss":0,"event_name":"World of Goop","floor":4,"gold_loss":29},{"damage_healed":0,"gold_gain":0,"player_choice":"Entered Light","damage_taken":15,"max_hp_gain":0,"max_hp_loss":0,"event_name":"Shining Light","floor":5,"gold_loss":0,"cards_upgraded":["Defend_B","Strike_B"]},{"cards_removed":["Defend_B"],"damage_healed":0,"gold_gain":0,"player_choice":"Forget","damage_taken":0,"max_hp_gain":0,"max_hp_loss":0,"event_name":"Living Wall","floor":10,"gold_loss":0}],"is_beta":false,"boss_relics":[],"items_purged_floors":[],"is_endless":false,"potions_floor_spawned":[7,13],"killed_by":"Hexaghost","ascension_level":2}