{"gold_per_floor":[115,115,131,147,97,122,122,178,253,253,315,149,160,178,178,281,281,298,309,309,138,150,150,163,91,91,91],"floor_reached":27,"playtime":2199,"items_purged":["Strike_R","Strike_R"],"score":301,"play_id":"6ca909c9-ad30-4962-bab9-3b6c4960bdce","local_time":"20190414105223","is_ascension_mode":true,"campfire_choices":[{"data":"Dual Wield","floor":10,"key":"SMITH"},{"floor":15,"key":"REST"},{"data":"Whirlwind","floor":23,"key":"SMITH"}],"neow_cost":"NONE","seed_source_timestamp":90264375589451,"circlet_count":0,"master_deck":["Strike_R","Defend_R","Defend_R","Defend_R","Defend_R","Bash","Iron Wave","Body Slam+1","Cleave","Battle Trance","Dual Wield+1","Ghostly Armor","Inflame+1","Shrug It Off","Whirlwind+1","Headbutt","True Grit","Flex+1","Flame Barrier","Heavy Blade"],"relics":["Burning Blood","Oddly Smooth Stone","Champion Belt","Tiny Chest","Frozen Egg 2","Girya","Eternal Feather","Toxic Egg 2"],"potions_floor_usage":[6,11,14,18,24,27],"damage_taken":[{"damage":6,"enemies":"Jaw Worm","floor":1,"turns":3},{"damage":6,"enemies":"Small Slimes","floor":3,"turns":4},{"damage":0,"enemies":"2 Louse","floor":4,"turns":3},{"damage":8,"enemies":"3 Sentries","floor":6,"turns":7},{"damage":41,"enemies":"Gremlin Nob","floor":8,"turns":5},{"damage":43,"enemies":"Lagavulin Event","floor":11,"turns":7},{"damage":6,"enemies":"Large Slime","floor":13,"turns":6},{"damage":1,"enemies":"Exordium Thugs","floor":14,"turns":6},{"damage":42,"enemies":"Slime Boss","floor":16,"turns":12},{"damage":10,"enemies":"2 Thieves","floor":18,"turns":4},{"damage":13,"enemies":"Chosen","floor":19,"turns":5},{"damage":29,"enemies":"Snake Plant","floor":22,"turns":6},{"damage":7,"enemies":"Cultist and Chosen","floor":24,"turns":6},{"damage":69,"enemies":"Gremlin Leader","floor":27,"turns":5}],"seed_played":"-6584936113956441734","potions_obtained":[{"floor":1,"key":"Fire Potion"},{"floor":4,"key":"Regen Potion"},{"floor":13,"key":"Poison Potion"},{"floor":16,"key":"AttackPotion"},{"floor":18,"key":"Fire Potion"}],"is_trial":false,"path_per_floor":["M","?","M","M","?","E","?","E","T","R","?","$","M","M","R","B",null,"M","M","?","$","M","R","M","$","T","E"],"character_chosen":"IRONCLAD","items_purchased":["Inflame+1","Shrug It Off","Flame Barrier","Regen Potion"],"campfire_rested":1,"item_purchase_floors":[12,12,21,25],"current_hp_per_floor":[72,77,77,83,83,81,81,46,46,46,24,24,24,29,54,18,68,64,57,57,57,34,46,45,45,45,0],"gold":91,"neow_bonus":"RANDOM_COMMON_RELIC","is_prod":false,"is_daily":false,"chose_seed":false,"campfire_upgraded":2,"win_rate":0,"timestamp":1555206743,"path_taken":["M","?","M","M","?","E","?","E","T","R","?","$","M","M","R","BOSS","M","M","?","$","M","R","M","?","T","E"],"build_version":"2019-01-23","purchased_purges":2,"victory":false,"max_hp_per_floor":[80,85,85,85,85,85,85,85,85,85,85,85,85,85,85,85,85,85,85,85,85,85,85,85,85,85,85],"card_choices":[{"not_picked":["Infernal Blade","Fire Breathing"],"picked":"Iron Wave","floor":1},{"not_picked":["Thunderclap","Uppercut"],"picked":"Body Slam","floor":3},{"not_picked":["Hemokinesis","Flame Barrier"],"picked":"Cleave","floor":4},{"not_picked":["Pummel","Wild Strike"],"picked":"Battle Trance","floor":6},{"not_picked":["Havoc","Second Wind"],"picked":"Dual Wield","floor":8},{"not_picked":["Seeing Red","Reaper"],"picked":"Ghostly Armor","floor":11},{"not_picked":["Sword Boomerang","Havoc"],"picked":"Whirlwind","floor":13},{"not_picked":["Cleave","Sword Boomerang"],"picked":"Headbutt","floor":14},{"not_picked":["Pummel","Burning Pact+1"],"picked":"True Grit","floor":18},{"not_picked":["Perfected Strike","Power Through"],"picked":"Flex+1","floor":19},{"not_picked":["Exhume","Anger+1"],"picked":"Heavy Blade","floor":22},{"not_picked":["Flex","Havoc","Clash"],"picked":"SKIP","floor":24}],"player_experience":327880,"relics_obtained":[{"floor":6,"key":"Champion Belt"},{"floor":8,"key":"Tiny Chest"},{"floor":9,"key":"Frozen Egg 2"},{"floor":11,"key":"Girya"},{"floor":26,"key":"Toxic Egg 2"}],"event_choices":[{"damage_healed":0,"gold_gain":0,"player_choice":"Donut","damage_taken":0,"max_hp_gain":5,"max_hp_loss":0,"event_name":"Big Fish","floor":2,"gold_loss":0},{"cards_removed":["Strike_R"],"damage_healed":0,"gold_gain":0,"player_choice":"Card Removal","damage_taken":0,"max_hp_gain":0,"max_hp_loss":0,"event_name":"The Cleric","floor":5,"gold_loss":50},{"damage_healed":0,"gold_gain":0,"player_choice":"Grow","damage_taken":0,"max_hp_gain":0,"max_hp_loss":0,"event_name":"Living Wall","floor":7,"gold_loss":0,"cards_upgraded":["Body Slam"]},{"damage_healed":0,"gold_gain":0,"player_choice":"Searched \u00271\u0027 times","damage_taken":0,"max_hp_gain":0,"max_hp_loss":0,"event_name":"Dead Adventurer","floor":11,"gold_loss":0},{"cards_removed":["Strike_R"],"damage_healed":0,"gold_gain":0,"player_choice":"Offered Basic","damage_taken":0,"max_hp_gain":0,"max_hp_loss":0,"event_name":"Bonfire Elementals","floor":20,"gold_loss":0}],"is_beta":false,"boss_relics":[{"not_picked":["Runic Dome","Busted Crown"],"picked":"Eternal Feather"}],"items_purged_floors":[12,21],"is_endless":false,"potions_floor_spawned":[1,4,13,16,18],"killed_by":"Gremlin Leader","ascension_level":7}