{"gold_per_floor":[118,134,84,84,96,129,144,173,173,173,188,188,213,213],"floor_reached":14,"playtime":649,"items_purged":[],"score":176,"play_id":"6dc62d6c-8512-4e23-9e09-63c43acc43db","local_time":"20190408091856","is_ascension_mode":true,"campfire_choices":[{"floor":10,"key":"REST"},{"floor":12,"key":"REST"}],"neow_cost":"NONE","seed_source_timestamp":178340055348125,"circlet_count":0,"master_deck":["AscendersBane","Strike_R","Strike_R","Strike_R","Defend_R","Defend_R","Defend_R","Defend_R","Bash","Trip","Perfected Strike","Pommel Strike","Sentinel","Twin Strike","True Grit","Uppercut","Dropkick","Metallicize","Headbutt","Thunderclap"],"relics":["Burning Blood","Champion Belt","Shuriken","Prayer Wheel","WingedGreaves"],"potions_floor_usage":[8,14],"damage_taken":[{"damage":0,"enemies":"Small Slimes","floor":1,"turns":3},{"damage":1,"enemies":"2 Louse","floor":2,"turns":2},{"damage":1,"enemies":"Cultist","floor":5,"turns":3},{"damage":35,"enemies":"3 Sentries","floor":6,"turns":9},{"damage":11,"enemies":"2 Fungi Beasts","floor":7,"turns":3},{"damage":36,"enemies":"Lagavulin","floor":8,"turns":7},{"damage":8,"enemies":"3 Louse","floor":11,"turns":5},{"damage":27,"enemies":"3 Sentries","floor":13,"turns":12},{"damage":43,"enemies":"Gremlin Gang","floor":14,"turns":5}],"seed_played":"3735682298412312827","potions_obtained":[{"floor":2,"key":"SteroidPotion"},{"floor":5,"key":"EssenceOfSteel"}],"is_trial":false,"path_per_floor":["M","M","?","?","M","E","M","E","T","R","M","R","E","M"],"character_chosen":"IRONCLAD","items_purchased":[],"campfire_rested":2,"item_purchase_floors":[],"current_hp_per_floor":[78,80,80,80,80,51,46,16,16,40,38,62,41,0],"gold":213,"neow_bonus":"RANDOM_COLORLESS","is_prod":false,"is_daily":false,"chose_seed":false,"campfire_upgraded":0,"win_rate":0,"timestamp":1554740336,"path_taken":["M","M","?","?","M","E","?","E","T","R","M","R","E","M"],"build_version":"2019-01-23","purchased_purges":0,"victory":false,"max_hp_per_floor":[80,80,80,80,80,80,80,80,80,80,80,80,80,80],"card_choices":[{"not_picked":["Warcry","Body Slam"],"picked":"Perfected Strike","floor":1},{"not_picked":["Bloodletting","Reckless Charge"],"picked":"Pommel Strike","floor":2},{"not_picked":["Clash","Blood for Blood"],"picked":"Twin Strike","floor":5},{"not_picked":["Disarm","Perfected Strike"],"picked":"True Grit","floor":6},{"not_picked":["Berserk","Pummel"],"picked":"Uppercut","floor":7},{"not_picked":["Thunderclap","Warcry"],"picked":"Dropkick","floor":8},{"not_picked":["Havoc","Dropkick"],"picked":"Metallicize","floor":11},{"not_picked":["Hemokinesis","Body Slam"],"picked":"Headbutt","floor":11},{"not_picked":["Bludgeon","Pommel Strike"],"picked":"Thunderclap","floor":13}],"player_experience":389429,"relics_obtained":[{"floor":6,"key":"Champion Belt"},{"floor":8,"key":"Shuriken"},{"floor":9,"key":"Prayer Wheel"},{"floor":13,"key":"WingedGreaves"}],"event_choices":[{"cards_removed":["Strike_R"],"damage_healed":0,"gold_gain":0,"player_choice":"Card Removal","damage_taken":0,"max_hp_gain":0,"max_hp_loss":0,"event_name":"The Cleric","floor":3,"gold_loss":50},{"damage_healed":0,"gold_gain":0,"cards_transformed":["Strike_R"],"player_choice":"Transformed","damage_taken":0,"max_hp_gain":0,"max_hp_loss":0,"event_name":"Transmorgrifier","floor":4,"gold_loss":0,"cards_obtained":["Sentinel"]}],"is_beta":false,"boss_relics":[],"items_purged_floors":[],"is_endless":false,"potions_floor_spawned":[2,5,7],"killed_by":"Gremlin Gang","ascension_level":12}