{"gold_per_floor":[109,8,19,19,38,38,64,78,78,97,172,172,200,220,220,322,322,334,249,265,365,13,13,26,26,51,67,67,100,25,41,41,41],"floor_reached":33,"playtime":1480,"items_purged":["Strike_R","Strike_R"],"score":429,"play_id":"0bdea632-d09e-4457-9a10-d051fd2352fe","local_time":"20190503222131","is_ascension_mode":true,"campfire_choices":[{"data":"Armaments","floor":6.0,"key":"SMITH"},{"data":"Body Slam","floor":12.0,"key":"SMITH"},{"data":"Iron Wave","floor":15.0,"key":"SMITH"},{"data":"Demon Form","floor":23.0,"key":"SMITH"},{"data":"Pommel Strike","floor":25.0,"key":"SMITH"},{"data":"Sword Boomerang","floor":28.0,"key":"SMITH"},{"floor":32.0,"key":"REST"}],"neow_cost":"NONE","seed_source_timestamp":1773543933590642,"circlet_count":0,"master_deck":["AscendersBane","Defend_R","Defend_R","Defend_R","Defend_R","Bash+1","Body Slam+1","Iron Wave+1","Armaments+1","Inflame","Sword Boomerang+1","Cleave","Demon Form+1","Reaper","Warcry+1","Heavy Blade+1","True Grit+1","Pommel Strike+1","Sword Boomerang+1","Intimidate+1","Second Wind"],"special_seed":0,"relics":["Burning Blood","Champion Belt","Charon\u0027s Ashes","Peace Pipe","Astrolabe","Potion Belt","Self Forming Clay","Darkstone Periapt"],"potions_floor_usage":[33,33],"damage_taken":[{"damage":7.0,"enemies":"2 Louse","floor":1.0,"turns":3.0},{"damage":2.0,"enemies":"Small Slimes","floor":3.0,"turns":3.0},{"damage":1.0,"enemies":"Cultist","floor":5.0,"turns":4.0},{"damage":17.0,"enemies":"Lagavulin","floor":7.0,"turns":7.0},{"damage":8.0,"enemies":"Looter","floor":8.0,"turns":4.0},{"damage":0.0,"enemies":"3 Louse","floor":10.0,"turns":3.0},{"damage":23.0,"enemies":"Gremlin Nob","floor":13.0,"turns":4.0},{"damage":20.0,"enemies":"Large Slime","floor":14.0,"turns":6.0},{"damage":23.0,"enemies":"Hexaghost","floor":16.0,"turns":7.0},{"damage":23.0,"enemies":"Shell Parasite","floor":18.0,"turns":6.0},{"damage":12.0,"enemies":"3 Byrds","floor":20.0,"turns":4.0},{"damage":26.0,"enemies":"Centurion and Healer","floor":24.0,"turns":5.0},{"damage":33.0,"enemies":"Sentry and Sphere","floor":27.0,"turns":7.0},{"damage":44.0,"enemies":"Slavers","floor":29.0,"turns":8.0},{"damage":20.0,"enemies":"Snake Plant","floor":31.0,"turns":4.0},{"damage":66,"enemies":"Collector","floor":33,"turns":5}],"seed_played":"-4786515704212386214","potions_obtained":[{"floor":1.0,"key":"Fire Potion"},{"floor":5.0,"key":"SpeedPotion"},{"floor":27.0,"key":"Explosive Potion"},{"floor":31.0,"key":"BloodPotion"}],"is_trial":false,"path_per_floor":["M","$","M","?","M","R","E","M","T","M","?","R","E","M","R","B",null,"M","?","M","?","$","R","M","R","T","M","R","E","?","M","R","B"],"character_chosen":"IRONCLAD","items_purchased":["Iron Wave","Self Forming Clay"],"campfire_rested":1,"item_purchase_floors":[2,22],"current_hp_per_floor":[71,71,75,75,80,80,69,67,67,73,62,62,45,31,31,14,64,47,47,52,52,52,52,72,72,72,45,45,21,21,16,40,0],"gold":41,"neow_bonus":"UPGRADE_CARD","is_prod":false,"is_daily":false,"chose_seed":false,"campfire_upgraded":6,"win_rate":0,"timestamp":1556889691,"path_taken":["M","$","M","?","M","R","E","M","T","M","?","R","E","M","R","BOSS","M","?","M","?","$","R","?","R","T","M","R","E","?","M","R","BOSS"],"build_version":"2019-01-23","purchased_purges":2,"victory":false,"max_hp_per_floor":[80,80,80,80,80,80,80,80,80,80,80,80,80,80,80,80,80,80,80,80,80,80,80,80,80,80,80,80,80,80,80,80,80],"card_choices":[{"not_picked":["Combust","Pommel Strike"],"picked":"Body Slam","floor":1.0},{"not_picked":["Thunderclap","Sword Boomerang"],"picked":"Armaments","floor":3.0},{"not_picked":["Iron Wave","Wild Strike","Anger"],"picked":"SKIP","floor":5.0},{"not_picked":["Perfected Strike","Fire Breathing"],"picked":"Inflame","floor":7.0},{"not_picked":["Havoc","Clash"],"picked":"Twin Strike","floor":8.0},{"not_picked":["Wild Strike","Headbutt"],"picked":"Sword Boomerang","floor":10.0},{"not_picked":["Pommel Strike","Heavy Blade"],"picked":"Cleave","floor":13.0},{"not_picked":["Heavy Blade","Clash"],"picked":"Demon Form","floor":14.0},{"not_picked":["Brutality","Bludgeon"],"picked":"Reaper","floor":16.0},{"not_picked":["Thunderclap","Body Slam","Wild Strike"],"picked":"SKIP","floor":18.0},{"not_picked":["Iron Wave","Pommel Strike","Wild Strike"],"picked":"SKIP","floor":20.0},{"not_picked":["Iron Wave","Wild Strike"],"picked":"Pommel Strike","floor":20.0},{"not_picked":["Fire Breathing","Metallicize+1"],"picked":"Sword Boomerang+1","floor":24.0},{"not_picked":["Body Slam","Barricade","Cleave"],"picked":"SKIP","floor":27.0},{"not_picked":["Dropkick","Hemokinesis+1"],"picked":"Intimidate+1","floor":29.0},{"not_picked":["Iron Wave","Cleave"],"picked":"Second Wind","floor":31.0}],"player_experience":479615,"relics_obtained":[{"floor":7.0,"key":"Champion Belt"},{"floor":9.0,"key":"Charon\u0027s Ashes"},{"floor":13.0,"key":"Peace Pipe"},{"floor":29.0,"key":"Darkstone Periapt"}],"event_choices":[{"damage_healed":0.0,"max_hp_gain":0.0,"max_hp_loss":0.0,"gold_gain":0.0,"event_name":"Liars Game","player_choice":"Ignored","floor":4.0,"gold_loss":0.0,"damage_taken":0.0},{"damage_healed":0.0,"max_hp_gain":0.0,"max_hp_loss":0.0,"gold_gain":75.0,"event_name":"World of Goop","player_choice":"Gather Gold","floor":11.0,"gold_loss":0.0,"damage_taken":11.0},{"damage_healed":0.0,"max_hp_gain":0.0,"max_hp_loss":0.0,"gold_gain":0.0,"event_name":"Addict","player_choice":"Obtained Relic","floor":19.0,"gold_loss":85.0,"damage_taken":0.0,"relics_obtained":["Potion Belt"]},{"damage_healed":0.0,"max_hp_gain":0.0,"max_hp_loss":0.0,"gold_gain":100.0,"event_name":"Golden Shrine","player_choice":"Pray","floor":21.0,"gold_loss":0.0,"damage_taken":0.0},{"cards_removed":["Twin Strike"],"damage_healed":0.0,"max_hp_gain":0.0,"max_hp_loss":0.0,"gold_gain":0.0,"event_name":"Beggar","player_choice":"Gave Gold","floor":30.0,"gold_loss":75.0,"damage_taken":0.0}],"is_beta":false,"boss_relics":[{"not_picked":["Sozu","Coffee Dripper"],"picked":"Astrolabe"}],"items_purged_floors":[2,22],"is_endless":false,"potions_floor_spawned":[1,5,13,14,27,31],"killed_by":"Collector","ascension_level":11}