{"gold_per_floor":[109,120,136,153,173,173,230,230,254,268,281,124,124,124,124,202,202,214,214,20,38,64,64,64,64],"floor_reached":25,"playtime":943,"items_purged":[],"score":345,"play_id":"de80086a-4e7d-421e-bfe7-2f631b5d071a","local_time":"20190506112635","is_ascension_mode":true,"campfire_choices":[{"data":"Perfected Strike","floor":6.0,"key":"SMITH"},{"data":"Body Slam","floor":8.0,"key":"SMITH"},{"data":"Whirlwind","floor":13.0,"key":"SMITH"},{"floor":15.0,"key":"REST"},{"data":"Fiend Fire","floor":23.0,"key":"SMITH"}],"neow_cost":"NONE","seed_source_timestamp":39294550982711,"circlet_count":0,"master_deck":["AscendersBane","Strike_R","Strike_R","Strike_R","Strike_R","Defend_R","Defend_R","Defend_R","Defend_R","Bash+1","Forethought","Shockwave","Flame Barrier","Perfected Strike+1","Disarm","Body Slam+1","Pommel Strike+1","Perfected Strike","Whirlwind+1","Metallicize+1","Thunderclap+1","Fiend Fire+1","Twin Strike+1","Twin Strike","Headbutt","Doubt"],"special_seed":0,"relics":["Burning Blood","Tiny Chest","Happy Flower","Cursed Key","Whetstone"],"potions_floor_usage":[],"damage_taken":[{"damage":1.0,"enemies":"Cultist","floor":1.0,"turns":4.0},{"damage":9.0,"enemies":"Jaw Worm","floor":2.0,"turns":3.0},{"damage":5.0,"enemies":"2 Louse","floor":3.0,"turns":3.0},{"damage":19.0,"enemies":"Lots of Slimes","floor":4.0,"turns":6.0},{"damage":12.0,"enemies":"Exordium Wildlife","floor":5.0,"turns":6.0},{"damage":27.0,"enemies":"Gremlin Nob","floor":7.0,"turns":4.0},{"damage":6.0,"enemies":"Looter","floor":10.0,"turns":3.0},{"damage":10.0,"enemies":"Large Slime","floor":11.0,"turns":6.0},{"damage":18.0,"enemies":"Slime Boss","floor":16.0,"turns":9.0},{"damage":0.0,"enemies":"Chosen","floor":18.0,"turns":3.0},{"damage":33.0,"enemies":"2 Thieves","floor":21.0,"turns":3.0},{"damage":50,"enemies":"Book of Stabbing","floor":25,"turns":3}],"seed_played":"917465771184841556","potions_obtained":[{"floor":1.0,"key":"SteroidPotion"},{"floor":4.0,"key":"Block Potion"},{"floor":10.0,"key":"Explosive Potion"},{"floor":16.0,"key":"SpeedPotion"}],"is_trial":false,"path_per_floor":["M","M","M","M","M","R","E","R","T","M","M","$","R","?","R","B",null,"M","?","$","M","T","R","$","E"],"character_chosen":"IRONCLAD","items_purchased":["Whirlwind","Metallicize","Thunderclap","Twin Strike","Whetstone"],"campfire_rested":1,"item_purchase_floors":[12,12,12,20,20],"current_hp_per_floor":[73,70,71,58,52,52,31,31,31,31,27,27,27,12,34,22,62,68,68,68,41,41,41,41,0],"gold":64,"neow_bonus":"RANDOM_COLORLESS","is_prod":false,"is_daily":false,"chose_seed":false,"campfire_upgraded":4,"win_rate":0,"timestamp":1557109595,"path_taken":["M","M","?","M","M","R","E","R","T","?","M","$","R","?","R","BOSS","M","?","$","?","?","R","$","E"],"build_version":"2019-01-23","purchased_purges":0,"victory":false,"max_hp_per_floor":[75,75,75,75,75,75,75,75,75,75,75,75,75,75,75,75,75,75,75,75,75,75,75,75,75],"card_choices":[{"not_picked":["True Grit","Warcry"],"picked":"Shockwave","floor":1.0},{"not_picked":["Fire Breathing","Blood for Blood","Clothesline"],"picked":"SKIP","floor":2.0},{"not_picked":["Anger","Bloodletting"],"picked":"Flame Barrier","floor":3.0},{"not_picked":["Feel No Pain","Twin Strike"],"picked":"Perfected Strike","floor":4.0},{"not_picked":["Body Slam","Power Through"],"picked":"Disarm","floor":5.0},{"not_picked":["Dark Embrace","Juggernaut"],"picked":"Body Slam","floor":7.0},{"not_picked":["Sword Boomerang","Shrug It Off"],"picked":"Pommel Strike","floor":10.0},{"not_picked":["Power Through","Corruption"],"picked":"Perfected Strike","floor":11.0},{"not_picked":["Dark Embrace","Barricade"],"picked":"Fiend Fire","floor":16.0},{"not_picked":["Infernal Blade+1","Flex"],"picked":"Twin Strike+1","floor":18.0},{"not_picked":["Rupture","Cleave"],"picked":"Headbutt","floor":21.0}],"player_experience":529313,"relics_obtained":[{"floor":7.0,"key":"Tiny Chest"},{"floor":9.0,"key":"Happy Flower"}],"event_choices":[{"damage_healed":0.0,"max_hp_gain":0.0,"max_hp_loss":0.0,"gold_gain":0.0,"event_name":"Shining Light","player_choice":"Entered Light","floor":14.0,"gold_loss":0.0,"damage_taken":15.0,"cards_upgraded":["Metallicize","Pommel Strike"]},{"cards_removed":["Strike_R"],"damage_healed":0.0,"max_hp_gain":0.0,"max_hp_loss":0.0,"gold_gain":0.0,"event_name":"Bonfire Elementals","player_choice":"Offered Basic","floor":19.0,"gold_loss":0.0,"damage_taken":0.0}],"is_beta":false,"boss_relics":[{"not_picked":["Busted Crown","White Beast Statue"],"picked":"Cursed Key"}],"items_purged_floors":[],"is_endless":false,"potions_floor_spawned":[1,4,10,16],"killed_by":"Book of Stabbing","ascension_level":14}