{"gold_per_floor":[209,209,209,209,226,260,274,274,301,301,334,334,334,353,353,454,454,454,143,143,143,143,143,143,143,143,143,143,143,143,143,143,143,143,143,143,143,143,143,143,143,143,143,143,143,143,53,53,53,53],"floor_reached":51,"playtime":2046,"items_purged":["Strike_R"],"score":919,"play_id":"444bc9c0-f577-453a-848c-fb246224a8c5","local_time":"20190326122334","is_ascension_mode":true,"campfire_choices":[{"data":"Immolate","floor":8,"key":"SMITH"},{"data":"Shockwave","floor":10,"key":"SMITH"},{"floor":12,"key":"REST"},{"data":"Inflame","floor":15,"key":"SMITH"},{"data":"Spot Weakness","floor":23,"key":"SMITH"},{"data":"Flame Barrier","floor":25,"key":"SMITH"},{"data":"Heavy Blade","floor":30,"key":"SMITH"},{"data":"Reaper","floor":32,"key":"SMITH"},{"data":"Jack Of All Trades","floor":41,"key":"SMITH"},{"floor":49,"key":"REST"}],"neow_cost":"NONE","seed_source_timestamp":245792821467260,"circlet_count":0,"master_deck":["Strike_R","Strike_R","Strike_R","Defend_R","Defend_R","Defend_R","Bash","Infernal Blade","Immolate+1","Shockwave+1","Cleave","Armaments","Shrug It Off","Inflame+1","Reaper+1","Spot Weakness+1","Flame Barrier+1","Writhe","RitualDagger","Dropkick","Havoc+1","Corruption","Heavy Blade+1","Twin Strike+1","Reaper","Disarm+1","Dropkick","Anger","Panache","Enlightenment","Jack Of All Trades+1","Pummel+1","Havoc+1","Madness","Madness","Rampage+1","True Grit+1","Metallicize","Parasite","Armaments"],"relics":["Burning Blood","Oddly Smooth Stone","Ornamental Fan","Lantern","Shuriken","Ectoplasm","Bag of Marbles","Art of War","Centennial Puzzle","Strawberry","Magic Flower","Mark of Pain","Unceasing Top","Vajra","Sundial"],"potions_floor_usage":[6,42,45,50,50,50],"damage_taken":[{"damage":13,"enemies":"Jaw Worm","floor":1,"turns":4},{"damage":0,"enemies":"2 Louse","floor":5,"turns":2},{"damage":25,"enemies":"Gremlin Nob","floor":6,"turns":4},{"damage":0,"enemies":"Small Slimes","floor":7,"turns":1},{"damage":28,"enemies":"3 Sentries","floor":11,"turns":7},{"damage":0,"enemies":"3 Louse","floor":14,"turns":1},{"damage":41,"enemies":"Hexaghost","floor":16,"turns":10},{"damage":9,"enemies":"3 Byrds","floor":18,"turns":3},{"damage":10,"enemies":"Shell Parasite","floor":22,"turns":5},{"damage":5,"enemies":"Gremlin Leader","floor":24,"turns":4},{"damage":23,"enemies":"Shelled Parasite and Fungi","floor":27,"turns":3},{"damage":9,"enemies":"Slavers","floor":28,"turns":4},{"damage":0,"enemies":"Centurion and Healer","floor":31,"turns":4},{"damage":84,"enemies":"Automaton","floor":33,"turns":7},{"damage":6,"enemies":"3 Shapes","floor":35,"turns":3},{"damage":6,"enemies":"Orb Walker","floor":36,"turns":3},{"damage":4,"enemies":"Sphere and 2 Shapes","floor":37,"turns":3},{"damage":37,"enemies":"Giant Head","floor":40,"turns":7},{"damage":30,"enemies":"Nemesis","floor":42,"turns":5},{"damage":17,"enemies":"4 Shapes","floor":45,"turns":4},{"damage":25,"enemies":"Spire Growth","floor":46,"turns":5},{"damage":16,"enemies":"Writhing Mass","floor":48,"turns":4},{"damage":122,"enemies":"Donu and Deca","floor":50,"turns":9}],"seed_played":"-3686398777558222622","potions_obtained":[{"floor":1,"key":"SteroidPotion"},{"floor":6,"key":"Block Potion"},{"floor":7,"key":"Explosive Potion"},{"floor":27,"key":"Weak Potion"},{"floor":40,"key":"PowerPotion"},{"floor":46,"key":"EssenceOfSteel"},{"floor":48,"key":"Block Potion"}],"is_trial":false,"path_per_floor":["M","?","?","?","M","E","M","R","T","R","E","R","?","M","R","B",null,"M","$","?","?","M","R","E","R","T","M","E","?","R","M","R","B",null,"M","M","M","?","?","E","R","E","T","?","M","M","$","M","R","B",null],"character_chosen":"IRONCLAD","items_purchased":["Flame Barrier","Bag of Marbles","Metallicize","Strength Potion"],"campfire_rested":2,"item_purchase_floors":[19,19,47,47],"current_hp_per_floor":[73,73,48,48,54,35,41,41,41,41,19,43,48,54,54,19,85,82,82,82,76,72,72,73,73,80,63,60,60,60,92,92,17,92,92,92,92,92,82,67,67,73,73,61,53,68,68,61,88,14],"gold":53,"neow_bonus":"HUNDRED_GOLD","is_prod":false,"is_daily":false,"chose_seed":false,"campfire_upgraded":8,"win_rate":0,"timestamp":1553624614,"path_taken":["M","?","?","?","M","E","M","R","T","R","E","R","?","M","R","BOSS","M","$","?","?","M","R","E","R","T","M","E","?","R","M","R","BOSS","M","M","M","?","?","E","R","E","T","?","M","M","$","M","R","BOSS"],"build_version":"2019-01-23","purchased_purges":1,"victory":true,"max_hp_per_floor":[80,80,80,80,80,80,80,80,80,80,80,80,85,85,85,85,85,85,85,85,85,85,85,85,85,92,92,92,92,92,92,92,92,92,92,92,92,92,92,92,92,92,92,92,92,92,92,92,92,92],"card_choices":[{"not_picked":["Havoc","Sentinel"],"picked":"Infernal Blade","floor":1},{"not_picked":["Anger","Pommel Strike"],"picked":"Shockwave","floor":5},{"not_picked":["Perfected Strike","Anger"],"picked":"Cleave","floor":6},{"not_picked":["Pommel Strike","Iron Wave"],"picked":"Armaments","floor":7},{"not_picked":["Clothesline","Clash"],"picked":"Shrug It Off","floor":11},{"not_picked":["Cleave","Wild Strike"],"picked":"Inflame","floor":14},{"not_picked":["Fiend Fire","Bludgeon"],"picked":"Reaper","floor":16},{"not_picked":["Perfected Strike","Whirlwind"],"picked":"Spot Weakness","floor":18},{"not_picked":["Perfected Strike+1","Fire Breathing+1","Clash"],"picked":"SKIP","floor":22},{"not_picked":["Pommel Strike","Iron Wave"],"picked":"Dropkick","floor":24},{"not_picked":["Entrench+1","Flex+1"],"picked":"Havoc+1","floor":27},{"not_picked":["Entrench+1","Blood for Blood"],"picked":"Corruption","floor":28},{"not_picked":["Wild Strike","Cleave"],"picked":"Twin Strike+1","floor":31},{"not_picked":["Dark Embrace","Impervious"],"picked":"Reaper","floor":33},{"not_picked":["Heavy Blade+1","True Grit+1"],"picked":"Disarm+1","floor":35},{"not_picked":["Headbutt","Sever Soul"],"picked":"Dropkick","floor":36},{"not_picked":["Body Slam","Clash+1"],"picked":"Anger","floor":37},{"not_picked":["Sadistic Nature","Transmutation"],"picked":"Panache","floor":39},{"not_picked":["Mind Blast","Finesse"],"picked":"Enlightenment","floor":39},{"not_picked":["Flash of Steel","HandOfGreed"],"picked":"Jack Of All Trades","floor":39},{"not_picked":["Headbutt+1","Combust"],"picked":"Pummel+1","floor":40},{"not_picked":["Wild Strike+1","Uppercut"],"picked":"Havoc+1","floor":42},{"not_picked":["Cleave","Flex+1"],"picked":"Rampage+1","floor":45},{"not_picked":["Perfected Strike+1","Metallicize+1"],"picked":"True Grit+1","floor":46},{"not_picked":["Flex+1","Perfected Strike"],"picked":"Armaments","floor":48}],"player_experience":331787,"relics_obtained":[{"floor":6,"key":"Ornamental Fan"},{"floor":9,"key":"Lantern"},{"floor":11,"key":"Shuriken"},{"floor":24,"key":"Centennial Puzzle"},{"floor":26,"key":"Strawberry"},{"floor":28,"key":"Magic Flower"},{"floor":40,"key":"Unceasing Top"},{"floor":42,"key":"Vajra"},{"floor":43,"key":"Sundial"}],"event_choices":[{"damage_healed":0,"gold_gain":0,"cards_transformed":["Strike_R"],"player_choice":"Change","damage_taken":0,"max_hp_gain":0,"max_hp_loss":0,"event_name":"Living Wall","floor":2,"gold_loss":0,"cards_obtained":["Immolate"]},{"damage_healed":0,"gold_gain":0,"player_choice":"Success","damage_taken":25,"relics_obtained":["Oddly Smooth Stone"],"max_hp_gain":0,"max_hp_loss":0,"event_name":"Scrap Ooze","floor":3,"gold_loss":0},{"damage_healed":0,"gold_gain":0,"player_choice":"Ignored","damage_taken":0,"max_hp_gain":0,"max_hp_loss":0,"event_name":"Liars Game","floor":4,"gold_loss":0},{"damage_healed":0,"gold_gain":0,"player_choice":"Donut","damage_taken":0,"max_hp_gain":5,"max_hp_loss":0,"event_name":"Big Fish","floor":13,"gold_loss":0},{"damage_healed":0,"gold_gain":0,"player_choice":"Opened","damage_taken":0,"relics_obtained":["Art of War"],"max_hp_gain":0,"max_hp_loss":0,"event_name":"The Mausoleum","floor":20,"gold_loss":0,"cards_obtained":["Writhe"]},{"damage_healed":0,"gold_gain":0,"player_choice":"Joined the Cult","damage_taken":6,"max_hp_gain":0,"max_hp_loss":0,"event_name":"Nest","floor":21,"gold_loss":0,"cards_obtained":["RitualDagger"]},{"damage_healed":0,"gold_gain":0,"player_choice":"Read","damage_taken":0,"max_hp_gain":0,"max_hp_loss":0,"event_name":"The Library","floor":29,"gold_loss":0,"cards_obtained":["Heavy Blade"]},{"cards_removed":["Defend_R"],"damage_healed":0,"gold_gain":0,"player_choice":"Removed Skill","damage_taken":0,"max_hp_gain":0,"max_hp_loss":0,"event_name":"Falling","floor":38,"gold_loss":0},{"damage_healed":0,"gold_gain":0,"player_choice":"Memory 3","damage_taken":10,"max_hp_gain":0,"max_hp_loss":0,"event_name":"SensoryStone","floor":39,"gold_loss":0},{"damage_healed":0,"gold_gain":0,"player_choice":"Embrace Madness","damage_taken":12,"max_hp_gain":0,"max_hp_loss":0,"event_name":"Winding Halls","floor":44,"gold_loss":0,"cards_obtained":["Madness","Madness"]}],"is_beta":false,"boss_relics":[{"not_picked":["Philosopher\u0027s Stone","Sozu"],"picked":"Ectoplasm"},{"not_picked":["Runic Cube","Busted Crown"],"picked":"Mark of Pain"}],"items_purged_floors":[19],"is_endless":false,"potions_floor_spawned":[1,6,7,27,28,33,40,46,48],"ascension_level":4}