{"gold_per_floor":[214,21,34,34,47,47,80,80,105,121,151,168,194,194,194,194],"floor_reached":16,"playtime":1209,"items_purged":[],"score":193,"play_id":"66079df5-6359-4816-86ef-180ce29dbcd1","local_time":"20190329194807","is_ascension_mode":true,"campfire_choices":[{"data":"Zap","floor":6,"key":"SMITH"},{"floor":8,"key":"REST"},{"floor":15,"key":"REST"}],"neow_cost":"NONE","seed_source_timestamp":1559871913718300,"circlet_count":0,"master_deck":["AscendersBane","Strike_B","Strike_B","Strike_B","Strike_B","Defend_B","Defend_B","Defend_B","Defend_B","Zap+1","Dualcast","Reprogram","Steam","Coolheaded","Sunder","Fusion","Beam Cell"],"relics":["Cracked Core","MealTicket","Potion Belt","Smiling Mask","Orichalcum","Emotion Chip"],"potions_floor_usage":[12,13],"damage_taken":[{"damage":12,"enemies":"Jaw Worm","floor":1,"turns":3},{"damage":9,"enemies":"Small Slimes","floor":3,"turns":4},{"damage":1,"enemies":"Cultist","floor":5,"turns":4},{"damage":23,"enemies":"3 Sentries","floor":7,"turns":11},{"damage":12,"enemies":"3 Louse","floor":10,"turns":4},{"damage":3,"enemies":"Lots of Slimes","floor":12,"turns":3},{"damage":12,"enemies":"Lagavulin","floor":13,"turns":7},{"damage":41,"enemies":"Hexaghost","floor":16,"turns":11}],"seed_played":"5920646052809162845","potions_obtained":[{"floor":10,"key":"Fire Potion"},{"floor":12,"key":"Weak Potion"}],"is_trial":false,"path_per_floor":["M","$","M","?","M","R","E","R","T","M","?","M","E","?","R","B"],"character_chosen":"DEFECT","items_purchased":["MealTicket"],"campfire_rested":2,"item_purchase_floors":[2],"current_hp_per_floor":[52,52,43,43,42,42,19,40,40,28,28,25,13,13,34,0],"gold":194,"neow_bonus":"HUNDRED_GOLD","is_prod":false,"is_daily":false,"chose_seed":false,"campfire_upgraded":1,"win_rate":0,"timestamp":1553888887,"path_taken":["M","$","M","?","M","R","E","R","T","M","?","M","E","?","R","BOSS"],"build_version":"2019-01-23","purchased_purges":0,"victory":false,"max_hp_per_floor":[71,71,71,71,71,71,71,71,71,71,71,71,71,71,71,71],"card_choices":[{"not_picked":["Ball Lightning","Tempest"],"picked":"Reprogram","floor":1},{"not_picked":["Steam Power","Cold Snap"],"picked":"Steam","floor":3},{"not_picked":["Stack","Auto Shields"],"picked":"Coolheaded","floor":5},{"not_picked":["Steam Power","Steam"],"picked":"Coolheaded","floor":7},{"not_picked":["Capacitor","Cold Snap"],"picked":"Sunder","floor":10},{"not_picked":["Melter","Compile Driver"],"picked":"Fusion","floor":12},{"not_picked":["Sweeping Beam","Blizzard"],"picked":"Beam Cell","floor":13}],"player_experience":1672221,"relics_obtained":[{"floor":7,"key":"Potion Belt"},{"floor":9,"key":"Smiling Mask"},{"floor":13,"key":"Orichalcum"}],"event_choices":[{"damage_healed":0,"gold_gain":0,"player_choice":"Leave","damage_taken":0,"max_hp_gain":0,"max_hp_loss":0,"event_name":"The Cleric","floor":4,"gold_loss":0},{"damage_healed":0,"gold_gain":30,"player_choice":"Searched \u00271\u0027 times","damage_taken":0,"max_hp_gain":0,"max_hp_loss":0,"event_name":"Dead Adventurer","floor":11,"gold_loss":0},{"cards_removed":["Coolheaded"],"damage_healed":0,"gold_gain":0,"player_choice":"Gave Card","damage_taken":0,"relics_obtained":["Emotion Chip"],"max_hp_gain":0,"max_hp_loss":0,"event_name":"WeMeetAgain","floor":14,"gold_loss":0}],"is_beta":false,"boss_relics":[],"items_purged_floors":[],"is_endless":false,"potions_floor_spawned":[10,12],"killed_by":"Hexaghost","ascension_level":15}