{"gold_per_floor":[117,1,1,1,17,17,50,70,70,97,108,133,149,149,149,244,244,261,279,279,37,51,51,84,84,84,94,94,111,121,186,186,281,281,301,319,319,24,24,24,24,54,79,125,137,160,185,226,238,250],"floor_reached":51,"playtime":5126,"items_purged":["Strike_B","Strike_B"],"score":875,"play_id":"3de520ae-c0b5-4006-a55f-712dbbb7d9c7","local_time":"20190304234757","is_ascension_mode":true,"campfire_choices":[{"data":"Zap","floor":6,"key":"SMITH"},{"floor":15,"key":"REST"},{"data":"Apotheosis","floor":23,"key":"SMITH"},{"data":"Redo","floor":25,"key":"SMITH"},{"floor":28,"key":"REST"},{"data":"Self Repair","floor":32,"key":"SMITH"},{"data":"Dramatic Entrance","floor":40,"key":"SMITH"},{"data":"Echo Form","floor":45,"key":"SMITH"},{"data":"Chrysalis","floor":49,"key":"SMITH"}],"neow_cost":"NONE","seed_source_timestamp":225618362685755,"circlet_count":0,"master_deck":["Strike_B+1","Defend_B","Defend_B","Defend_B+1","Defend_B","Zap+1","Dualcast","Auto Shields","Static Discharge","Self Repair+1","Conserve Battery","Compile Driver","Redo+1","Gash","Cold Snap","Electrodynamics","Ball Lightning","Go for the Eyes","Apotheosis+1","Hologram","Go for the Eyes+1","Sweeping Beam","Coolheaded","Echo Form+1","Defragment+1","Chrysalis+1","Bandage Up","Dramatic Entrance+1","Loop+1","Buffer+1","Sweeping Beam+1","Static Discharge+1","Ball Lightning+1"],"relics":["Cracked Core","NeowsBlessing","Gremlin Horn","Dodecahedron","Lantern","Centennial Puzzle","StoneCalendar","Runic Pyramid","Enchiridion","Happy Flower","Potion Belt","Tiny Chest","Lizard Tail","Frozen Egg 2","MawBank","Art of War","Smiling Mask"],"potions_floor_usage":[5,10,16,16,50,50,50,50,50],"damage_taken":[{"damage":0,"enemies":"Small Slimes","floor":1,"turns":1},{"damage":0,"enemies":"Cultist","floor":5,"turns":1},{"damage":0,"enemies":"3 Sentries","floor":7,"turns":1},{"damage":0,"enemies":"2 Louse","floor":8,"turns":2},{"damage":32,"enemies":"Gremlin Nob","floor":10,"turns":5},{"damage":11,"enemies":"Exordium Wildlife","floor":11,"turns":4},{"damage":18,"enemies":"Lagavulin","floor":12,"turns":5},{"damage":0,"enemies":"Blue Slaver","floor":13,"turns":3},{"damage":10,"enemies":"Slime Boss","floor":16,"turns":7},{"damage":16,"enemies":"Shell Parasite","floor":18,"turns":5},{"damage":0,"enemies":"3 Byrds","floor":19,"turns":3},{"damage":12,"enemies":"Shelled Parasite and Fungi","floor":22,"turns":3},{"damage":17,"enemies":"Slavers","floor":24,"turns":3},{"damage":22,"enemies":"Snake Plant","floor":27,"turns":2},{"damage":1,"enemies":"Centurion and Healer","floor":29,"turns":4},{"damage":6,"enemies":"3 Cultists","floor":30,"turns":3},{"damage":8,"enemies":"Book of Stabbing","floor":31,"turns":5},{"damage":20,"enemies":"Automaton","floor":33,"turns":8},{"damage":0,"enemies":"Orb Walker","floor":35,"turns":2},{"damage":4,"enemies":"3 Shapes","floor":36,"turns":4},{"damage":2,"enemies":"Giant Head","floor":42,"turns":9},{"damage":18,"enemies":"Reptomancer","floor":44,"turns":7},{"damage":11,"enemies":"Sphere and 2 Shapes","floor":46,"turns":5},{"damage":26,"enemies":"Writhing Mass","floor":47,"turns":5},{"damage":0,"enemies":"Nemesis","floor":48,"turns":7},{"damage":84,"enemies":"Time Eater","floor":50,"turns":11}],"seed_played":"8151298299077949192","potions_obtained":[{"floor":1,"key":"Fruit Juice"},{"floor":5,"key":"Block Potion"},{"floor":12,"key":"SkillPotion"},{"floor":13,"key":"PowerPotion"},{"floor":16,"key":"Weak Potion"},{"floor":24,"key":"Block Potion"},{"floor":30,"key":"SteroidPotion"},{"floor":33,"key":"SteroidPotion"},{"floor":42,"key":"SkillPotion"},{"floor":44,"key":"SkillPotion"},{"floor":46,"key":"SteroidPotion"}],"is_trial":false,"path_per_floor":["?","?","M","?","?","?","?","?"],"character_chosen":"DEFECT","items_purchased":["Static Discharge","Hologram","Apotheosis","Chrysalis"],"campfire_rested":2,"item_purchase_floors":[2,2,21,38],"current_hp_per_floor":[75,75,68,68,73,73,73,80,80,55,51,33,40,24,48,45,80,71,78,62,62,60,60,53,53,53,41,65,71,75,77,77,67,80,80,80,80,80,75,75,75,80,80,78,78,80,54,80,80,4],"gold":262,"neow_bonus":"THREE_ENEMY_KILL","is_prod":false,"is_daily":false,"chose_seed":false,"campfire_upgraded":7,"win_rate":0,"timestamp":1551768477,"path_taken":["M","$","?","?","M","R","E","?","T","E","M","E","M","?","R","BOSS","M","M","?","$","M","R","E","R","T","M","R","M","M","E","R","BOSS","M","M","?","$","?","R","?","E","T","E","R","M","M","E","R","BOSS"],"build_version":"2019-01-23","purchased_purges":2,"victory":true,"max_hp_per_floor":[75,75,75,75,80,80,80,80,80,80,80,80,80,80,80,80,80,80,80,80,80,80,80,80,80,80,80,80,80,80,80,80,80,80,80,80,80,80,80,80,80,80,80,80,80,80,80,80,80,80],"card_choices":[{"not_picked":["Chaos","Heatsinks"],"picked":"Auto Shields","floor":1},{"not_picked":["Ball Lightning","Glacier"],"picked":"Self Repair","floor":5},{"not_picked":["BootSequence","Beam Cell"],"picked":"Conserve Battery","floor":7},{"not_picked":["Hello World","Turbo"],"picked":"Compile Driver","floor":8},{"not_picked":["Lockon","Gash"],"picked":"Redo","floor":10},{"not_picked":["Streamline","Fusion"],"picked":"Gash","floor":11},{"not_picked":["Consume","Streamline","Turbo"],"picked":"SKIP","floor":12},{"not_picked":["Leap","Coolheaded"],"picked":"Cold Snap","floor":13},{"not_picked":["Buffer","All For One"],"picked":"Electrodynamics","floor":16},{"not_picked":["Blizzard","Beam Cell"],"picked":"Ball Lightning","floor":18},{"not_picked":["Barrage","Skim"],"picked":"Go for the Eyes","floor":19},{"not_picked":["Compile Driver+1","Hello World","Blizzard"],"picked":"SKIP","floor":22},{"not_picked":["Tempest","All For One"],"picked":"Gash","floor":24},{"not_picked":["Beam Cell","Turbo"],"picked":"Hologram","floor":27},{"not_picked":["FTL","Reprogram"],"picked":"Go for the Eyes+1","floor":29},{"not_picked":["Go for the Eyes","Stack"],"picked":"Sweeping Beam","floor":30},{"not_picked":["Cold Snap","Conserve Battery"],"picked":"Coolheaded","floor":31},{"not_picked":["Amplify","Thunder Strike"],"picked":"Echo Form","floor":33},{"not_picked":["Steam Power+1","Melter","Consume"],"picked":"SKIP","floor":35},{"not_picked":["Sweeping Beam+1","Storm"],"picked":"Defragment+1","floor":36},{"not_picked":["Panacea","Good Instincts"],"picked":"Bandage Up","floor":39},{"not_picked":["Good Instincts","Enlightenment"],"picked":"Dramatic Entrance","floor":39},{"not_picked":["Sunder+1","Steam"],"picked":"Loop+1","floor":42},{"not_picked":["Static Discharge+1","Compile Driver+1"],"picked":"Buffer+1","floor":44},{"not_picked":["Cold Snap+1","Ball Lightning+1"],"picked":"Sweeping Beam+1","floor":46},{"not_picked":["Steam+1","Leap+1"],"picked":"Static Discharge+1","floor":47},{"not_picked":["Conserve Battery","Genetic Algorithm"],"picked":"Ball Lightning+1","floor":48}],"player_experience":107134,"relics_obtained":[{"floor":7,"key":"Dodecahedron"},{"floor":9,"key":"Lantern"},{"floor":10,"key":"Centennial Puzzle"},{"floor":12,"key":"StoneCalendar"},{"floor":20,"key":"Enchiridion"},{"floor":24,"key":"Happy Flower"},{"floor":26,"key":"Potion Belt"},{"floor":31,"key":"Tiny Chest"},{"floor":42,"key":"Frozen Egg 2"},{"floor":43,"key":"MawBank"},{"floor":44,"key":"Art of War"},{"floor":48,"key":"Smiling Mask"}],"event_choices":[{"cards_removed":["Strike_B"],"damage_healed":0,"gold_gain":0,"player_choice":"Card Removal","damage_taken":7,"max_hp_gain":0,"max_hp_loss":0,"event_name":"Golden Wing","floor":3,"gold_loss":0},{"cards_removed":["Hologram"],"damage_healed":0,"gold_gain":0,"player_choice":"Gave Card","damage_taken":0,"relics_obtained":["Gremlin Horn"],"max_hp_gain":0,"max_hp_loss":0,"event_name":"WeMeetAgain","floor":4,"gold_loss":0},{"damage_healed":0,"gold_gain":0,"player_choice":"Entered Light","damage_taken":16,"max_hp_gain":0,"max_hp_loss":0,"event_name":"Shining Light","floor":14,"gold_loss":0,"cards_upgraded":["Defend_B","Strike_B"]},{"damage_healed":0,"gold_gain":0,"player_choice":"Obtained Book","damage_taken":16,"max_hp_gain":0,"max_hp_loss":0,"event_name":"Cursed Tome","floor":20,"gold_loss":0},{"damage_healed":0,"gold_gain":0,"player_choice":"Ignored","damage_taken":0,"max_hp_gain":0,"max_hp_loss":0,"event_name":"Tomb of Lord Red Mask","floor":37,"gold_loss":0},{"damage_healed":0,"gold_gain":0,"player_choice":"Memory 2","damage_taken":5,"max_hp_gain":0,"max_hp_loss":0,"event_name":"SensoryStone","floor":39,"gold_loss":0},{"cards_removed":["Gash"],"damage_healed":0,"gold_gain":0,"player_choice":"Removed Attack","damage_taken":0,"max_hp_gain":0,"max_hp_loss":0,"event_name":"Falling","floor":41,"gold_loss":0}],"is_beta":false,"boss_relics":[{"not_picked":["Eternal Feather","FrozenCore"],"picked":"Runic Pyramid"},{"not_picked":["Black Star","Orrery"],"picked":"Lizard Tail"}],"items_purged_floors":[21,38],"is_endless":false,"potions_floor_spawned":[1,5,12,13,16,24,30,33,42,44,46],"ascension_level":2}