{"gold_per_floor":[117,137,152,172,184,184,218,218,218,293,293],"floor_reached":11,"playtime":583,"items_purged":[],"score":94,"play_id":"9e282004-93c8-4bd6-b4a3-da237e38daeb","local_time":"20180818102535","is_ascension_mode":true,"campfire_choices":[{"data":"Bash","floor":6,"key":"SMITH"},{"data":"True Grit","floor":8,"key":"SMITH"}],"neow_cost":"NONE","seed_source_timestamp":258448243491170,"circlet_count":0,"master_deck":["Strike_R","Strike_R","Strike_R","Strike_R","Strike_R","Defend_R","Defend_R","Defend_R","Defend_R","Bash+1","Thunderclap","True Grit+1","Headbutt","Spot Weakness"],"relics":["Burning Blood","Smiling Mask","Pantograph"],"potions_floor_usage":[4,7],"damage_taken":[{"damage":4,"enemies":"Jaw Worm","floor":1,"turns":4},{"damage":6,"enemies":"2 Louse","floor":2,"turns":3},{"damage":5,"enemies":"Cultist","floor":3,"turns":4},{"damage":7,"enemies":"Gremlin Gang","floor":4,"turns":5},{"damage":11,"enemies":"2 Fungi Beasts","floor":5,"turns":3},{"damage":33,"enemies":"3 Sentries","floor":7,"turns":9},{"damage":37,"enemies":"Lagavulin","floor":11,"turns":5}],"seed_played":"-2346014266881464590","potions_obtained":[{"floor":2,"key":"SkillPotion"},{"floor":3,"key":"Block Potion"}],"is_trial":false,"path_per_floor":["M","M","M","M","M","R","E","R","T","?"],"character_chosen":"IRONCLAD","items_purchased":[],"campfire_rested":0,"item_purchase_floors":[],"current_hp_per_floor":[80,80,80,79,74,74,47,47,47,36,0],"gold":293,"neow_bonus":"THREE_CARDS","is_prod":false,"is_daily":false,"chose_seed":false,"campfire_upgraded":2,"win_rate":0,"timestamp":1534613135,"path_taken":["M","M","M","M","M","R","E","R","T","?","E"],"build_version":"2018-08-16","purchased_purges":0,"victory":false,"max_hp_per_floor":[80,80,80,80,80,80,80,80,80,80,80],"card_choices":[{"not_picked":["Corruption","Power Through"],"picked":"Thunderclap","floor":0},{"not_picked":["Thunderclap","Sever Soul","Burning Pact"],"picked":"SKIP","floor":1},{"not_picked":["Thunderclap","Bloodletting","Warcry"],"picked":"SKIP","floor":2},{"not_picked":["Body Slam","Heavy Blade"],"picked":"True Grit","floor":3},{"not_picked":["Perfected Strike","Twin Strike"],"picked":"Headbutt","floor":4},{"not_picked":["Twin Strike","Sword Boomerang","Bloodletting"],"picked":"SKIP","floor":5},{"not_picked":["Infernal Blade","Body Slam"],"picked":"Spot Weakness","floor":7}],"player_experience":90788,"relics_obtained":[{"floor":7,"key":"Smiling Mask"},{"floor":9,"key":"Pantograph"}],"event_choices":[{"event_name":"World of Goop","player_choice":"Gather Gold","floor":10,"damage_taken":0}],"is_beta":false,"boss_relics":[],"items_purged_floors":[],"is_endless":false,"potions_floor_spawned":[2,3],"killed_by":"Lagavulin","ascension_level":5}