{"gold_per_floor":[210,210,9,22,33,33,68,92,141,91,119,40,50,76,76,175,175,186,205,205,221,221,221,254,254,254,254,272,304,304,317,317,418,418,435,140,158,174,6,6,6,6,6,106,0,0,0,0,0,0],"floor_reached":51,"playtime":2941,"items_purged":["Strike_R","Strike_R"],"score":810,"play_id":"654e5dfc-932c-4be7-a055-392c5941af06","local_time":"20190410211306","is_ascension_mode":true,"campfire_choices":[{"data":"Bash","floor":6,"key":"SMITH"},{"data":"Rampage","floor":15,"key":"SMITH"},{"data":"Barricade","floor":23,"key":"SMITH"},{"data":"Immolate","floor":30,"key":"SMITH"},{"floor":32,"key":"REST"},{"data":"Impervious","floor":40,"key":"SMITH"},{"data":"Limit Break","floor":42,"key":"SMITH"},{"data":"Disarm","floor":49,"key":"SMITH"}],"neow_cost":"NONE","seed_source_timestamp":2596496155061725,"circlet_count":0,"master_deck":["Strike_R","Strike_R","Defend_R","Defend_R","Defend_R","Defend_R","Bash+1","Twin Strike","Cleave","Impervious","Whirlwind","Thunderclap","Dropkick","Rampage+1","Barricade+1","Spot Weakness","Immolate+1","Impervious+1","Disarm+1","Flame Barrier+1","Spot Weakness","Reaper","Armaments+1","Spot Weakness","Entrench+1","Disarm+1","Limit Break+1","Decay"],"relics":["Burning Blood","PreservedInsect","Happy Flower","Omamori","Pen Nib","Prayer Wheel","Self Forming Clay","Cursed Key","Nilry\u0027s Codex","Juzu Bracelet","Centennial Puzzle","Frozen Egg 2","Bottled Flame","Velvet Choker","Blood Vial","Blue Candle","Calipers","Red Mask"],"potions_floor_usage":[7,14,21,24,29,35,44,50],"damage_taken":[{"damage":9,"enemies":"2 Louse","floor":1,"turns":3},{"damage":1,"enemies":"Cultist","floor":4,"turns":4},{"damage":0,"enemies":"Small Slimes","floor":5,"turns":2},{"damage":31,"enemies":"Lagavulin","floor":7,"turns":4},{"damage":18,"enemies":"3 Sentries","floor":11,"turns":3},{"damage":10,"enemies":"Exordium Wildlife","floor":13,"turns":2},{"damage":0,"enemies":"Gremlin Nob","floor":14,"turns":2},{"damage":31,"enemies":"Hexaghost","floor":16,"turns":9},{"damage":0,"enemies":"3 Byrds","floor":18,"turns":3},{"damage":31,"enemies":"Spheric Guardian","floor":19,"turns":6},{"damage":12,"enemies":"3 Cultists","floor":21,"turns":3},{"damage":0,"enemies":"Gremlin Leader","floor":24,"turns":6},{"damage":8,"enemies":"Colosseum Slavers","floor":27,"turns":4},{"damage":0,"enemies":"Snecko","floor":28,"turns":3},{"damage":14,"enemies":"Book of Stabbing","floor":29,"turns":4},{"damage":15,"enemies":"Chosen and Byrds","floor":31,"turns":5},{"damage":4,"enemies":"Champ","floor":33,"turns":15},{"damage":25,"enemies":"Orb Walker","floor":35,"turns":3},{"damage":0,"enemies":"3 Darklings","floor":37,"turns":1},{"damage":11,"enemies":"Maw","floor":38,"turns":9},{"damage":1,"enemies":"Mind Bloom Boss Battle","floor":44,"turns":7},{"damage":15,"enemies":"Awakened One","floor":50,"turns":12}],"seed_played":"2521209392373413958","potions_obtained":[{"floor":5,"key":"Fire Potion"},{"floor":7,"key":"Poison Potion"},{"floor":16,"key":"Energy Potion"},{"floor":21,"key":"GamblersBrew"},{"floor":28,"key":"SkillPotion"},{"floor":33,"key":"Poison Potion"},{"floor":37,"key":"AttackPotion"},{"floor":38,"key":"SpeedPotion"},{"floor":44,"key":"Block Potion"}],"is_trial":false,"path_per_floor":["M","?","$","M","M","R","E","T","T","?","E","$","M","E","R","B",null,"M","M","?","M","?","R","E","?","T","?","M","E","R","M","R","B",null,"M","$","M","M","$","R","?","R","T","?","?","?","?","$","R","B",null],"character_chosen":"IRONCLAD","items_purchased":["PreservedInsect","Twin Strike","Dropkick","Spot Weakness","Blood Vial","Limit Break"],"campfire_rested":1,"item_purchase_floors":[3,3,12,36,36,39],"current_hp_per_floor":[77,77,77,80,80,80,55,55,55,55,43,43,39,45,45,20,80,80,55,39,33,33,33,39,39,39,37,43,35,35,26,50,52,80,71,71,79,80,80,80,80,80,80,80,80,76,76,76,76,76],"gold":0,"neow_bonus":"HUNDRED_GOLD","is_prod":false,"is_daily":false,"chose_seed":false,"campfire_upgraded":7,"win_rate":0,"timestamp":1554927186,"path_taken":["M","?","?","?","M","R","E","?","T","?","E","$","M","E","R","BOSS","M","M","?","M","?","R","E","?","T","?","M","E","R","M","R","BOSS","M","$","M","M","$","R","?","R","T","?","?","?","?","?","R","BOSS"],"build_version":"2019-01-23","purchased_purges":2,"victory":true,"max_hp_per_floor":[80,80,80,80,80,80,80,80,80,80,80,80,80,80,80,80,80,80,80,80,80,80,80,80,80,80,80,80,80,80,80,80,80,80,80,80,80,80,80,80,80,80,80,80,80,76,76,76,76,76],"card_choices":[{"not_picked":["Havoc","Wild Strike","Headbutt"],"picked":"SKIP","floor":1},{"not_picked":["Warcry","Shrug It Off"],"picked":"Cleave","floor":4},{"not_picked":["Warcry","Cleave"],"picked":"Impervious","floor":5},{"not_picked":["Iron Wave","Offering"],"picked":"Whirlwind","floor":7},{"not_picked":["Wild Strike","Sword Boomerang"],"picked":"Thunderclap","floor":11},{"not_picked":["True Grit","Evolve"],"picked":"Rampage","floor":13},{"not_picked":["Corruption","Clothesline","Anger"],"picked":"SKIP","floor":13},{"not_picked":["Fire Breathing","Armaments","Warcry"],"picked":"SKIP","floor":14},{"not_picked":["Brutality","Reaper"],"picked":"Barricade","floor":16},{"not_picked":["Second Wind+1","Pommel Strike","Shrug It Off"],"picked":"SKIP","floor":18},{"not_picked":["Headbutt","Bloodletting+1","Clothesline"],"picked":"SKIP","floor":18},{"not_picked":["Twin Strike","Whirlwind"],"picked":"Spot Weakness","floor":19},{"not_picked":["Warcry","Iron Wave","Clothesline"],"picked":"SKIP","floor":19},{"not_picked":["Seeing Red","Flex","Wild Strike"],"picked":"SKIP","floor":21},{"not_picked":["Clothesline+1","Shockwave","Searing Blow"],"picked":"SKIP","floor":21},{"not_picked":["Uppercut","Clothesline+1"],"picked":"Immolate","floor":24},{"not_picked":["Armaments","Sentinel"],"picked":"Disarm","floor":28},{"not_picked":["Anger+1","Headbutt"],"picked":"Flame Barrier+1","floor":28},{"not_picked":["Combust+1","Rampage","Flame Barrier"],"picked":"SKIP","floor":29},{"not_picked":["Perfected Strike+1","Whirlwind+1"],"picked":"Spot Weakness","floor":31},{"not_picked":["Fire Breathing+1","Clash","Reckless Charge"],"picked":"SKIP","floor":31},{"not_picked":["Offering","Juggernaut+1"],"picked":"Reaper","floor":33},{"not_picked":["Iron Wave+1","True Grit"],"picked":"Armaments+1","floor":35},{"not_picked":["Clothesline+1","Metallicize+1","Dropkick+1"],"picked":"SKIP","floor":35},{"not_picked":["Rage+1","Heavy Blade"],"picked":"Entrench+1","floor":37},{"not_picked":["Fire Breathing+1","True Grit+1","Warcry"],"picked":"SKIP","floor":37},{"not_picked":["Second Wind+1","Clothesline+1"],"picked":"Disarm+1","floor":38},{"not_picked":["Thunderclap+1","True Grit+1","Warcry"],"picked":"SKIP","floor":38}],"player_experience":1743717,"relics_obtained":[{"floor":7,"key":"Happy Flower"},{"floor":8,"key":"Omamori"},{"floor":9,"key":"Pen Nib"},{"floor":11,"key":"Prayer Wheel"},{"floor":14,"key":"Self Forming Clay"},{"floor":20,"key":"Nilry\u0027s Codex"},{"floor":24,"key":"Centennial Puzzle"},{"floor":26,"key":"Frozen Egg 2"},{"floor":29,"key":"Bottled Flame"},{"floor":43,"key":"Blue Candle"},{"floor":44,"key":"Calipers"}],"event_choices":[{"damage_healed":0,"gold_gain":0,"player_choice":"0 cards matched","damage_taken":0,"max_hp_gain":0,"max_hp_loss":0,"event_name":"Match and Keep!","floor":2,"gold_loss":0,"cards_obtained":[]},{"cards_removed":["Strike_R"],"damage_healed":0,"gold_gain":0,"player_choice":"Card Removal","damage_taken":0,"max_hp_gain":0,"max_hp_loss":0,"event_name":"The Cleric","floor":10,"gold_loss":50},{"damage_healed":0,"gold_gain":0,"player_choice":"Obtained Book","damage_taken":16,"max_hp_gain":0,"max_hp_loss":0,"event_name":"Cursed Tome","floor":20,"gold_loss":0},{"damage_healed":0,"gold_gain":0,"player_choice":"Opened","damage_taken":0,"relics_obtained":["Juzu Bracelet"],"max_hp_gain":0,"max_hp_loss":0,"event_name":"The Mausoleum","floor":22,"gold_loss":0,"cards_obtained":["Writhe"]},{"damage_healed":0,"gold_gain":0,"player_choice":"Copied","damage_taken":0,"max_hp_gain":0,"max_hp_loss":0,"event_name":"Duplicator","floor":25,"gold_loss":0,"cards_obtained":["Impervious"]},{"damage_healed":0,"gold_gain":0,"player_choice":"Fight","damage_taken":0,"max_hp_gain":0,"max_hp_loss":0,"event_name":"Colosseum","floor":27,"gold_loss":0},{"damage_healed":0,"gold_gain":0,"player_choice":"Fled From Nobs","damage_taken":0,"max_hp_gain":0,"max_hp_loss":0,"event_name":"Colosseum","floor":27,"gold_loss":0},{"damage_healed":0,"gold_gain":0,"player_choice":"Memory 1","damage_taken":0,"max_hp_gain":0,"max_hp_loss":0,"event_name":"SensoryStone","floor":41,"gold_loss":0},{"damage_healed":0,"gold_gain":0,"player_choice":"Fight","damage_taken":0,"max_hp_gain":0,"max_hp_loss":0,"event_name":"MindBloom","floor":44,"gold_loss":0},{"damage_healed":0,"gold_gain":0,"player_choice":"Paid","damage_taken":0,"relics_obtained":["Red Mask"],"max_hp_gain":0,"max_hp_loss":0,"event_name":"Tomb of Lord Red Mask","floor":45,"gold_loss":106},{"damage_healed":0,"gold_gain":0,"player_choice":"Max HP","damage_taken":0,"max_hp_gain":0,"max_hp_loss":4,"event_name":"Winding Halls","floor":46,"gold_loss":0},{"damage_healed":0,"gold_gain":0,"player_choice":"Ignored","damage_taken":0,"max_hp_gain":0,"max_hp_loss":0,"event_name":"Transmorgrifier","floor":47,"gold_loss":0}],"is_beta":false,"boss_relics":[{"not_picked":["Calling Bell","Eternal Feather"],"picked":"Cursed Key"},{"not_picked":["Snecko Eye","Pandora\u0027s Box"],"picked":"Velvet Choker"}],"items_purged_floors":[36,39],"is_endless":false,"potions_floor_spawned":[5,7,16,21,27,28,33,37,38,44],"ascension_level":1}