{"gold_per_floor":[119,69,43,56,68,68,85,116,116,126,126,146,164,264,264,362,362,379,397,414,432,432,432],"floor_reached":23,"playtime":887,"items_purged":[],"score":286,"play_id":"3ed44b10-9dfc-4bac-a9d3-73eb97a5e651","local_time":"20190425212009","is_ascension_mode":true,"campfire_choices":[{"data":"Pommel Strike","floor":6.0,"key":"SMITH"},{"data":"Armaments","floor":11.0,"key":"SMITH"},{"data":"Infernal Blade","floor":15.0,"key":"SMITH"}],"neow_cost":"TEN_PERCENT_HP_LOSS","seed_source_timestamp":1079300698805748,"circlet_count":0,"master_deck":["Strike_R+1","Strike_R+1","Strike_R+1","Defend_R+1","Defend_R+1","Defend_R+1","Bash","Immolate","Perfected Strike","Flex","Clash","Pommel Strike+1","Perfected Strike","Armaments+1","Shrug It Off","Infernal Blade+1","Pommel Strike","Spot Weakness","Bludgeon","Headbutt","Disarm","Pommel Strike","Ghostly Armor+1","Twin Strike","Intimidate","Offering"],"special_seed":0,"relics":["Burning Blood","PreservedInsect","Kunai","Orrery"],"potions_floor_usage":[23],"damage_taken":[{"damage":2.0,"enemies":"Small Slimes","floor":1.0,"turns":4.0},{"damage":0.0,"enemies":"2 Louse","floor":4.0,"turns":1.0},{"damage":0.0,"enemies":"Cultist","floor":5.0,"turns":2.0},{"damage":12.0,"enemies":"Looter","floor":7.0,"turns":3.0},{"damage":20.0,"enemies":"Gremlin Nob","floor":8.0,"turns":4.0},{"damage":9.0,"enemies":"2 Fungi Beasts","floor":10.0,"turns":3.0},{"damage":12.0,"enemies":"Exordium Wildlife","floor":12.0,"turns":2.0},{"damage":6.0,"enemies":"Looter","floor":13.0,"turns":3.0},{"damage":6.0,"enemies":"Slime Boss","floor":16.0,"turns":7.0},{"damage":4.0,"enemies":"Chosen","floor":18.0,"turns":4.0},{"damage":28.0,"enemies":"3 Byrds","floor":19.0,"turns":5.0},{"damage":24.0,"enemies":"Snake Plant","floor":20.0,"turns":2.0},{"damage":27.0,"enemies":"Shelled Parasite and Fungi","floor":21.0,"turns":10.0},{"damage":22,"enemies":"Book of Stabbing","floor":23,"turns":4}],"seed_played":"-8448499245436260986","potions_obtained":[{"floor":4.0,"key":"Poison Potion"},{"floor":10.0,"key":"BloodPotion"},{"floor":12.0,"key":"Fire Potion"},{"floor":13.0,"key":"Regen Potion"},{"floor":18.0,"key":"Dexterity Potion"},{"floor":20.0,"key":"GamblersBrew"}],"is_trial":false,"path_per_floor":["M","?","$","M","M","R","M","E","T","M","R","M","M","?","R","B",null,"M","M","M","M","?","E"],"character_chosen":"IRONCLAD","items_purchased":["Clash"],"campfire_rested":0,"item_purchase_floors":[3],"current_hp_per_floor":[72,72,72,72,72,72,66,52,52,49,49,43,43,43,43,43,65,67,45,32,11,11,0],"gold":432,"neow_bonus":"TRANSFORM_TWO_CARDS","is_prod":false,"is_daily":false,"chose_seed":false,"campfire_upgraded":3,"win_rate":0,"timestamp":1556194809,"path_taken":["M","?","$","M","M","R","M","E","T","M","R","M","M","?","R","BOSS","M","M","M","M","?","E"],"build_version":"2019-01-23","purchased_purges":0,"victory":false,"max_hp_per_floor":[72,72,72,72,72,72,72,72,72,72,72,72,72,72,72,72,72,72,72,72,72,72,72],"card_choices":[{"not_picked":["Thunderclap","Evolve"],"picked":"Flex","floor":1.0},{"not_picked":["Shrug It Off","Metallicize"],"picked":"Pommel Strike","floor":4.0},{"not_picked":["Metallicize","Uppercut"],"picked":"Perfected Strike","floor":5.0},{"not_picked":["Warcry","Corruption"],"picked":"Armaments","floor":7.0},{"not_picked":["Wild Strike","Havoc"],"picked":"Shrug It Off","floor":8.0},{"not_picked":["Sentinel","Thunderclap"],"picked":"Infernal Blade","floor":10.0},{"not_picked":["Anger","Flex"],"picked":"Pommel Strike","floor":12.0},{"not_picked":["Clothesline","Flex"],"picked":"Spot Weakness","floor":13.0},{"not_picked":["Immolate","Exhume"],"picked":"Bludgeon","floor":16.0},{"not_picked":["Armaments","Thunderclap"],"picked":"Headbutt","floor":17.0},{"not_picked":["Armaments","Havoc"],"picked":"Disarm","floor":17.0},{"not_picked":["Flex","Iron Wave"],"picked":"Pommel Strike","floor":17.0},{"not_picked":["Corruption","Sentinel"],"picked":"Ghostly Armor+1","floor":18.0},{"not_picked":["Clash","Body Slam"],"picked":"Twin Strike","floor":19.0},{"not_picked":["Sword Boomerang","Body Slam"],"picked":"Intimidate","floor":20.0},{"not_picked":["Second Wind","Flex"],"picked":"Offering","floor":21.0}],"player_experience":430194,"relics_obtained":[{"floor":8.0,"key":"PreservedInsect"},{"floor":9.0,"key":"Kunai"}],"event_choices":[{"cards_removed":["Defend_R"],"damage_healed":0.0,"max_hp_gain":0.0,"max_hp_loss":0.0,"gold_gain":0.0,"event_name":"The Cleric","player_choice":"Card Removal","floor":2.0,"gold_loss":50.0,"damage_taken":0.0},{"damage_healed":0.0,"max_hp_gain":0.0,"max_hp_loss":0.0,"gold_gain":100.0,"event_name":"Wheel of Change","player_choice":"Gold","floor":14.0,"gold_loss":0.0,"damage_taken":0.0},{"damage_healed":0.0,"max_hp_gain":0.0,"max_hp_loss":0.0,"gold_gain":0.0,"event_name":"Back to Basics","player_choice":"Simplicity","floor":22.0,"gold_loss":0.0,"damage_taken":0.0,"cards_upgraded":["Strike_R","Strike_R","Strike_R","Defend_R","Defend_R","Defend_R"]}],"is_beta":false,"boss_relics":[{"not_picked":["Fusion Hammer","Black Star"],"picked":"Orrery"}],"items_purged_floors":[],"is_endless":false,"potions_floor_spawned":[4,10,12,13,18,20],"killed_by":"Book of Stabbing","ascension_level":9}