{"gold_per_floor":[117,67,67,67,67,95,95,95,95,109,109,138,158,187,187,187],"floor_reached":16,"playtime":451,"items_purged":[],"score":200,"play_id":"b45ef0b4-d118-43c3-9e66-d4dd599ab4cc","local_time":"20190428180721","is_ascension_mode":true,"campfire_choices":[{"data":"Havoc","floor":7,"key":"SMITH"},{"data":"Bash","floor":11,"key":"SMITH"},{"data":"Feel No Pain","floor":15,"key":"SMITH"}],"neow_cost":"NONE","seed_source_timestamp":1626271708572200,"circlet_count":0,"master_deck":["Strike_R","Strike_R","Strike_R","Defend_R","Defend_R","Defend_R","Defend_R","Bash+1","True Grit+1","Havoc+1","Ghostly Armor","Spot Weakness","Metallicize","Feel No Pain+1"],"relics":["Burning Blood","NeowsBlessing","Ornamental Fan","Gremlin Horn","Red Skull","Pen Nib"],"potions_floor_usage":[],"damage_taken":[{"damage":0,"enemies":"Jaw Worm","floor":1,"turns":1},{"damage":0,"enemies":"3 Sentries","floor":6,"turns":2},{"damage":0,"enemies":"Small Slimes","floor":8,"turns":1},{"damage":1,"enemies":"Cultist","floor":10,"turns":3},{"damage":44,"enemies":"Gremlin Nob","floor":12,"turns":5},{"damage":5,"enemies":"2 Fungi Beasts","floor":13,"turns":4},{"damage":26,"enemies":"Lagavulin","floor":14,"turns":11},{"damage":26,"enemies":"Hexaghost","floor":16,"turns":11}],"seed_played":"-1072202725709318977","potions_obtained":[{"floor":14,"key":"Fire Potion"}],"is_trial":false,"path_per_floor":["M","?","?","?","$","E","R","M","T","M","R","E","M","E","R","B"],"character_chosen":"IRONCLAD","items_purchased":[],"campfire_rested":0,"item_purchase_floors":[],"current_hp_per_floor":[78,78,78,78,78,80,80,80,80,80,80,42,43,23,23,0],"gold":187,"neow_bonus":"THREE_ENEMY_KILL","is_prod":false,"is_daily":false,"chose_seed":false,"campfire_upgraded":3,"win_rate":0,"timestamp":1556467641,"path_taken":["M","?","?","?","$","E","R","?","T","M","R","E","M","E","R","BOSS"],"build_version":"2019-01-23","purchased_purges":0,"victory":false,"max_hp_per_floor":[80,80,80,80,80,80,80,80,80,80,80,80,80,80,80,80],"card_choices":[{"not_picked":["Perfected Strike","Armaments"],"picked":"True Grit","floor":1},{"not_picked":["Warcry","Exhume"],"picked":"Havoc","floor":6},{"not_picked":["Wild Strike","Sentinel","Body Slam"],"picked":"SKIP","floor":8},{"not_picked":["Evolve","Cleave"],"picked":"Ghostly Armor","floor":10},{"not_picked":["Seeing Red","Dropkick"],"picked":"Spot Weakness","floor":12},{"not_picked":["Cleave","Perfected Strike"],"picked":"Metallicize","floor":13},{"not_picked":["Burning Pact","Seeing Red"],"picked":"Feel No Pain","floor":14}],"player_experience":829226,"relics_obtained":[{"floor":6,"key":"Ornamental Fan"},{"floor":9,"key":"Gremlin Horn"},{"floor":12,"key":"Red Skull"},{"floor":14,"key":"Pen Nib"}],"event_choices":[{"cards_removed":["Strike_R"],"damage_healed":0,"gold_gain":0,"player_choice":"Card Removal","damage_taken":0,"max_hp_gain":0,"max_hp_loss":0,"event_name":"The Cleric","floor":2,"gold_loss":50},{"cards_removed":["Strike_R"],"damage_healed":0,"gold_gain":0,"player_choice":"Forget","damage_taken":0,"max_hp_gain":0,"max_hp_loss":0,"event_name":"Living Wall","floor":3,"gold_loss":0},{"damage_healed":0,"gold_gain":0,"player_choice":"Upgraded","damage_taken":0,"max_hp_gain":0,"max_hp_loss":0,"event_name":"Upgrade Shrine","floor":4,"gold_loss":0,"cards_upgraded":["True Grit"]}],"is_beta":false,"boss_relics":[],"items_purged_floors":[],"is_endless":false,"potions_floor_spawned":[8,14],"killed_by":"Hexaghost","ascension_level":8}