{"gold_per_floor":[115,133,148,162,173,199,199,11,90,90,101,130,150,182,182,277,277,290,302,321,321,331,331,331],"floor_reached":24,"playtime":1199,"items_purged":[],"score":266,"play_id":"6406dd20-c435-4f36-92e6-0410b1a2c29d","local_time":"20190325124747","is_ascension_mode":true,"campfire_choices":[{"data":"Anger","floor":7,"key":"SMITH"},{"data":"Panache","floor":10,"key":"SMITH"},{"floor":15,"key":"REST"},{"floor":23,"key":"REST"}],"neow_cost":"PERCENT_DAMAGE","seed_source_timestamp":386684865876832,"circlet_count":0,"master_deck":["Strike_R","Strike_R","Strike_R","Strike_R","Strike_R","Defend_R","Defend_R","Defend_R+1","Defend_R","Bash","True Grit","Intimidate","Clothesline","Second Wind+1","Anger+1","Havoc","Panache+1","Seeing Red","Metallicize","Flame Barrier","Perfected Strike+1","Carnage+1","Immolate+1","Spot Weakness","Demon Form","Heavy Blade+1","Second Wind+1","Infernal Blade","Havoc"],"relics":["Burning Blood","Dead Branch","Blue Candle","Molten Egg 2","Prayer Wheel","War Paint","Runic Pyramid"],"potions_floor_usage":[13,14,18,22],"damage_taken":[{"damage":1,"enemies":"Cultist","floor":1,"turns":3},{"damage":1,"enemies":"2 Louse","floor":2,"turns":3},{"damage":6,"enemies":"Jaw Worm","floor":3,"turns":4},{"damage":11,"enemies":"Looter","floor":4,"turns":4},{"damage":6,"enemies":"Blue Slaver","floor":5,"turns":5},{"damage":39,"enemies":"Lagavulin","floor":6,"turns":7},{"damage":0,"enemies":"Large Slime","floor":11,"turns":4},{"damage":22,"enemies":"Gremlin Nob","floor":12,"turns":4},{"damage":0,"enemies":"Gremlin Gang","floor":13,"turns":1},{"damage":14,"enemies":"Lagavulin","floor":14,"turns":5},{"damage":11,"enemies":"Hexaghost","floor":16,"turns":9},{"damage":11,"enemies":"2 Thieves","floor":18,"turns":2},{"damage":1,"enemies":"Spheric Guardian","floor":19,"turns":4},{"damage":23,"enemies":"Snake Plant","floor":20,"turns":5},{"damage":18,"enemies":"Chosen and Byrds","floor":22,"turns":5},{"damage":64,"enemies":"Book of Stabbing","floor":24,"turns":5}],"seed_played":"2186024136418021227","potions_obtained":[{"floor":2,"key":"GamblersBrew"},{"floor":3,"key":"Explosive Potion"},{"floor":6,"key":"SpeedPotion"},{"floor":16,"key":"PowerPotion"},{"floor":18,"key":"Block Potion"}],"is_trial":false,"path_per_floor":["M","M","M","M","M","E","R","$","T","R","M","E","M","E","R","B",null,"M","M","M","?","M","R","E"],"character_chosen":"IRONCLAD","items_purchased":["Panache"],"campfire_rested":2,"item_purchase_floors":[8],"current_hp_per_floor":[61,66,66,61,61,28,28,28,28,28,34,18,24,16,40,35,80,75,80,63,48,36,61,0],"gold":331,"neow_bonus":"ONE_RARE_RELIC","is_prod":false,"is_daily":false,"chose_seed":false,"campfire_upgraded":2,"win_rate":0,"timestamp":1553543267,"path_taken":["M","M","M","M","M","E","R","$","T","R","M","E","?","E","R","BOSS","M","M","M","?","M","R","E"],"build_version":"2019-01-23","purchased_purges":0,"victory":false,"max_hp_per_floor":[80,80,80,80,80,80,80,80,80,80,80,80,80,80,80,80,80,80,80,80,85,85,85,85],"card_choices":[{"not_picked":["Headbutt","Power Through"],"picked":"True Grit","floor":1},{"not_picked":["Warcry","Headbutt"],"picked":"Intimidate","floor":2},{"not_picked":["True Grit","Dropkick"],"picked":"Clothesline","floor":3},{"not_picked":["Perfected Strike","Shrug It Off"],"picked":"Second Wind","floor":4},{"not_picked":["Thunderclap","Evolve"],"picked":"Anger","floor":5},{"not_picked":["Iron Wave","Intimidate"],"picked":"Havoc","floor":6},{"not_picked":["Headbutt+1","Body Slam+1"],"picked":"Seeing Red","floor":11},{"not_picked":["Armaments","Brutality"],"picked":"Metallicize","floor":12},{"not_picked":["Second Wind","Fire Breathing"],"picked":"Flame Barrier","floor":13},{"not_picked":["Rupture","Pommel Strike+1"],"picked":"Perfected Strike+1","floor":13},{"not_picked":["Double Tap","Sentinel"],"picked":"Carnage+1","floor":14},{"not_picked":["Juggernaut","Double Tap"],"picked":"Immolate+1","floor":16},{"not_picked":["Bloodletting","Carnage+1"],"picked":"Spot Weakness","floor":18},{"not_picked":["Cleave+1","Clothesline+1","Sword Boomerang+1"],"picked":"SKIP","floor":18},{"not_picked":["Headbutt+1","Heavy Blade+1"],"picked":"Demon Form","floor":19},{"not_picked":["Wild Strike+1","Twin Strike+1"],"picked":"Heavy Blade+1","floor":19},{"not_picked":["Flex","Shrug It Off"],"picked":"Second Wind+1","floor":20},{"not_picked":["Warcry","Dual Wield"],"picked":"Infernal Blade","floor":20},{"not_picked":["Carnage+1","Dual Wield+1"],"picked":"Havoc","floor":22},{"not_picked":["Clash+1","Sword Boomerang+1","Power Through"],"picked":"SKIP","floor":22}],"player_experience":58712,"relics_obtained":[{"floor":6,"key":"Blue Candle"},{"floor":9,"key":"Molten Egg 2"},{"floor":12,"key":"Prayer Wheel"},{"floor":14,"key":"War Paint"}],"event_choices":[{"damage_healed":0,"gold_gain":0,"player_choice":"Shed Blood","damage_taken":20,"max_hp_gain":5,"max_hp_loss":0,"event_name":"Forgotten Altar","floor":21,"gold_loss":0}],"is_beta":false,"boss_relics":[{"not_picked":["Empty Cage","Ectoplasm"],"picked":"Runic Pyramid"}],"items_purged_floors":[],"is_endless":false,"potions_floor_spawned":[2,3,6,11,16,18],"killed_by":"Book of Stabbing","ascension_level":4}