{"gold_per_floor":[211,211,223,233,42,70,70,86,111,111,111,111,111,122,122,220,220,238,127,142,155,57,57,86,98,145,178,988,1004,1023,1023,1023,1123,1123,1142,1142,887,907,907],"floor_reached":39,"playtime":2772,"items_purged":["Strike_G","Defend_G"],"score":530,"play_id":"d7e6b34d-a4b6-4821-b437-a3fd9ad480b0","local_time":"20181207231640","is_ascension_mode":true,"campfire_choices":[{"data":"Noxious Fumes","floor":11,"key":"SMITH"},{"floor":13,"key":"REST"},{"floor":15,"key":"REST"},{"data":"A Thousand Cuts","floor":23,"key":"SMITH"},{"data":"Adrenaline","floor":32,"key":"SMITH"}],"neow_cost":"NONE","seed_source_timestamp":340420031221030,"circlet_count":0,"master_deck":["Defend_G","Defend_G","Defend_G","Defend_G+1","Strike_G+1","Strike_G+1","Survivor","Backflip","PiercingWail+1","Adrenaline+1","Footwork","Noxious Fumes+1","Cloak And Dagger","Flechettes","A Thousand Cuts+1","Catalyst","Noxious Fumes","Blade Dance","Accuracy","Accuracy+1","Cloak And Dagger","Backflip","Necronomicurse"],"relics":["Ring of the Serpent","Whetstone","War Paint","Eternal Feather","Strawberry","Snake Skull","Boot","Necronomicon","Omamori"],"potions_floor_usage":[4,6,8,24,29,33,38],"damage_taken":[{"damage":5,"enemies":"2 Louse","floor":1,"turns":4},{"damage":2,"enemies":"Small Slimes","floor":3,"turns":4},{"damage":2,"enemies":"Cultist","floor":4,"turns":4},{"damage":52,"enemies":"Lagavulin","floor":6,"turns":11},{"damage":7,"enemies":"Gremlin Gang","floor":8,"turns":6},{"damage":0,"enemies":"Exordium Wildlife","floor":14,"turns":4},{"damage":23,"enemies":"The Guardian","floor":16,"turns":14},{"damage":19,"enemies":"Shell Parasite","floor":18,"turns":7},{"damage":34,"enemies":"3 Byrds","floor":20,"turns":4},{"damage":11,"enemies":"Shelled Parasite and Fungi","floor":21,"turns":6},{"damage":27,"enemies":"Slavers","floor":24,"turns":5},{"damage":46,"enemies":"Sentry and Sphere","floor":25,"turns":9},{"damage":53,"enemies":"Gremlin Leader","floor":27,"turns":6},{"damage":16,"enemies":"Snecko","floor":29,"turns":7},{"damage":16,"enemies":"Snake Plant","floor":30,"turns":4},{"damage":68,"enemies":"Automaton","floor":33,"turns":9},{"damage":25,"enemies":"Orb Walker","floor":35,"turns":5},{"damage":47,"enemies":"3 Darklings","floor":38,"turns":6},{"damage":53,"enemies":"Sphere and 2 Shapes","floor":39,"turns":3}],"seed_played":"6515938127187089450","potions_obtained":[{"floor":3,"key":"Regen Potion"},{"floor":4,"key":"SteroidPotion"},{"floor":6,"key":"Weak Potion"},{"floor":20,"key":"Explosive Potion"},{"floor":25,"key":"GamblersBrew"},{"floor":27,"key":"Weak Potion"},{"floor":30,"key":"SkillPotion"},{"floor":35,"key":"Weak Potion"}],"is_trial":false,"path_per_floor":["M","$","M","M","$","E","?","M","T","?","R","?","R","M","R","B",null,"M","$","M","M","$","R","E","M","T","E","?","M","M","?","R","B",null,"M","?","$","M","M"],"character_chosen":"THE_SILENT","items_purchased":["Adrenaline","Footwork","Noxious Fumes","Blade Dance","Accuracy","Omamori"],"campfire_rested":2,"item_purchase_floors":[5,5,19,22,22,37],"current_hp_per_floor":[65,65,63,68,68,16,39,32,32,32,32,25,46,46,67,44,70,51,51,17,70,70,70,50,74,74,77,7,61,45,29,44,39,77,52,52,52,48,0],"gold":907,"neow_bonus":"HUNDRED_GOLD","is_prod":false,"is_daily":false,"chose_seed":false,"campfire_upgraded":3,"win_rate":0,"timestamp":1544221000,"path_taken":["M","$","M","M","$","E","?","M","T","?","R","?","R","M","R","BOSS","M","$","M","M","$","R","E","M","T","E","?","?","?","?","R","BOSS","M","?","$","M","M"],"build_version":"2018-12-06","purchased_purges":2,"victory":false,"max_hp_per_floor":[70,70,70,70,70,70,70,70,70,70,70,70,70,70,70,70,70,70,70,70,70,70,70,77,77,77,77,77,77,77,77,77,77,77,77,77,77,77,77],"card_choices":[{"not_picked":["Dodge and Roll","Slice"],"picked":"Backflip","floor":1},{"not_picked":["Dodge and Roll","Deflect","Poisoned Stab"],"picked":"SKIP","floor":3},{"not_picked":["Bane","Dagger Throw"],"picked":"PiercingWail","floor":4},{"not_picked":["Prepared","Backstab"],"picked":"Noxious Fumes","floor":6},{"not_picked":["Deadly Poison","Dagger Spray"],"picked":"Cloak And Dagger","floor":8},{"not_picked":["Riddle With Holes","Infinite Blades"],"picked":"Flechettes","floor":14},{"not_picked":["Corpse Explosion","Wraith Form v2"],"picked":"A Thousand Cuts","floor":16},{"not_picked":["Bouncing Flask","Dagger Throw"],"picked":"Catalyst","floor":18},{"not_picked":["Bane","Sucker Punch+1","Outmaneuver"],"picked":"SKIP","floor":20},{"not_picked":["Poisoned Stab","Choke","Tactician+1"],"picked":"SKIP","floor":21},{"not_picked":["Bane","Calculated Gamble","Reflex"],"picked":"SKIP","floor":24},{"not_picked":["Poisoned Stab","Riddle With Holes","Finisher"],"picked":"SKIP","floor":25},{"not_picked":["Distraction","Blur"],"picked":"Accuracy+1","floor":27},{"not_picked":["Dagger Throw","Underhanded Strike+1"],"picked":"Cloak And Dagger","floor":29},{"not_picked":["Finisher","Outmaneuver"],"picked":"Backflip","floor":30},{"not_picked":["Deadly Poison","Caltrops+1","Deflect+1"],"picked":"SKIP","floor":35},{"not_picked":["Crippling Poison","Dash","Deflect"],"picked":"SKIP","floor":38}],"player_experience":382967,"relics_obtained":[{"floor":6,"key":"Whetstone"},{"floor":9,"key":"War Paint"},{"floor":24,"key":"Strawberry"},{"floor":26,"key":"Snake Skull"},{"floor":27,"key":"Boot"},{"floor":31,"key":"Necronomicon"}],"event_choices":[{"damage_healed":23,"gold_gain":0,"player_choice":"Banana","damage_taken":0,"max_hp_gain":0,"max_hp_loss":0,"event_name":"Big Fish","floor":7,"gold_loss":0},{"cards_removed":["Strike_G"],"damage_healed":0,"gold_gain":0,"player_choice":"Forget","damage_taken":0,"max_hp_gain":0,"max_hp_loss":0,"event_name":"Living Wall","floor":10,"gold_loss":0},{"cards_removed":["Strike_G"],"damage_healed":0,"gold_gain":0,"player_choice":"Card Removal","damage_taken":7,"max_hp_gain":0,"max_hp_loss":0,"event_name":"Golden Wing","floor":12,"gold_loss":0},{"damage_healed":0,"gold_gain":810,"player_choice":"GOLD GOLD GOLD GOLD GOLD GOLD GOLD GOLD GOLD ","damage_taken":70,"max_hp_gain":0,"max_hp_loss":0,"event_name":"Knowing Skull","floor":28,"potions_obtained":[],"gold_loss":0,"cards_obtained":[]},{"damage_healed":0,"gold_gain":0,"player_choice":"Obtained Book","damage_taken":16,"max_hp_gain":0,"max_hp_loss":0,"event_name":"Cursed Tome","floor":31,"gold_loss":0},{"cards_removed":["Neutralize"],"damage_healed":0,"gold_gain":0,"player_choice":"Removed Attack","damage_taken":0,"max_hp_gain":0,"max_hp_loss":0,"event_name":"Falling","floor":36,"gold_loss":0}],"is_beta":false,"boss_relics":[{"not_picked":["Ectoplasm","Calling Bell"],"picked":"Eternal Feather"},{"not_picked":["Orrery","Snecko Eye"],"picked":"Ring of the Serpent"}],"items_purged_floors":[19,37],"is_endless":false,"potions_floor_spawned":[3,4,6,20,25,27,30,35],"killed_by":"Sphere and 2 Shapes","ascension_level":4}