{"gold_per_floor":[118,68,68,143,163,193,193,228,253,265,278,290,290,306,306,403,403,415,97,112,62,88,88,118,133,214,313,313,326,353,278,278,376,376,390,350,363,380,41,41,69,69,69,81,81,91,91,91,91,91],"floor_reached":50,"playtime":2603,"items_purged":["Strike_R","Strike_R","Strike_R"],"score":624,"play_id":"45d621b0-dff1-450b-84ca-b9c41e0d2e0e","local_time":"20190326001205","is_ascension_mode":true,"campfire_choices":[{"data":"Demon Form","floor":13,"key":"SMITH"},{"floor":15,"key":"REST"},{"data":"Uppercut","floor":23,"key":"SMITH"},{"floor":28,"key":"REST"},{"floor":32,"key":"REST"},{"floor":40,"key":"REST"},{"data":"Dark Embrace","floor":42,"key":"SMITH"},{"floor":45,"key":"REST"},{"data":"Metallicize","floor":47,"key":"SMITH"},{"floor":49,"key":"REST"}],"neow_cost":"NONE","seed_source_timestamp":226898037147669,"circlet_count":0,"master_deck":["Defend_R","Defend_R","Defend_R","Defend_R","Bash","Impervious","Pummel","Whirlwind","True Grit","Shrug It Off","Wild Strike","Carnage","Demon Form+1","Metallicize+1","Offering+1","Shockwave","Uppercut+1","Disarm+1","Shockwave","Armaments","Clothesline","Clothesline","Bandage Up","Feel No Pain+1","Twin Strike","Thunderclap","Dark Embrace+1","Hemokinesis+1","Shrug It Off","Iron Wave+1","True Grit+1","Flame Barrier+1","Shrug It Off+1"],"relics":["Burning Blood","Art of War","Omamori","Mummified Hand","Smiling Mask","Regal Pillow","Orrery","Vajra","Lantern","Bottled Lightning","Oddly Smooth Stone","Lizard Tail","Strawberry","Bag of Marbles","Juzu Bracelet","Frozen Egg 2"],"potions_floor_usage":[8,11,16,29,30,33,38,41,50,50],"damage_taken":[{"damage":3,"enemies":"2 Louse","floor":1,"turns":4},{"damage":0,"enemies":"Jaw Worm","floor":5,"turns":3},{"damage":30,"enemies":"3 Sentries","floor":6,"turns":10},{"damage":21,"enemies":"Gremlin Nob","floor":8,"turns":5},{"damage":0,"enemies":"Small Slimes","floor":10,"turns":6},{"damage":4,"enemies":"Looter","floor":11,"turns":3},{"damage":0,"enemies":"2 Fungi Beasts","floor":12,"turns":3},{"damage":13,"enemies":"Lots of Slimes","floor":14,"turns":5},{"damage":66,"enemies":"The Guardian","floor":16,"turns":11},{"damage":7,"enemies":"Chosen","floor":18,"turns":4},{"damage":22,"enemies":"Spheric Guardian","floor":20,"turns":5},{"damage":20,"enemies":"Book of Stabbing","floor":24,"turns":9},{"damage":34,"enemies":"Snecko","floor":25,"turns":6},{"damage":22,"enemies":"Sentry and Sphere","floor":29,"turns":4},{"damage":34,"enemies":"Slavers","floor":30,"turns":5},{"damage":25,"enemies":"Champ","floor":33,"turns":9},{"damage":21,"enemies":"3 Shapes","floor":35,"turns":3},{"damage":32,"enemies":"3 Darklings","floor":37,"turns":6},{"damage":27,"enemies":"Transient","floor":38,"turns":5},{"damage":82,"enemies":"Giant Head","floor":41,"turns":10},{"damage":28,"enemies":"Sphere and 2 Shapes","floor":44,"turns":4},{"damage":26,"enemies":"Spire Growth","floor":46,"turns":5},{"damage":109,"enemies":"Donu and Deca","floor":50,"turns":12}],"seed_played":"-9127290343023083068","potions_obtained":[{"floor":5,"key":"AttackPotion"},{"floor":6,"key":"LiquidBronze"},{"floor":8,"key":"Fire Potion"},{"floor":12,"key":"Energy Potion"},{"floor":18,"key":"Strength Potion"},{"floor":37,"key":"Explosive Potion"},{"floor":38,"key":"Fire Potion"},{"floor":44,"key":"FearPotion"},{"floor":46,"key":"Dexterity Potion"}],"is_trial":false,"path_per_floor":["M","?","?","?","M","E","?","E","T","M","M","M","R","M","R","B",null,"M","$","M","$","T","R","E","M","T","?","R","M","E","?","R","B",null,"M","?","M","M","$","R","E","R","T","M","R","M","R","?","R","B"],"character_chosen":"IRONCLAD","items_purchased":["BloodPotion","Energy Potion","Clothesline","Bandage Up","Strawberry","Bag of Marbles"],"campfire_rested":6,"item_purchase_floors":[19,19,19,19,39,39],"current_hp_per_floor":[80,80,73,62,68,44,44,29,29,35,37,43,43,36,75,15,80,79,79,67,67,67,67,57,33,33,33,72,60,44,44,80,65,80,65,65,43,26,33,74,49,49,49,27,68,52,52,52,87,0],"gold":91,"neow_bonus":"ONE_RANDOM_RARE_CARD","is_prod":false,"is_daily":false,"chose_seed":false,"campfire_upgraded":4,"win_rate":0,"timestamp":1553580725,"path_taken":["M","?","?","?","M","E","?","E","T","M","M","M","R","M","R","BOSS","M","$","M","$","?","R","E","M","T","?","R","M","E","?","R","BOSS","M","?","M","M","$","R","E","R","T","M","R","M","R","?","R","BOSS"],"build_version":"2019-01-23","purchased_purges":3,"victory":false,"max_hp_per_floor":[80,80,80,80,80,80,80,80,80,80,80,80,80,80,80,80,80,80,80,80,80,80,80,80,80,80,80,80,80,80,80,80,80,80,80,80,80,80,87,87,87,87,87,87,87,87,87,87,87,87],"card_choices":[{"not_picked":["Iron Wave","Warcry"],"picked":"Pummel","floor":1},{"not_picked":["Rage","Rupture"],"picked":"Whirlwind","floor":5},{"not_picked":["Anger","Twin Strike"],"picked":"True Grit","floor":6},{"not_picked":["Perfected Strike","Twin Strike"],"picked":"Shrug It Off","floor":8},{"not_picked":["Clash","Sentinel"],"picked":"Wild Strike","floor":10},{"not_picked":["Entrench","Dual Wield"],"picked":"Carnage","floor":11},{"not_picked":["Pummel","Spot Weakness"],"picked":"Demon Form","floor":12},{"not_picked":["Sword Boomerang","Shrug It Off"],"picked":"Metallicize","floor":14},{"not_picked":["Juggernaut","Exhume"],"picked":"Offering","floor":16},{"not_picked":["Iron Wave","Reckless Charge"],"picked":"Shockwave","floor":17},{"not_picked":["Shrug It Off","Carnage"],"picked":"Uppercut","floor":17},{"not_picked":["Havoc","Fire Breathing"],"picked":"Disarm","floor":17},{"not_picked":["Headbutt","Armaments"],"picked":"Shockwave","floor":17},{"not_picked":["Seeing Red","Sever Soul"],"picked":"Armaments","floor":17},{"not_picked":["Perfected Strike","Carnage+1"],"picked":"Clothesline","floor":18},{"not_picked":["Headbutt","Clash+1"],"picked":"Feel No Pain+1","floor":20},{"not_picked":["Anger","Searing Blow","Blood for Blood"],"picked":"SKIP","floor":24},{"not_picked":["Perfected Strike+1","Clothesline"],"picked":"Twin Strike","floor":25},{"not_picked":["Clash","Demon Form"],"picked":"Thunderclap","floor":29},{"not_picked":["Body Slam","Clash+1","Thunderclap"],"picked":"SKIP","floor":30},{"not_picked":["Brutality","Immolate"],"picked":"Dark Embrace","floor":33},{"not_picked":["Evolve","Anger"],"picked":"Hemokinesis+1","floor":35},{"not_picked":["Pommel Strike+1","Uppercut+1"],"picked":"Shrug It Off","floor":37},{"not_picked":["Evolve+1","Searing Blow"],"picked":"Iron Wave+1","floor":38},{"not_picked":["Havoc","Wild Strike"],"picked":"True Grit+1","floor":41},{"not_picked":["Hemokinesis+1","Bloodletting+1"],"picked":"Flame Barrier+1","floor":44},{"not_picked":["Anger","Clash+1"],"picked":"Shrug It Off+1","floor":46}],"player_experience":328283,"relics_obtained":[{"floor":6,"key":"Omamori"},{"floor":8,"key":"Smiling Mask"},{"floor":9,"key":"Regal Pillow"},{"floor":22,"key":"Vajra"},{"floor":24,"key":"Lantern"},{"floor":26,"key":"Bottled Lightning"},{"floor":30,"key":"Oddly Smooth Stone"},{"floor":41,"key":"Juzu Bracelet"},{"floor":43,"key":"Frozen Egg 2"}],"event_choices":[{"cards_removed":["Strike_R"],"damage_healed":0,"gold_gain":0,"player_choice":"Card Removal","damage_taken":0,"max_hp_gain":0,"max_hp_loss":0,"event_name":"The Cleric","floor":2,"gold_loss":50},{"damage_healed":0,"gold_gain":0,"player_choice":"Success","damage_taken":7,"relics_obtained":["Art of War"],"max_hp_gain":0,"max_hp_loss":0,"event_name":"Scrap Ooze","floor":3,"gold_loss":0},{"damage_healed":0,"gold_gain":75,"player_choice":"Gather Gold","damage_taken":11,"max_hp_gain":0,"max_hp_loss":0,"event_name":"World of Goop","floor":4,"gold_loss":0},{"damage_healed":0,"gold_gain":0,"player_choice":"Gave Potion","damage_taken":0,"relics_obtained":["Mummified Hand"],"max_hp_gain":0,"max_hp_loss":0,"event_name":"WeMeetAgain","floor":7,"gold_loss":0},{"damage_healed":0,"gold_gain":99,"player_choice":"Stole From Cult","damage_taken":0,"max_hp_gain":0,"max_hp_loss":0,"event_name":"Nest","floor":27,"gold_loss":0},{"cards_removed":["Strike_R"],"damage_healed":0,"gold_gain":0,"player_choice":"Gave Gold","damage_taken":0,"max_hp_gain":0,"max_hp_loss":0,"event_name":"Beggar","floor":31,"gold_loss":75},{"damage_healed":0,"gold_gain":0,"player_choice":"Upgrade","damage_taken":0,"max_hp_gain":0,"max_hp_loss":0,"event_name":"Designer","floor":36,"gold_loss":40,"cards_upgraded":["Offering"]},{"damage_healed":0,"gold_gain":0,"player_choice":"Upgraded","damage_taken":0,"max_hp_gain":0,"max_hp_loss":0,"event_name":"Upgrade Shrine","floor":48,"gold_loss":0,"cards_upgraded":["Disarm"]}],"is_beta":false,"boss_relics":[{"not_picked":["Coffee Dripper","Mark of Pain"],"picked":"Orrery"},{"not_picked":["Pandora\u0027s Box","Philosopher\u0027s Stone"],"picked":"Lizard Tail"}],"items_purged_floors":[19,21,39],"is_endless":false,"potions_floor_spawned":[5,6,8,12,18,20,37,38,44,46],"killed_by":"Donu and Deca","ascension_level":4}