{"gold_per_floor":[111,129,144,157,10,44,44,69,69,79,79,99,99,174,174,273,273,286,305,323,323,341,341,376,376,401,428,353,268,268,367,367,467,467,483,500,400,400,400,400,124,124,169,269,303,303,329,329,329,329],"floor_reached":51,"playtime":2735,"items_purged":["Strike_B","Defend_B","Defend_B"],"score":864,"play_id":"e143f2df-d062-400f-ac6e-4e742c0c0d1f","local_time":"20190331114021","is_ascension_mode":true,"campfire_choices":[{"data":"Defragment","floor":7,"key":"SMITH"},{"floor":11,"key":"REST"},{"data":"Defragment","floor":13,"key":"SMITH"},{"floor":15,"key":"REST"},{"data":"Coolheaded","floor":23,"key":"SMITH"},{"data":"Zap","floor":25,"key":"SMITH"},{"floor":32,"key":"REST"},{"floor":40,"key":"DIG"},{"floor":46,"key":"DIG"},{"floor":49,"key":"DIG"}],"neow_cost":"NONE","seed_source_timestamp":1435625597671837,"circlet_count":0,"master_deck":["Strike_B+1","Strike_B+1","Defend_B","Defend_B","Zap+1","Dualcast","BootSequence","Defragment+1","Ball Lightning","Melter","Defragment+1","Glacier","Core Surge","Leap","Chill","Amplify","Conserve Battery","Coolheaded+1","Biased Cognition","Ball Lightning+1","Leap+1","Compile Driver","Biased Cognition","Cold Snap+1","Secret Technique","Heatsinks","Redo+1","Loop","Coolheaded+1","Writhe"],"relics":["Cracked Core","Whetstone","Vajra","WingedGreaves","Turnip","Inserter","Cables","Happy Flower","Juzu Bracelet","Shovel","Fusion Hammer","Art of War","Blood Vial","Bird Faced Urn","Strawberry","Regal Pillow","Shuriken","Boot"],"potions_floor_usage":[6,6,6,6,6,16,20,22,33,45,45,47,50],"damage_taken":[{"damage":2,"enemies":"Jaw Worm","floor":1,"turns":3},{"damage":7,"enemies":"Small Slimes","floor":2,"turns":3},{"damage":0,"enemies":"2 Louse","floor":3,"turns":2},{"damage":10,"enemies":"Exordium Wildlife","floor":4,"turns":3},{"damage":16,"enemies":"Gremlin Nob","floor":6,"turns":4},{"damage":13,"enemies":"Lagavulin","floor":8,"turns":5},{"damage":0,"enemies":"Looter","floor":10,"turns":2},{"damage":0,"enemies":"Large Slime","floor":12,"turns":3},{"damage":1,"enemies":"The Guardian","floor":16,"turns":8},{"damage":0,"enemies":"Spheric Guardian","floor":18,"turns":1},{"damage":7,"enemies":"Shell Parasite","floor":19,"turns":5},{"damage":3,"enemies":"Snake Plant","floor":20,"turns":4},{"damage":0,"enemies":"Sentry and Sphere","floor":22,"turns":3},{"damage":1,"enemies":"Book of Stabbing","floor":24,"turns":6},{"damage":1,"enemies":"Slavers","floor":27,"turns":6},{"damage":32,"enemies":"Automaton","floor":33,"turns":10},{"damage":13,"enemies":"3 Darklings","floor":35,"turns":5},{"damage":1,"enemies":"Orb Walker","floor":36,"turns":3},{"damage":11,"enemies":"Mind Bloom Boss Battle","floor":44,"turns":5},{"damage":16,"enemies":"Reptomancer","floor":45,"turns":7},{"damage":21,"enemies":"Nemesis","floor":47,"turns":7},{"damage":6,"enemies":"Awakened One","floor":50,"turns":13}],"seed_played":"-4103941252968090052","potions_obtained":[{"floor":1,"key":"FocusPotion"},{"floor":4,"key":"EntropicBrew"},{"floor":6,"key":"Fire Potion"},{"floor":18,"key":"PowerPotion"},{"floor":19,"key":"Energy Potion"},{"floor":27,"key":"Ancient Potion"},{"floor":33,"key":"Explosive Potion"},{"floor":35,"key":"Ancient Potion"},{"floor":45,"key":"Block Potion"},{"floor":47,"key":"Swift Potion"}],"is_trial":false,"path_per_floor":["M","M","M","M","$","E","R","E","T","M","R","M","R","?","R","B",null,"M","M","M","?","M","R","E","R","T","E","?","?","?","?","R","B",null,"M","M","$","?","?","R","$","?","T","?","E","R","E","?","R","B",null],"character_chosen":"DEFECT","items_purchased":["Defragment","Blood Vial"],"campfire_rested":3,"item_purchase_floors":[5,41],"current_hp_per_floor":[73,66,66,56,56,40,40,27,27,27,49,49,49,38,60,59,75,75,68,65,51,51,51,50,50,50,49,49,49,49,49,73,41,80,67,66,66,66,66,66,66,66,66,57,60,60,55,77,77,85],"gold":329,"neow_bonus":"RANDOM_COMMON_RELIC","is_prod":false,"is_daily":false,"chose_seed":false,"campfire_upgraded":4,"win_rate":0,"timestamp":1554000021,"path_taken":["M","M","M","M","$","E","R","E","T","M","R","M","R","?","R","BOSS","M","M","M","?","M","R","E","R","T","E","?","?","?","?","R","BOSS","M","M","$","?","?","R","$","?","T","?","E","R","E","?","R","BOSS"],"build_version":"2019-01-23","purchased_purges":3,"victory":true,"max_hp_per_floor":[75,75,75,75,75,75,75,75,75,75,75,75,75,75,75,75,75,75,75,75,80,80,80,80,80,80,80,80,80,80,80,80,80,80,80,80,80,80,80,80,80,80,80,80,87,87,87,87,87,87],"card_choices":[{"not_picked":["Steam","Redo"],"picked":"BootSequence","floor":1},{"not_picked":["Scrape","Undo"],"picked":"Defragment","floor":2},{"not_picked":["Beam Cell","Steam"],"picked":"Ball Lightning","floor":3},{"not_picked":["Aggregate","Stack"],"picked":"Melter","floor":4},{"not_picked":["Conserve Battery","Skim"],"picked":"Glacier","floor":6},{"not_picked":["Skim","Rip and Tear"],"picked":"Core Surge","floor":8},{"not_picked":["Sweeping Beam","Recycle"],"picked":"Leap","floor":10},{"not_picked":["Barrage","Turbo"],"picked":"Chill","floor":12},{"not_picked":["Buffer","Seek"],"picked":"Amplify","floor":16},{"not_picked":["Gash","Storm"],"picked":"Conserve Battery","floor":18},{"not_picked":["Sweeping Beam","Beam Cell"],"picked":"Coolheaded","floor":19},{"not_picked":["FTL+1","Coolheaded"],"picked":"Biased Cognition","floor":20},{"not_picked":["Hologram","Go for the Eyes"],"picked":"Ball Lightning+1","floor":22},{"not_picked":["Conserve Battery","Steam"],"picked":"Leap+1","floor":24},{"not_picked":["Reboot","Stack"],"picked":"Compile Driver","floor":27},{"not_picked":["Seek","Thunder Strike"],"picked":"Biased Cognition","floor":33},{"not_picked":["Steam Power+1","Go for the Eyes","Leap+1"],"picked":"SKIP","floor":35},{"not_picked":["Stack","Turbo+1"],"picked":"Cold Snap+1","floor":36},{"not_picked":["Swift Strike","Trip"],"picked":"Secret Technique","floor":38},{"not_picked":["Stack","Turbo"],"picked":"Redo+1","floor":44},{"not_picked":["Stack+1","Hologram"],"picked":"Loop","floor":45},{"not_picked":["Amplify","Steam Power"],"picked":"Coolheaded+1","floor":47}],"player_experience":209406,"relics_obtained":[{"floor":6,"key":"Vajra"},{"floor":8,"key":"WingedGreaves"},{"floor":9,"key":"Turnip"},{"floor":24,"key":"Cables"},{"floor":26,"key":"Happy Flower"},{"floor":27,"key":"Juzu Bracelet"},{"floor":40,"key":"Art of War"},{"floor":44,"key":"Bird Faced Urn"},{"floor":45,"key":"Strawberry"},{"floor":46,"key":"Regal Pillow"},{"floor":47,"key":"Shuriken"},{"floor":49,"key":"Boot"}],"event_choices":[{"damage_healed":0,"gold_gain":75,"player_choice":"Gather Gold","damage_taken":11,"max_hp_gain":0,"max_hp_loss":0,"event_name":"World of Goop","floor":14,"gold_loss":0},{"damage_healed":0,"gold_gain":0,"player_choice":"Shed Blood","damage_taken":19,"max_hp_gain":5,"max_hp_loss":0,"event_name":"Forgotten Altar","floor":21,"gold_loss":0},{"cards_removed":["Strike_B"],"damage_healed":0,"gold_gain":0,"player_choice":"Gave Gold","damage_taken":0,"max_hp_gain":0,"max_hp_loss":0,"event_name":"Beggar","floor":28,"gold_loss":75},{"damage_healed":0,"gold_gain":0,"player_choice":"Obtained Relic","damage_taken":0,"relics_obtained":["Shovel"],"max_hp_gain":0,"max_hp_loss":0,"event_name":"Addict","floor":29,"gold_loss":85},{"damage_healed":0,"gold_gain":0,"player_choice":"Ignored","damage_taken":0,"max_hp_gain":0,"max_hp_loss":0,"event_name":"Vampires","floor":30,"gold_loss":0},{"damage_healed":0,"gold_gain":99,"player_choice":"Stole From Cult","damage_taken":0,"max_hp_gain":0,"max_hp_loss":0,"event_name":"Nest","floor":31,"gold_loss":0},{"damage_healed":0,"gold_gain":0,"player_choice":"Memory 1","damage_taken":0,"max_hp_gain":0,"max_hp_loss":0,"event_name":"SensoryStone","floor":38,"gold_loss":0},{"damage_healed":0,"gold_gain":0,"player_choice":"Ignored","damage_taken":0,"max_hp_gain":0,"max_hp_loss":0,"event_name":"Tomb of Lord Red Mask","floor":39,"gold_loss":0},{"damage_healed":0,"gold_gain":0,"player_choice":"1 cards matched","damage_taken":0,"max_hp_gain":0,"max_hp_loss":0,"event_name":"Match and Keep!","floor":42,"gold_loss":0,"cards_obtained":["Heatsinks"]},{"damage_healed":0,"gold_gain":0,"player_choice":"Fight","damage_taken":0,"max_hp_gain":0,"max_hp_loss":0,"event_name":"MindBloom","floor":44,"gold_loss":0},{"damage_healed":22,"gold_gain":0,"player_choice":"Writhe","damage_taken":0,"max_hp_gain":0,"max_hp_loss":0,"event_name":"Winding Halls","floor":48,"gold_loss":0,"cards_obtained":["Writhe"]}],"is_beta":false,"boss_relics":[{"not_picked":["Ectoplasm","Pandora\u0027s Box"],"picked":"Inserter"},{"not_picked":["Runic Pyramid","Astrolabe"],"picked":"Fusion Hammer"}],"items_purged_floors":[5,37,41],"is_endless":false,"potions_floor_spawned":[1,4,6,18,19,27,33,35,45,47],"ascension_level":4}