{"gold_per_floor":[115,115,129,129,129,160,174,174,174,174,218,218,234,234,234,234],"floor_reached":16,"playtime":327,"items_purged":[],"score":239,"play_id":"36661dcf-c77a-432a-91b5-1064fd454bf8","local_time":"20190506135433","is_ascension_mode":true,"campfire_choices":[{"floor":12,"key":"REST"},{"data":"Metallicize","floor":15,"key":"SMITH"}],"neow_cost":"NONE","seed_source_timestamp":568937585945800,"circlet_count":0,"master_deck":["AscendersBane","Strike_R","Strike_R","Strike_R","Defend_R","Defend_R","Defend_R","Defend_R","Bash","Metallicize+1","Shrug It Off","Inflame+1","Shrug It Off","Pain","Clothesline","Flex+1"],"relics":["Burning Blood","NeowsBlessing","Frozen Egg 2","Blood Vial","Golden Idol","Pear","WarpedTongs","Toxic Egg 2"],"potions_floor_usage":[16,16],"damage_taken":[{"damage":0,"enemies":"2 Louse","floor":1,"turns":2},{"damage":0,"enemies":"Cultist","floor":3,"turns":1},{"damage":0,"enemies":"3 Sentries","floor":6,"turns":2},{"damage":4,"enemies":"Jaw Worm","floor":7,"turns":3},{"damage":51,"enemies":"Gremlin Nob","floor":11,"turns":6},{"damage":9,"enemies":"Exordium Wildlife","floor":13,"turns":4},{"damage":72,"enemies":"Hexaghost","floor":16,"turns":11}],"seed_played":"7907612631744372862","potions_obtained":[{"floor":1,"key":"Dexterity Potion"},{"floor":11,"key":"AttackPotion"}],"is_trial":false,"path_per_floor":["M","?","M","?","T","E","M","?","T","?","E","R","M","?","R","B"],"character_chosen":"IRONCLAD","items_purchased":[],"campfire_rested":1,"item_purchase_floors":[],"current_hp_per_floor":[74,74,75,68,68,74,75,49,59,59,16,41,40,68,68,0],"gold":234,"neow_bonus":"THREE_ENEMY_KILL","is_prod":false,"is_daily":false,"chose_seed":false,"campfire_upgraded":1,"win_rate":0,"timestamp":1557143673,"path_taken":["M","?","?","?","?","E","M","?","T","?","E","R","?","?","R","BOSS"],"build_version":"2019-01-23","purchased_purges":0,"victory":false,"max_hp_per_floor":[75,75,75,75,75,75,75,75,85,85,85,85,85,85,85,85],"card_choices":[{"not_picked":["Clash","Thunderclap","Iron Wave"],"picked":"SKIP","floor":1},{"not_picked":["Rupture","Headbutt"],"picked":"Shrug It Off","floor":3},{"not_picked":["Juggernaut+1","Shockwave"],"picked":"Inflame+1","floor":6},{"not_picked":["Body Slam","Pommel Strike"],"picked":"Shrug It Off","floor":7},{"not_picked":["Feel No Pain+1","Burning Pact"],"picked":"Clothesline","floor":11},{"not_picked":["Clash","Pummel"],"picked":"Flex+1","floor":13}],"player_experience":1144884,"relics_obtained":[{"floor":5,"key":"Frozen Egg 2"},{"floor":6,"key":"Blood Vial"},{"floor":9,"key":"Pear"},{"floor":11,"key":"Toxic Egg 2"}],"event_choices":[{"damage_healed":0,"gold_gain":0,"cards_transformed":["Strike_R"],"player_choice":"Transformed","damage_taken":0,"max_hp_gain":0,"max_hp_loss":0,"event_name":"Transmorgrifier","floor":2,"gold_loss":0,"cards_obtained":["Metallicize"]},{"cards_removed":["Strike_R"],"damage_healed":0,"gold_gain":0,"player_choice":"Card Removal","damage_taken":7,"max_hp_gain":0,"max_hp_loss":0,"event_name":"Golden Wing","floor":4,"gold_loss":0},{"damage_healed":0,"gold_gain":0,"player_choice":"Take Damage","damage_taken":26,"relics_obtained":["Golden Idol"],"max_hp_gain":0,"max_hp_loss":0,"event_name":"Golden Idol","floor":8,"gold_loss":0},{"damage_healed":0,"gold_gain":0,"player_choice":"Rummage","damage_taken":0,"relics_obtained":["WarpedTongs"],"max_hp_gain":0,"max_hp_loss":0,"event_name":"Accursed Blacksmith","floor":10,"gold_loss":0,"cards_obtained":["Pain"]},{"damage_healed":28,"gold_gain":0,"player_choice":"Banana","damage_taken":0,"max_hp_gain":0,"max_hp_loss":0,"event_name":"Big Fish","floor":14,"gold_loss":0}],"is_beta":false,"boss_relics":[],"items_purged_floors":[],"is_endless":false,"potions_floor_spawned":[1,11],"killed_by":"Hexaghost","ascension_level":16}