{"gold_per_floor":[117,127,143,54,72,72,97,116,116,116,116,126,126,140,140,218,218,234,234],"floor_reached":19,"playtime":630,"items_purged":[],"score":408,"play_id":"03c51720-0aa6-4d44-af46-b5b252eb9068","local_time":"20190417144123","is_ascension_mode":true,"campfire_choices":[{"data":"Armaments","floor":6,"key":"SMITH"},{"floor":10,"key":"REST"},{"floor":13,"key":"REST"},{"data":"Combust","floor":15,"key":"SMITH"}],"neow_cost":"CURSE","seed_source_timestamp":12108471071815,"circlet_count":0,"master_deck":["AscendersBane","Strike_R","Strike_R","Strike_R","Strike_R","Strike_R","Defend_R","Defend_R","Defend_R","Defend_R","Bash","Injury","Demon Form","Headbutt","Wild Strike","Combust+1","Spot Weakness","Armaments+1","Metallicize","Anger","True Grit","Combust","Brutality","Parasite","Injury","Doubt","Headbutt"],"relics":["Burning Blood","Incense Burner","Thread and Needle","Calling Bell","Bag of Preparation","Toxic Egg 2","Unceasing Top"],"potions_floor_usage":[7,16,19,19],"damage_taken":[{"damage":13,"enemies":"Jaw Worm","floor":1,"turns":5},{"damage":4,"enemies":"Small Slimes","floor":2,"turns":5},{"damage":1,"enemies":"Cultist","floor":3,"turns":4},{"damage":21,"enemies":"Exordium Thugs","floor":5,"turns":3},{"damage":36,"enemies":"Gremlin Nob","floor":7,"turns":4},{"damage":15,"enemies":"Blue Slaver","floor":8,"turns":4},{"damage":0,"enemies":"Large Slime","floor":12,"turns":6},{"damage":3,"enemies":"2 Fungi Beasts","floor":14,"turns":4},{"damage":35,"enemies":"The Guardian","floor":16,"turns":9},{"damage":44,"enemies":"3 Byrds","floor":18,"turns":5},{"damage":50,"enemies":"Colosseum Slavers","floor":19,"turns":4}],"seed_played":"7656042639288630301","potions_obtained":[{"floor":1,"key":"Energy Potion"},{"floor":2,"key":"LiquidBronze"},{"floor":8,"key":"Weak Potion"},{"floor":16,"key":"FearPotion"},{"floor":18,"key":"BloodPotion"}],"is_trial":false,"path_per_floor":["M","M","M","$","M","R","E","M","T","R","?","M","R","M","R","B",null,"M","?"],"character_chosen":"IRONCLAD","items_purchased":["Spot Weakness"],"campfire_rested":2,"item_purchase_floors":[4],"current_hp_per_floor":[61,63,68,68,53,53,23,14,14,36,36,42,64,67,67,38,66,28,0],"gold":234,"neow_bonus":"THREE_RARE_CARDS","is_prod":false,"is_daily":false,"chose_seed":false,"campfire_upgraded":2,"win_rate":0,"timestamp":1555537283,"path_taken":["M","M","M","$","M","R","E","M","T","R","?","M","R","M","R","BOSS","M","?"],"build_version":"2019-01-23","purchased_purges":0,"victory":false,"max_hp_per_floor":[75,75,75,75,75,75,75,75,75,75,75,75,75,75,75,75,75,75,75],"card_choices":[{"not_picked":["Double Tap","Exhume"],"picked":"Demon Form","floor":0},{"not_picked":["Pommel Strike","Body Slam"],"picked":"Headbutt","floor":1},{"not_picked":["Bloodletting","Rage"],"picked":"Wild Strike","floor":2},{"not_picked":["Flex","Pommel Strike"],"picked":"Combust","floor":3},{"not_picked":["Twin Strike","Infernal Blade"],"picked":"Armaments","floor":5},{"not_picked":["Iron Wave","True Grit"],"picked":"Metallicize","floor":7},{"not_picked":["Reckless Charge","Entrench"],"picked":"Anger","floor":8},{"not_picked":["Sever Soul","Armaments"],"picked":"True Grit","floor":12},{"not_picked":["Clash","Sever Soul"],"picked":"Combust","floor":14},{"not_picked":["Double Tap","Impervious"],"picked":"Brutality","floor":16},{"not_picked":["Thunderclap","Sword Boomerang"],"picked":"Headbutt","floor":18}],"player_experience":452542,"relics_obtained":[{"floor":7,"key":"Incense Burner"},{"floor":9,"key":"Thread and Needle"},{"floor":17,"key":"Bag of Preparation"},{"floor":17,"key":"Toxic Egg 2"},{"floor":17,"key":"Unceasing Top"}],"event_choices":[{"damage_healed":0,"gold_gain":0,"player_choice":"Ignored","damage_taken":0,"max_hp_gain":0,"max_hp_loss":0,"event_name":"Liars Game","floor":11,"gold_loss":0},{"damage_healed":0,"gold_gain":0,"player_choice":"Fight","damage_taken":0,"max_hp_gain":0,"max_hp_loss":0,"event_name":"Colosseum","floor":19,"gold_loss":0}],"is_beta":false,"boss_relics":[{"not_picked":["White Beast Statue","Eternal Feather"],"picked":"Calling Bell"}],"items_purged_floors":[],"is_endless":false,"potions_floor_spawned":[1,2,8,16,18],"killed_by":"Colosseum Slavers","ascension_level":16}