{"gold_per_floor":[359,359,5,24,24,24,45,60,60,60,78,28,63,83,83,83],"floor_reached":16,"playtime":459,"items_purged":[],"score":117,"play_id":"808a828b-93fb-4c27-8adf-23be4770c0d1","local_time":"20190411234259","is_ascension_mode":true,"campfire_choices":[{"data":"Iron Wave","floor":6,"key":"SMITH"},{"data":"Anger","floor":10,"key":"SMITH"},{"floor":15,"key":"REST"}],"neow_cost":"CURSE","seed_source_timestamp":177602844060500,"circlet_count":0,"master_deck":["Strike_R","Strike_R","Strike_R","Strike_R","Strike_R","Defend_R","Defend_R","Defend_R","Defend_R","Bash","Iron Wave","Iron Wave+1","Metallicize","Anger+1","Sentinel","Rampage","Dropkick"],"relics":["Burning Blood","Golden Idol","Nunchaku","Matryoshka","Torii"],"potions_floor_usage":[13,13],"damage_taken":[{"damage":14,"enemies":"Jaw Worm","floor":1,"turns":3},{"damage":5,"enemies":"2 Louse","floor":4,"turns":4},{"damage":1,"enemies":"Cultist","floor":7,"turns":3},{"damage":33,"enemies":"Exordium Thugs","floor":8,"turns":6},{"damage":8,"enemies":"Blue Slaver","floor":11,"turns":3},{"damage":8,"enemies":"Gremlin Nob","floor":13,"turns":3},{"damage":19,"enemies":"Looter","floor":14,"turns":4},{"damage":38,"enemies":"Slime Boss","floor":16,"turns":9}],"seed_played":"930177269329365285","potions_obtained":[{"floor":4,"key":"SmokeBomb"},{"floor":7,"key":"FearPotion"}],"is_trial":false,"path_per_floor":["M","?","$","M","$","R","M","M","T","R","M","?","E","M","R","B"],"character_chosen":"IRONCLAD","items_purchased":["Nunchaku","AttackPotion"],"campfire_rested":1,"item_purchase_floors":[3,3],"current_hp_per_floor":[72,52,52,53,53,53,58,31,31,31,29,29,27,14,38,0],"gold":83,"neow_bonus":"TWO_FIFTY_GOLD","is_prod":false,"is_daily":false,"chose_seed":false,"campfire_upgraded":2,"win_rate":0,"timestamp":1555018979,"path_taken":["M","?","$","M","$","R","M","M","T","R","M","?","E","M","R","BOSS"],"build_version":"2019-01-23","purchased_purges":0,"victory":false,"max_hp_per_floor":[80,80,80,80,80,80,80,80,80,80,80,80,80,80,80,80],"card_choices":[{"not_picked":["Warcry","Rupture"],"picked":"Iron Wave","floor":1},{"not_picked":["Anger","Metallicize"],"picked":"Iron Wave","floor":4},{"not_picked":["Perfected Strike","Havoc"],"picked":"Metallicize","floor":7},{"not_picked":["Carnage","Clothesline"],"picked":"Anger","floor":8},{"not_picked":["Second Wind","Clash"],"picked":"Sentinel","floor":11},{"not_picked":["Bloodletting","Havoc"],"picked":"Rampage","floor":13},{"not_picked":["Wild Strike","Dark Embrace"],"picked":"Dropkick","floor":14}],"player_experience":389314,"relics_obtained":[{"floor":9,"key":"Matryoshka"},{"floor":13,"key":"Torii"}],"event_choices":[{"damage_healed":0,"gold_gain":0,"player_choice":"Take Damage","damage_taken":20,"relics_obtained":["Golden Idol"],"max_hp_gain":0,"max_hp_loss":0,"event_name":"Golden Idol","floor":2,"gold_loss":0},{"cards_removed":["Shame"],"damage_healed":0,"gold_gain":0,"player_choice":"Card Removal","damage_taken":0,"max_hp_gain":0,"max_hp_loss":0,"event_name":"The Cleric","floor":12,"gold_loss":50}],"is_beta":false,"boss_relics":[],"items_purged_floors":[],"is_endless":false,"potions_floor_spawned":[4,7],"killed_by":"Slime Boss","ascension_level":3}