{"gold_per_floor":[212,222,232,157,232,232,261,8,31,31,63,63,63,79,79,180,180,193,193,193,39,39],"floor_reached":22,"playtime":1192,"items_purged":["Strike_B","Strike_B"],"score":257,"play_id":"afa89ba4-41c6-49aa-b7f6-2d396b5944ce","local_time":"20181204211227","is_ascension_mode":true,"campfire_choices":[{"floor":6,"key":"REST"},{"data":"Genetic Algorithm","floor":10,"key":"SMITH"},{"data":"Conserve Battery","floor":12,"key":"SMITH"},{"floor":15,"key":"REST"}],"neow_cost":"NONE","seed_source_timestamp":222517367258624,"circlet_count":0,"master_deck":["Strike_B","Strike_B","Defend_B+1","Defend_B","Defend_B","Defend_B","Zap","Dualcast+1","Genetic Algorithm+1","Cold Snap","Conserve Battery+1","Cold Snap","FTL","Coolheaded"],"relics":["FrozenCore","Boot","Omamori","Lantern","Kunai","Strawberry"],"potions_floor_usage":[2,7,16,16,16,18],"damage_taken":[{"damage":4,"enemies":"Small Slimes","floor":1,"turns":5},{"damage":3,"enemies":"Jaw Worm","floor":2,"turns":5},{"damage":1,"enemies":"Cultist","floor":3,"turns":3},{"damage":16,"enemies":"3 Sentries","floor":7,"turns":8},{"damage":8,"enemies":"Lagavulin","floor":11,"turns":9},{"damage":0,"enemies":"Lots of Slimes","floor":14,"turns":4},{"damage":45,"enemies":"Slime Boss","floor":16,"turns":8},{"damage":26,"enemies":"Chosen","floor":18,"turns":9},{"damage":19,"enemies":"Colosseum Slavers","floor":19,"turns":10},{"damage":0,"enemies":"3 Byrds","floor":22,"turns":1}],"seed_played":"-3468813230479016778","potions_obtained":[{"floor":1,"key":"SkillPotion"},{"floor":3,"key":"Fire Potion"},{"floor":14,"key":"EntropicBrew"}],"is_trial":false,"path_per_floor":["M","M","M","$","?","R","E","$","T","R","E","R","?","M","R","B",null,"M","?","?","$","M"],"character_chosen":"DEFECT","items_purchased":["Omamori","Strawberry"],"campfire_rested":2,"item_purchase_floors":[8,21],"current_hp_per_floor":[64,61,60,60,49,71,55,55,55,55,47,47,32,32,54,9,59,33,14,14,21,21],"gold":39,"neow_bonus":"HUNDRED_GOLD","is_prod":false,"is_daily":false,"chose_seed":false,"campfire_upgraded":2,"win_rate":0,"timestamp":1543954347,"path_taken":["M","M","M","$","?","R","E","$","T","R","E","R","?","M","R","BOSS","M","?","?","$","M"],"build_version":"2018-11-15","purchased_purges":2,"victory":false,"max_hp_per_floor":[75,75,75,75,75,75,75,75,75,75,75,75,75,75,75,75,75,75,75,75,82,82],"card_choices":[{"not_picked":["Reinforced Body","Scrape"],"picked":"Genetic Algorithm","floor":1},{"not_picked":["Streamline","Hologram"],"picked":"Cold Snap","floor":2},{"not_picked":["Barrage","Rebound"],"picked":"Conserve Battery","floor":3},{"not_picked":["Tempest","Genetic Algorithm"],"picked":"Cold Snap","floor":7},{"not_picked":["Reboot","All For One"],"picked":"FTL","floor":11},{"not_picked":["Heatsinks","Sweeping Beam"],"picked":"Coolheaded","floor":14},{"not_picked":["Aggregate","Stack+1","Beam Cell"],"picked":"SKIP","floor":18}],"player_experience":346700,"relics_obtained":[{"floor":7,"key":"Boot"},{"floor":9,"key":"Lantern"},{"floor":11,"key":"Kunai"}],"event_choices":[{"damage_healed":0,"gold_gain":75,"player_choice":"Gather Gold","damage_taken":11,"max_hp_gain":0,"max_hp_loss":0,"event_name":"World of Goop","floor":5,"gold_loss":0},{"damage_healed":0,"gold_gain":0,"player_choice":"Entered Light","damage_taken":15,"max_hp_gain":0,"max_hp_loss":0,"event_name":"Shining Light","floor":13,"gold_loss":0,"cards_upgraded":["Defend_B","Dualcast"]},{"damage_healed":0,"gold_gain":0,"player_choice":"Fight","damage_taken":0,"max_hp_gain":0,"max_hp_loss":0,"event_name":"Colosseum","floor":19,"gold_loss":0},{"damage_healed":0,"gold_gain":0,"player_choice":"Fled From Nobs","damage_taken":0,"max_hp_gain":0,"max_hp_loss":0,"event_name":"Colosseum","floor":19,"gold_loss":0},{"damage_healed":0,"gold_gain":0,"player_choice":"Smashed Altar","damage_taken":0,"max_hp_gain":0,"max_hp_loss":0,"event_name":"Forgotten Altar","floor":20,"gold_loss":0,"cards_obtained":["Decay"]}],"is_beta":false,"boss_relics":[{"not_picked":["Fusion Hammer","Orrery"],"picked":"FrozenCore"}],"items_purged_floors":[4,8],"is_endless":false,"potions_floor_spawned":[1,3,14,19],"killed_by":"3 Byrds","ascension_level":7}