{"gold_per_floor":[16,34,48,48,48,80,95,123,123,123,134,134,151,177,177,251,251,268,280,298,314,314,340,357,357,357,7,21,21,56,56],"floor_reached":31,"playtime":1402,"items_purged":["Writhe"],"score":523,"play_id":"bf4985bf-90fa-4a44-afdb-2ab8bf325e0f","local_time":"20190430202727","is_ascension_mode":true,"campfire_choices":[{"data":"Anger","floor":10,"key":"SMITH"},{"data":"Shockwave","floor":15,"key":"SMITH"},{"floor":25,"key":"REST"},{"data":"Armaments","floor":29,"key":"SMITH"}],"neow_cost":"NO_GOLD","seed_source_timestamp":1501091248509531,"circlet_count":0,"master_deck":["AscendersBane","Strike_R","Strike_R","Strike_R","Strike_R+1","Defend_R","Defend_R","Defend_R+1","Defend_R","Bash","Anger+1","Shrug It Off","Shockwave+1","Headbutt","True Grit","Rage","Rampage","Feed","Headbutt","Inflame","Armaments+1","Feel No Pain","Flame Barrier"],"relics":["Burning Blood","Champion Belt","Orichalcum","Happy Flower","Pantograph","Nunchaku","Cursed Key","Red Skull","Bottled Lightning","Sling","Mercury Hourglass"],"potions_floor_usage":[14,24,28],"damage_taken":[{"damage":9,"enemies":"Jaw Worm","floor":1,"turns":4},{"damage":0,"enemies":"2 Louse","floor":2,"turns":3},{"damage":0,"enemies":"Small Slimes","floor":3,"turns":3},{"damage":15,"enemies":"Gremlin Nob","floor":6,"turns":4},{"damage":0,"enemies":"2 Fungi Beasts","floor":7,"turns":4},{"damage":18,"enemies":"3 Sentries","floor":8,"turns":8},{"damage":3,"enemies":"Exordium Thugs","floor":11,"turns":4},{"damage":0,"enemies":"Gremlin Gang","floor":13,"turns":6},{"damage":4,"enemies":"Gremlin Nob","floor":14,"turns":4},{"damage":27,"enemies":"The Guardian","floor":16,"turns":11},{"damage":12,"enemies":"2 Thieves","floor":18,"turns":4},{"damage":0,"enemies":"3 Byrds","floor":19,"turns":7},{"damage":12,"enemies":"Snake Plant","floor":20,"turns":3},{"damage":19,"enemies":"Centurion and Healer","floor":21,"turns":7},{"damage":35,"enemies":"Slavers","floor":23,"turns":8},{"damage":30,"enemies":"Sentry and Sphere","floor":24,"turns":6},{"damage":18,"enemies":"Shelled Parasite and Fungi","floor":28,"turns":3},{"damage":31,"enemies":"Gremlin Leader","floor":30,"turns":6},{"damage":13,"enemies":"Snake Plant","floor":31,"turns":1}],"seed_played":"7637469933757117754","potions_obtained":[{"floor":2,"key":"Block Potion"},{"floor":3,"key":"Swift Potion"},{"floor":7,"key":"EssenceOfSteel"},{"floor":14,"key":"Dexterity Potion"},{"floor":24,"key":"Regen Potion"}],"is_trial":false,"path_per_floor":["M","M","M","?","?","E","M","E","T","R","M","?","M","E","R","B",null,"M","M","M","M","?","E","M","R","T","$","M","R","E","M"],"character_chosen":"IRONCLAD","items_purchased":["Feel No Pain","Sling"],"campfire_rested":1,"item_purchase_floors":[27,27],"current_hp_per_floor":[65,71,75,52,45,36,42,30,30,30,33,33,39,41,41,45,68,65,74,71,61,61,35,11,38,38,38,35,35,10,0],"gold":56,"neow_bonus":"ONE_RARE_RELIC","is_prod":false,"is_daily":false,"chose_seed":false,"campfire_upgraded":3,"win_rate":0,"timestamp":1556681247,"path_taken":["M","M","M","?","?","E","M","E","T","R","M","?","M","E","R","BOSS","M","M","M","M","?","E","M","R","T","$","M","R","E","M"],"build_version":"2019-01-23","purchased_purges":1,"victory":false,"max_hp_per_floor":[75,75,75,75,75,75,75,75,75,75,75,75,75,75,75,75,75,78,81,84,87,87,90,90,90,90,90,90,90,90,90],"card_choices":[{"not_picked":["Twin Strike","Disarm"],"picked":"Anger","floor":1},{"not_picked":["True Grit","Warcry"],"picked":"Shrug It Off","floor":2},{"not_picked":["True Grit","Twin Strike","Body Slam"],"picked":"SKIP","floor":3},{"not_picked":["Armaments","Fire Breathing"],"picked":"Shockwave","floor":6},{"not_picked":["Sword Boomerang","True Grit"],"picked":"Headbutt","floor":7},{"not_picked":["Shockwave","Evolve"],"picked":"True Grit","floor":8},{"not_picked":["Heavy Blade","Burning Pact","Headbutt"],"picked":"SKIP","floor":11},{"not_picked":["Anger","Perfected Strike"],"picked":"Rage","floor":13},{"not_picked":["Offering","Sword Boomerang"],"picked":"Rampage","floor":14},{"not_picked":["Barricade","Fiend Fire"],"picked":"Feed","floor":16},{"not_picked":["Shrug It Off","Perfected Strike"],"picked":"Headbutt","floor":18},{"not_picked":["Body Slam+1","Hemokinesis+1"],"picked":"Inflame","floor":19},{"not_picked":["Sword Boomerang","Cleave"],"picked":"Armaments","floor":20},{"not_picked":["Clash+1","Headbutt","Wild Strike"],"picked":"SKIP","floor":21},{"not_picked":["Sentinel","Reckless Charge","True Grit"],"picked":"SKIP","floor":23},{"not_picked":["Evolve","Reckless Charge","Wild Strike"],"picked":"SKIP","floor":24},{"not_picked":["Rupture","Headbutt","Iron Wave"],"picked":"SKIP","floor":28},{"not_picked":["Clash","Entrench"],"picked":"Flame Barrier","floor":30}],"player_experience":366501,"relics_obtained":[{"floor":6,"key":"Orichalcum"},{"floor":8,"key":"Happy Flower"},{"floor":9,"key":"Pantograph"},{"floor":14,"key":"Nunchaku"},{"floor":23,"key":"Red Skull"},{"floor":26,"key":"Bottled Lightning"},{"floor":30,"key":"Mercury Hourglass"}],"event_choices":[{"damage_healed":0,"gold_gain":0,"player_choice":"Entered Light","damage_taken":23,"max_hp_gain":0,"max_hp_loss":0,"event_name":"Shining Light","floor":4,"gold_loss":0,"cards_upgraded":["Strike_R","Defend_R"]},{"cards_removed":["Strike_R"],"damage_healed":0,"gold_gain":0,"player_choice":"Card Removal","damage_taken":7,"max_hp_gain":0,"max_hp_loss":0,"event_name":"Golden Wing","floor":5,"gold_loss":0},{"damage_healed":0,"gold_gain":0,"player_choice":"Ignored","damage_taken":0,"max_hp_gain":0,"max_hp_loss":0,"event_name":"Liars Game","floor":12,"gold_loss":0},{"damage_healed":0,"gold_gain":0,"player_choice":"Ignored","damage_taken":0,"max_hp_gain":0,"max_hp_loss":0,"event_name":"Vampires","floor":22,"gold_loss":0}],"is_beta":false,"boss_relics":[{"not_picked":["Astrolabe","Eternal Feather"],"picked":"Cursed Key"}],"items_purged_floors":[27],"is_endless":false,"potions_floor_spawned":[2,3,7,14,21,24],"killed_by":"Snake Plant","ascension_level":15}