{"gold_per_floor":[112,112,112,125,76,103,113,140,140,90,90,117,117,42,42,142,142,156,171,188,188],"floor_reached":21,"playtime":803,"items_purged":["Strike_B"],"score":347,"play_id":"1326b895-401d-4f9a-b330-17704703185d","local_time":"20190413122809","is_ascension_mode":true,"campfire_choices":[{"data":"Beam Cell","floor":11,"key":"SMITH"},{"data":"Dualcast","floor":13,"key":"SMITH"},{"data":"Lockon","floor":15,"key":"SMITH"}],"neow_cost":"NONE","seed_source_timestamp":4132152549075,"circlet_count":0,"master_deck":["Strike_B","Strike_B","Defend_B","Defend_B","Defend_B","Defend_B","Zap+1","Dualcast+1","Lockon+1","Beam Cell+1","Ball Lightning","Melter","Self Repair","Glacier","Conserve Battery","Echo Form","Loop","Go for the Eyes+1","Cold Snap+1"],"relics":["Cracked Core","PreservedInsect","Pen Nib","Unceasing Top","Meat on the Bone","Mango","Sozu"],"potions_floor_usage":[16,21],"damage_taken":[{"damage":2,"enemies":"Jaw Worm","floor":1,"turns":4},{"damage":15,"enemies":"2 Louse","floor":4,"turns":2},{"damage":10,"enemies":"3 Sentries","floor":6,"turns":5},{"damage":7,"enemies":"Small Slimes","floor":7,"turns":2},{"damage":0,"enemies":"Lagavulin","floor":8,"turns":4},{"damage":1,"enemies":"3 Sentries","floor":12,"turns":5},{"damage":30,"enemies":"Hexaghost","floor":16,"turns":7},{"damage":22,"enemies":"2 Thieves","floor":18,"turns":5},{"damage":37,"enemies":"3 Byrds","floor":19,"turns":5},{"damage":33,"enemies":"Sentry and Sphere","floor":20,"turns":6},{"damage":34,"enemies":"Shelled Parasite and Fungi","floor":21,"turns":3}],"seed_played":"7451788173185939848","potions_obtained":[{"floor":1,"key":"Ancient Potion"},{"floor":4,"key":"Ancient Potion"},{"floor":7,"key":"FocusPotion"},{"floor":16,"key":"PowerPotion"}],"is_trial":false,"path_per_floor":["M","?","?","M","$","E","M","E","T","?","R","E","R","$","R","B",null,"M","M","M","M"],"character_chosen":"DEFECT","items_purchased":["Ball Lightning"],"campfire_rested":0,"item_purchase_floors":[5],"current_hp_per_floor":[66,66,71,56,56,46,39,46,46,46,46,66,66,66,66,55,84,62,37,30,0],"gold":188,"neow_bonus":"RANDOM_COMMON_RELIC","is_prod":false,"is_daily":false,"chose_seed":false,"campfire_upgraded":3,"win_rate":0,"timestamp":1555183689,"path_taken":["M","?","?","M","$","E","M","E","T","?","R","E","R","$","R","BOSS","M","M","M","M"],"build_version":"2019-01-23","purchased_purges":1,"victory":false,"max_hp_per_floor":[75,75,80,80,80,80,80,80,80,80,80,94,94,94,94,94,94,94,94,94,94],"card_choices":[{"not_picked":["White Noise","Go for the Eyes"],"picked":"Lockon","floor":1},{"not_picked":["BootSequence","Tempest"],"picked":"Beam Cell","floor":4},{"not_picked":["Multi-Cast","Storm"],"picked":"Melter","floor":6},{"not_picked":["FTL","Chaos"],"picked":"Self Repair","floor":7},{"not_picked":["Barrage","Ball Lightning"],"picked":"Glacier","floor":8},{"not_picked":["Ball Lightning","Cold Snap"],"picked":"Conserve Battery","floor":12},{"not_picked":["Hyperbeam","Machine Learning"],"picked":"Echo Form","floor":16},{"not_picked":["Redo","Rebound+1"],"picked":"Loop","floor":18},{"not_picked":["Streamline","Turbo"],"picked":"Go for the Eyes+1","floor":19},{"not_picked":["Darkness","Reprogram"],"picked":"Cold Snap+1","floor":20}],"player_experience":223598,"relics_obtained":[{"floor":6,"key":"Pen Nib"},{"floor":8,"key":"Unceasing Top"},{"floor":9,"key":"Meat on the Bone"},{"floor":12,"key":"Mango"}],"event_choices":[{"damage_healed":0,"gold_gain":0,"player_choice":"Grow","damage_taken":0,"max_hp_gain":0,"max_hp_loss":0,"event_name":"Living Wall","floor":2,"gold_loss":0,"cards_upgraded":["Zap"]},{"damage_healed":0,"gold_gain":0,"player_choice":"Donut","damage_taken":0,"max_hp_gain":5,"max_hp_loss":0,"event_name":"Big Fish","floor":3,"gold_loss":0},{"cards_removed":["Strike_B"],"damage_healed":0,"gold_gain":0,"player_choice":"Card Removal","damage_taken":0,"max_hp_gain":0,"max_hp_loss":0,"event_name":"The Cleric","floor":10,"gold_loss":50}],"is_beta":false,"boss_relics":[{"not_picked":["Inserter","Lizard Tail"],"picked":"Sozu"}],"items_purged_floors":[14],"is_endless":false,"potions_floor_spawned":[1,4,7,16,18,19],"killed_by":"Shelled Parasite and Fungi","ascension_level":9}