{"gold_per_floor":[113,113,133,133,149,174,47,47,47,47,47,47,58,77,77,174,174,189,189,14,29,42,74,74,74,74,108,0,0,15,27,27,126,126,138,151,74,86,186,186,216,228,228,228,239,270,270,297,297,297],"floor_reached":51,"playtime":2493,"items_purged":["Strike_R","Defend_R"],"score":1075,"play_id":"db457596-e585-4a83-82a0-3952652b0d6b","local_time":"20190328123028","is_ascension_mode":true,"campfire_choices":[{"data":"Heavy Blade","floor":8,"key":"SMITH"},{"data":"Inflame","floor":11,"key":"SMITH"},{"floor":15,"key":"REST"},{"floor":25,"key":"REST"},{"floor":32,"key":"REST"},{"data":"Demon Form","floor":40,"key":"SMITH"},{"data":"Limit Break","floor":47,"key":"SMITH"},{"floor":49,"key":"REST"}],"neow_cost":"NONE","seed_source_timestamp":2721331438339,"circlet_count":0,"master_deck":["Defend_R","Defend_R","Defend_R","Bash","Heavy Blade+1","Armaments","Clothesline","Inflame+1","Shrug It Off","Limit Break+1","Shrug It Off","Immolate","Metallicize+1","Burning Pact","Shockwave","Sword Boomerang","Flame Barrier","Clothesline+1","Writhe","Feed","Disarm","Metallicize","Armaments","Cleave","Demon Form+1","Pummel","Metallicize","Madness","Madness","Dropkick","Uppercut"],"relics":["Burning Blood","Pantograph","Pear","StoneCalendar","Mark of Pain","Blood Vial","Torii","Darkstone Periapt","Incense Burner","Busted Crown","FossilizedHelix","PreservedInsect","Gremlin Horn","Peace Pipe","Question Card"],"potions_floor_usage":[6,23,27,27,29,48,48,50,50],"damage_taken":[{"damage":8,"enemies":"Jaw Worm","floor":1,"turns":5},{"damage":1,"enemies":"Cultist","floor":3,"turns":3},{"damage":12,"enemies":"2 Louse","floor":5,"turns":3},{"damage":50,"enemies":"Lagavulin","floor":6,"turns":7},{"damage":8,"enemies":"Blue Slaver","floor":13,"turns":4},{"damage":9,"enemies":"Large Slime","floor":14,"turns":4},{"damage":48,"enemies":"The Guardian","floor":16,"turns":8},{"damage":34,"enemies":"3 Byrds","floor":18,"turns":4},{"damage":22,"enemies":"Spheric Guardian","floor":21,"turns":4},{"damage":11,"enemies":"Chosen and Byrds","floor":22,"turns":6},{"damage":17,"enemies":"Slavers","floor":23,"turns":6},{"damage":36,"enemies":"Gremlin Leader","floor":27,"turns":7},{"damage":19,"enemies":"Colosseum Slavers","floor":29,"turns":4},{"damage":7,"enemies":"Snecko","floor":30,"turns":4},{"damage":9,"enemies":"Centurion and Healer","floor":31,"turns":7},{"damage":2,"enemies":"Champ","floor":33,"turns":9},{"damage":2,"enemies":"Orb Walker","floor":35,"turns":6},{"damage":42,"enemies":"3 Darklings","floor":36,"turns":7},{"damage":12,"enemies":"Maw","floor":38,"turns":8},{"damage":0,"enemies":"Mind Bloom Boss Battle","floor":39,"turns":5},{"damage":1,"enemies":"Nemesis","floor":41,"turns":7},{"damage":1,"enemies":"Spire Growth","floor":42,"turns":4},{"damage":24,"enemies":"3 Darklings","floor":45,"turns":5},{"damage":9,"enemies":"Giant Head","floor":46,"turns":7},{"damage":61,"enemies":"Reptomancer","floor":48,"turns":5},{"damage":68,"enemies":"Awakened One","floor":50,"turns":9}],"seed_played":"-1585955199024786040","potions_obtained":[{"floor":5,"key":"SteroidPotion"},{"floor":13,"key":"Block Potion"},{"floor":18,"key":"Swift Potion"},{"floor":23,"key":"SpeedPotion"},{"floor":27,"key":"SkillPotion"},{"floor":31,"key":"FearPotion"},{"floor":36,"key":"Fire Potion"},{"floor":45,"key":"Fire Potion"},{"floor":48,"key":"SteroidPotion"}],"is_trial":false,"path_per_floor":["M","?","M","?","M","E","$","R","T","?","R","?","M","M","R","B",null,"M","?","$","M","M","E","?","R","T","E","$","?","M","M","R","B",null,"M","M","$","M","?","R","E","M","T","?","M","E","R","E","R","B",null],"character_chosen":"IRONCLAD","items_purchased":["Shrug It Off","Shockwave","Disarm","Metallicize","Pummel"],"campfire_rested":4,"item_purchase_floors":[7,20,28,28,37],"current_hp_per_floor":[78,78,83,76,70,26,26,26,36,36,36,36,34,31,60,43,84,56,56,56,40,35,24,24,53,53,25,25,14,15,14,43,74,92,101,65,65,61,97,97,104,107,107,94,78,77,77,24,56,24],"gold":297,"neow_bonus":"TEN_PERCENT_HP_BONUS","is_prod":false,"is_daily":false,"chose_seed":false,"campfire_upgraded":4,"win_rate":0,"timestamp":1553797828,"path_taken":["M","?","?","?","M","E","$","R","T","?","R","?","?","M","R","BOSS","M","?","?","M","M","E","?","R","T","E","$","?","M","M","R","BOSS","M","M","$","M","?","R","E","M","T","?","M","E","R","E","R","BOSS"],"build_version":"2019-01-23","purchased_purges":2,"victory":true,"max_hp_per_floor":[88,88,88,88,88,88,88,88,98,98,98,98,98,98,98,98,98,98,98,98,98,98,98,98,98,98,98,98,98,98,98,98,98,98,101,101,101,101,104,104,104,107,107,107,107,107,107,107,107,110],"card_choices":[{"not_picked":["Infernal Blade","Fire Breathing"],"picked":"Heavy Blade","floor":1},{"not_picked":["Flex","Heavy Blade"],"picked":"Armaments","floor":3},{"not_picked":["Reckless Charge","Sword Boomerang"],"picked":"Clothesline","floor":5},{"not_picked":["Searing Blow","Rupture"],"picked":"Inflame","floor":6},{"not_picked":["Armaments","Intimidate"],"picked":"Limit Break","floor":13},{"not_picked":["Pommel Strike","Clash"],"picked":"Shrug It Off","floor":14},{"not_picked":["Dark Embrace","Juggernaut"],"picked":"Immolate","floor":16},{"not_picked":["Cleave","Flex"],"picked":"Metallicize+1","floor":18},{"not_picked":["Anger+1","Rupture+1"],"picked":"Sword Boomerang","floor":21},{"not_picked":["Ghostly Armor","Cleave"],"picked":"Flame Barrier","floor":22},{"not_picked":["Second Wind","Thunderclap"],"picked":"Clothesline+1","floor":23},{"not_picked":["True Grit","Thunderclap"],"picked":"Feed","floor":27},{"not_picked":["Anger","Warcry"],"picked":"Armaments","floor":30},{"not_picked":["Armaments+1","Sword Boomerang+1"],"picked":"Cleave","floor":31},{"not_picked":["Immolate","Feed"],"picked":"Demon Form","floor":33},{"not_picked":["Sword Boomerang"],"picked":"SKIP","floor":35},{"not_picked":["Infernal Blade+1"],"picked":"SKIP","floor":36},{"not_picked":["Body Slam"],"picked":"SKIP","floor":38},{"not_picked":[],"picked":"Metallicize","floor":41},{"not_picked":["Intimidate+1"],"picked":"SKIP","floor":42},{"not_picked":[],"picked":"Dropkick","floor":45},{"not_picked":[],"picked":"Uppercut","floor":46},{"not_picked":["Clash+1"],"picked":"SKIP","floor":48}],"player_experience":344701,"relics_obtained":[{"floor":6,"key":"Pantograph"},{"floor":9,"key":"Pear"},{"floor":23,"key":"Blood Vial"},{"floor":26,"key":"Darkstone Periapt"},{"floor":27,"key":"Incense Burner"},{"floor":39,"key":"FossilizedHelix"},{"floor":41,"key":"PreservedInsect"},{"floor":43,"key":"Gremlin Horn"},{"floor":46,"key":"Peace Pipe"},{"floor":48,"key":"Question Card"}],"event_choices":[{"damage_healed":0,"gold_gain":0,"cards_transformed":["Strike_R"],"player_choice":"Transformed","damage_taken":0,"max_hp_gain":0,"max_hp_loss":0,"event_name":"Transmorgrifier","floor":2,"gold_loss":0,"cards_obtained":["Iron Wave"]},{"cards_removed":["Strike_R"],"damage_healed":0,"gold_gain":0,"player_choice":"Card Removal","damage_taken":7,"max_hp_gain":0,"max_hp_loss":0,"event_name":"Golden Wing","floor":4,"gold_loss":0},{"cards_removed":["Strike_R"],"damage_healed":0,"gold_gain":0,"player_choice":"Forget","damage_taken":0,"max_hp_gain":0,"max_hp_loss":0,"event_name":"Living Wall","floor":10,"gold_loss":0},{"cards_removed":["Iron Wave"],"damage_healed":0,"gold_gain":0,"player_choice":"Gave Card","damage_taken":0,"relics_obtained":["StoneCalendar"],"max_hp_gain":0,"max_hp_loss":0,"event_name":"WeMeetAgain","floor":12,"gold_loss":0},{"damage_healed":0,"gold_gain":0,"cards_transformed":["Strike_R"],"player_choice":"Transformed","damage_taken":0,"max_hp_gain":0,"max_hp_loss":0,"event_name":"Transmorgrifier","floor":19,"gold_loss":0,"cards_obtained":["Burning Pact"]},{"damage_healed":0,"gold_gain":0,"player_choice":"Opened","damage_taken":0,"relics_obtained":["Torii"],"max_hp_gain":0,"max_hp_loss":0,"event_name":"The Mausoleum","floor":24,"gold_loss":0,"cards_obtained":["Writhe"]},{"damage_healed":0,"gold_gain":0,"player_choice":"Fight","damage_taken":0,"max_hp_gain":0,"max_hp_loss":0,"event_name":"Colosseum","floor":29,"gold_loss":0},{"damage_healed":0,"gold_gain":0,"player_choice":"Fled From Nobs","damage_taken":0,"max_hp_gain":0,"max_hp_loss":0,"event_name":"Colosseum","floor":29,"gold_loss":0},{"damage_healed":0,"gold_gain":0,"player_choice":"Fight","damage_taken":0,"max_hp_gain":0,"max_hp_loss":0,"event_name":"MindBloom","floor":39,"gold_loss":0},{"damage_healed":0,"gold_gain":0,"player_choice":"Embrace Madness","damage_taken":13,"max_hp_gain":0,"max_hp_loss":0,"event_name":"Winding Halls","floor":44,"gold_loss":0,"cards_obtained":["Madness","Madness"]}],"is_beta":false,"boss_relics":[{"not_picked":["White Beast Statue","Coffee Dripper"],"picked":"Mark of Pain"},{"not_picked":["Astrolabe","Runic Pyramid"],"picked":"Busted Crown"}],"items_purged_floors":[7,20],"is_endless":false,"potions_floor_spawned":[5,13,18,23,27,29,31,36,45,48],"ascension_level":6}