{"gold_per_floor":[113,124,124,2,2,2,15,31,80,80,113,31,46,62,62,165,215,215,140,157,6,22,54,54,54,54,54,70,32,45,56,56,158,158,173,73,85,85],"floor_reached":38,"playtime":1321,"items_purged":["Defend_B","Strike_B"],"score":483,"play_id":"bb7aafcf-d527-4af0-af4a-78d43a808c00","local_time":"20190502211550","is_ascension_mode":true,"campfire_choices":[{"data":"Defragment","floor":6,"key":"SMITH"},{"floor":15,"key":"REST"},{"floor":24,"key":"REST"},{"floor":27,"key":"REST"},{"floor":32,"key":"REST"}],"neow_cost":"NONE","seed_source_timestamp":467664741621100,"circlet_count":0,"master_deck":["Strike_B","Strike_B","Defend_B+1","Defend_B+1","Zap+1","Dualcast","Coolheaded","Sunder","Defragment+1","Coolheaded","FTL","Multi-Cast","Defragment","Coolheaded","Static Discharge","Rainbow","Consume","Melter","Thunder Strike","FTL","Glacier+1","Static Discharge","Static Discharge","Static Discharge","Seek","Storm","FTL"],"relics":["Cracked Core","NeowsBlessing","CultistMask","War Paint","Boot","Tiny House","Orichalcum","Busted Crown"],"potions_floor_usage":[8,8,13,18,20,23,31,33,35],"damage_taken":[{"damage":0,"enemies":"Jaw Worm","floor":1,"turns":1},{"damage":0,"enemies":"Cultist","floor":2,"turns":1},{"damage":0,"enemies":"Small Slimes","floor":7,"turns":1},{"damage":3,"enemies":"Exordium Thugs","floor":8,"turns":3},{"damage":20,"enemies":"Lagavulin","floor":11,"turns":7},{"damage":6,"enemies":"Blue Slaver","floor":13,"turns":3},{"damage":5,"enemies":"Red Slaver","floor":14,"turns":4},{"damage":40,"enemies":"The Guardian","floor":16,"turns":17},{"damage":0,"enemies":"Chosen","floor":18,"turns":1},{"damage":12,"enemies":"3 Byrds","floor":20,"turns":4},{"damage":7,"enemies":"Snecko","floor":22,"turns":4},{"damage":60,"enemies":"Slavers","floor":23,"turns":4},{"damage":4,"enemies":"Centurion and Healer","floor":28,"turns":7},{"damage":9,"enemies":"3 Cultists","floor":30,"turns":4},{"damage":5,"enemies":"Snake Plant","floor":31,"turns":5},{"damage":13,"enemies":"Champ","floor":33,"turns":13},{"damage":27,"enemies":"3 Shapes","floor":35,"turns":5},{"damage":10,"enemies":"Orb Walker","floor":37,"turns":3},{"damage":43,"enemies":"Jaw Worm Horde","floor":38,"turns":2}],"seed_played":"-5816787975796337933","potions_obtained":[{"floor":2,"key":"Block Potion"},{"floor":11,"key":"Regen Potion"},{"floor":14,"key":"SpeedPotion"},{"floor":16,"key":"SmokeBomb"},{"floor":17,"key":"PowerPotion"},{"floor":20,"key":"GamblersBrew"},{"floor":31,"key":"Weak Potion"},{"floor":33,"key":"FearPotion"}],"is_trial":false,"path_per_floor":["M","M","?","$","$","R","M","M","T","?","E","$","M","M","R","B",null,"M","?","M","$","M","E","R","?","T","R","M","$","M","M","R","B",null,"M","$","M","M"],"character_chosen":"DEFECT","items_purchased":["Defragment","Explosive Potion","Defragment","Thunder Strike","Static Discharge"],"campfire_rested":4,"item_purchase_floors":[4,4,12,21,29],"current_hp_per_floor":[75,75,75,75,75,75,75,72,72,65,45,45,48,43,65,25,80,80,80,68,68,61,1,25,25,25,49,45,45,36,31,55,42,80,53,53,43,0],"gold":85,"neow_bonus":"THREE_ENEMY_KILL","is_prod":false,"is_daily":false,"chose_seed":false,"campfire_upgraded":1,"win_rate":0,"timestamp":1556856950,"path_taken":["M","M","?","?","$","R","?","M","T","?","E","?","M","M","R","BOSS","M","?","M","$","M","E","R","?","T","R","?","?","M","M","R","BOSS","M","$","?","M"],"build_version":"2019-01-23","purchased_purges":2,"victory":false,"max_hp_per_floor":[75,75,75,75,75,75,75,75,75,75,75,75,75,75,75,75,80,80,80,80,80,80,80,80,80,80,80,80,80,80,80,80,80,80,80,80,80,80],"card_choices":[{"not_picked":["Sweeping Beam","Auto Shields"],"picked":"Coolheaded","floor":1},{"not_picked":["Go for the Eyes","White Noise"],"picked":"Sunder","floor":2},{"not_picked":["Beam Cell","Doom and Gloom"],"picked":"Coolheaded","floor":7},{"not_picked":["Undo","Hologram"],"picked":"FTL","floor":8},{"not_picked":["Lockon","Steam Power"],"picked":"Multi-Cast","floor":11},{"not_picked":["Beam Cell","Hologram"],"picked":"Coolheaded","floor":13},{"not_picked":["Turbo","Beam Cell"],"picked":"Static Discharge","floor":14},{"not_picked":["Hyperbeam","Seek"],"picked":"Rainbow","floor":16},{"not_picked":["Steam","Streamline"],"picked":"Consume","floor":17},{"not_picked":["Turbo","Cold Snap"],"picked":"Melter","floor":20},{"not_picked":["Lockon","Beam Cell"],"picked":"FTL","floor":22},{"not_picked":["Ball Lightning","Go for the Eyes"],"picked":"Glacier+1","floor":23},{"not_picked":["Streamline","Skim","Gash"],"picked":"SKIP","floor":28},{"not_picked":["Storm","Hyperbeam","Compile Driver"],"picked":"SKIP","floor":30},{"not_picked":["Coolheaded","Gash"],"picked":"Static Discharge","floor":31},{"not_picked":["Reboot","Machine Learning"],"picked":"Seek","floor":33},{"not_picked":[],"picked":"Storm","floor":35},{"not_picked":[],"picked":"FTL","floor":37}],"player_experience":526889,"relics_obtained":[{"floor":9,"key":"War Paint"},{"floor":11,"key":"Boot"},{"floor":23,"key":"Orichalcum"}],"event_choices":[{"damage_healed":0,"gold_gain":0,"player_choice":"Trade","damage_taken":0,"relics_obtained":["CultistMask"],"max_hp_gain":0,"max_hp_loss":0,"event_name":"FaceTrader","floor":3,"gold_loss":0},{"cards_removed":["Strike_B"],"damage_healed":0,"gold_gain":0,"player_choice":"Card Removal","damage_taken":7,"max_hp_gain":0,"max_hp_loss":0,"event_name":"Golden Wing","floor":10,"gold_loss":0},{"cards_removed":["Defend_B"],"damage_healed":0,"gold_gain":0,"player_choice":"Gave Gold","damage_taken":0,"max_hp_gain":0,"max_hp_loss":0,"event_name":"Beggar","floor":19,"gold_loss":75},{"damage_healed":0,"gold_gain":0,"player_choice":"Copied","damage_taken":0,"max_hp_gain":0,"max_hp_loss":0,"event_name":"Duplicator","floor":25,"gold_loss":0,"cards_obtained":["Static Discharge"]}],"is_beta":false,"boss_relics":[{"not_picked":["FrozenCore","Runic Pyramid"],"picked":"Tiny House"},{"not_picked":["Cursed Key","Black Star"],"picked":"Busted Crown"}],"items_purged_floors":[21,36],"is_endless":false,"potions_floor_spawned":[2,11,14,16,18,20,31,33],"killed_by":"Jaw Worm Horde","ascension_level":3}