{"gold_per_floor":[115,130,6,6,25,25,35,362,434,36,36,47,47,73,73,168,168,186,205,205,31,47,47,63,63,63,63,63,63,63,79,79,181,181,191,29,46,62,62],"floor_reached":39,"playtime":1159,"items_purged":[],"score":436,"play_id":"8cae2630-e69c-4b9b-b962-29a439ea3fb2","local_time":"20181216215555","is_ascension_mode":true,"campfire_choices":[{"floor":6,"key":"REST"},{"floor":11,"key":"REST"},{"floor":13,"key":"REST"},{"data":"Defragment","floor":15,"key":"SMITH"},{"floor":23,"key":"REST"},{"floor":25,"key":"REST"},{"floor":27,"key":"REST"},{"data":"Defragment","floor":29,"key":"SMITH"},{"floor":32,"key":"REST"}],"neow_cost":"NONE","seed_source_timestamp":55281316337173,"circlet_count":0,"master_deck":["Strike_B","Strike_B+1","Defend_B","Defend_B","Defend_B","Zap","Dualcast","Rebound+1","Defragment+1","Capacitor","Lockon","Ball Lightning","BootSequence","Ball Lightning","Defragment+1","Thunder Strike","Coolheaded","Hologram","Streamline","Conserve Battery+1","Conserve Battery","Rainbow","Thunder Strike","Biased Cognition+1","Rainbow+1","Self Repair+1","Static Discharge+1","Electrodynamics","Stack+1","FTL"],"relics":["Cracked Core","Old Coin","Bottled Flame","Mango","Smiling Mask","Sozu","DataDisk","Bronze Scales","Bag of Marbles","Astrolabe"],"potions_floor_usage":[5,5,14,14,14,18],"damage_taken":[{"damage":10,"enemies":"2 Louse","floor":1,"turns":2},{"damage":12,"enemies":"Small Slimes","floor":2,"turns":2},{"damage":11,"enemies":"Jaw Worm","floor":5,"turns":2},{"damage":15,"enemies":"Exordium Wildlife","floor":7,"turns":4},{"damage":26,"enemies":"Lagavulin","floor":8,"turns":5},{"damage":0,"enemies":"2 Fungi Beasts","floor":12,"turns":3},{"damage":11,"enemies":"3 Sentries","floor":14,"turns":4},{"damage":37,"enemies":"The Guardian","floor":16,"turns":8},{"damage":50,"enemies":"3 Byrds","floor":18,"turns":5},{"damage":0,"enemies":"Spheric Guardian","floor":19,"turns":3},{"damage":22,"enemies":"Colosseum Slavers","floor":20,"turns":3},{"damage":15,"enemies":"Snecko","floor":22,"turns":3},{"damage":27,"enemies":"Snake Plant","floor":24,"turns":3},{"damage":22,"enemies":"Shelled Parasite and Fungi","floor":31,"turns":5},{"damage":71,"enemies":"Automaton","floor":33,"turns":10},{"damage":27,"enemies":"3 Shapes","floor":35,"turns":4},{"damage":0,"enemies":"Orb Walker","floor":37,"turns":3},{"damage":22,"enemies":"Spire Growth","floor":38,"turns":4},{"damage":49,"enemies":"Maw","floor":39,"turns":5}],"seed_played":"7794660279869650121","potions_obtained":[{"floor":1,"key":"LiquidBronze"},{"floor":5,"key":"Dexterity Potion"},{"floor":8,"key":"Strength Potion"},{"floor":16,"key":"PowerPotion"}],"is_trial":false,"path_per_floor":["M","M","$","?","M","R","M","E","T","$","R","M","R","E","R","B",null,"M","M","?","$","M","R","M","R","T","R","?","R","?","M","R","B",null,"M","$","M","M","M"],"character_chosen":"DEFECT","items_purchased":["Capacitor","SteroidPotion","Mango","Ball Lightning","Poison Potion","DataDisk","Streamline","Electrodynamics"],"campfire_rested":7,"item_purchase_floors":[3,3,10,10,10,21,21,36],"current_hp_per_floor":[72,60,60,44,33,57,42,16,16,30,58,58,86,75,75,38,96,46,46,24,24,9,37,10,38,38,66,66,66,66,44,72,1,96,69,69,69,47,0],"gold":62,"neow_bonus":"TEN_PERCENT_HP_BONUS","is_prod":false,"is_daily":false,"chose_seed":false,"campfire_upgraded":2,"win_rate":0,"timestamp":1545026155,"path_taken":["M","M","$","?","M","R","M","E","T","$","R","M","R","E","R","BOSS","M","M","?","$","M","R","M","R","T","R","?","R","?","M","R","BOSS","M","$","M","M","M"],"build_version":"2018-12-13","purchased_purges":0,"victory":false,"max_hp_per_floor":[82,82,82,82,82,82,82,82,82,96,96,96,96,96,96,96,96,96,96,96,96,96,96,96,96,96,96,96,96,96,96,96,96,96,96,96,96,96,96],"card_choices":[{"not_picked":["Rip and Tear","Undo"],"picked":"Rebound","floor":1},{"not_picked":["Turbo","Leap"],"picked":"Defragment","floor":2},{"not_picked":["Barrage","Sunder"],"picked":"Lockon","floor":5},{"not_picked":["Reprogram","Steam"],"picked":"Ball Lightning","floor":7},{"not_picked":["Cold Snap","Gash"],"picked":"BootSequence","floor":8},{"not_picked":["Steam","Go for the Eyes"],"picked":"Defragment","floor":12},{"not_picked":["Coolheaded","Reprogram","Rip and Tear"],"picked":"SKIP","floor":14},{"not_picked":["All For One","Core Surge"],"picked":"Thunder Strike","floor":16},{"not_picked":["Ball Lightning","Steam+1"],"picked":"Coolheaded","floor":18},{"not_picked":["Compile Driver","Storm"],"picked":"Hologram","floor":19},{"not_picked":["Compile Driver","Skim+1"],"picked":"Conserve Battery+1","floor":22},{"not_picked":["Hologram","Hello World"],"picked":"Conserve Battery","floor":24},{"not_picked":["Turbo","Self Repair"],"picked":"Rainbow","floor":31},{"not_picked":["Rainbow","Echo Form"],"picked":"Thunder Strike","floor":33},{"not_picked":["Hologram+1","FTL"],"picked":"Static Discharge+1","floor":35},{"not_picked":["Self Repair+1","Hologram+1"],"picked":"Stack+1","floor":37},{"not_picked":["Sunder","Ball Lightning"],"picked":"FTL","floor":38}],"player_experience":284290,"relics_obtained":[{"floor":8,"key":"Old Coin"},{"floor":9,"key":"Bottled Flame"},{"floor":14,"key":"Smiling Mask"},{"floor":26,"key":"Bronze Scales"}],"event_choices":[{"damage_healed":0,"gold_gain":0,"player_choice":"Entered Light","damage_taken":16,"max_hp_gain":0,"max_hp_loss":0,"event_name":"Shining Light","floor":4,"gold_loss":0,"cards_upgraded":["Strike_B","Rebound"]},{"damage_healed":0,"gold_gain":0,"player_choice":"Fight","damage_taken":0,"max_hp_gain":0,"max_hp_loss":0,"event_name":"Colosseum","floor":20,"gold_loss":0},{"damage_healed":0,"gold_gain":0,"player_choice":"Fled From Nobs","damage_taken":0,"max_hp_gain":0,"max_hp_loss":0,"event_name":"Colosseum","floor":20,"gold_loss":0},{"damage_healed":0,"gold_gain":0,"player_choice":"Ignored","damage_taken":0,"max_hp_gain":0,"max_hp_loss":0,"event_name":"Ghosts","floor":28,"gold_loss":0},{"damage_healed":0,"gold_gain":0,"player_choice":"Opened","damage_taken":0,"relics_obtained":["Bag of Marbles"],"max_hp_gain":0,"max_hp_loss":0,"event_name":"The Mausoleum","floor":30,"gold_loss":0}],"is_beta":false,"boss_relics":[{"not_picked":["White Beast Statue","FrozenCore"],"picked":"Sozu"},{"not_picked":["Calling Bell","Snecko Eye"],"picked":"Astrolabe"}],"items_purged_floors":[],"is_endless":false,"potions_floor_spawned":[1,5,8,16,19,20,31,35,37],"killed_by":"Maw","ascension_level":1}