{"gold_per_floor":[218,235,235,247,264,296,296,324,324,324,342,368,126,146,146,241,241,252,269,283,183,195,195,221,221,221,221,256,206,206,222,222,222],"floor_reached":33,"playtime":1921,"items_purged":["Strike_R","Cleave"],"score":384,"play_id":"0cc54e20-6966-49e0-a2e5-1edfea060b37","local_time":"20180818113141","is_ascension_mode":true,"campfire_choices":[{"data":"Bash","floor":7,"key":"SMITH"},{"floor":10,"key":"REST"},{"data":"Shrug It Off","floor":15,"key":"SMITH"},{"data":"Armaments","floor":23,"key":"SMITH"},{"data":"True Grit","floor":27,"key":"SMITH"},{"floor":30,"key":"REST"},{"data":"Dual Wield","floor":32,"key":"SMITH"}],"neow_cost":"NONE","seed_source_timestamp":261071935053534,"circlet_count":0,"master_deck":["Bash+1","Clash","Shrug It Off+1","Cleave+1","Clash+1","Mind Blast+1","Dropkick+1","Impervious","Dual Wield+1","Fire Breathing","True Grit+1","Heavy Blade+1","Armaments+1","Flame Barrier","Uppercut+1","Sentinel","Cleave+1","Iron Wave+1","Metallicize","Inflame","Pummel+1","Iron Wave+1"],"relics":["Burning Blood","Anchor","Centennial Puzzle","Molten Egg 2","Vajra","Paper Frog","Pandora\u0027s Box","Du-Vu Doll","Letter Opener","Boot"],"potions_floor_usage":[5,6,12,16,18,31,33,33],"damage_taken":[{"damage":7,"enemies":"Jaw Worm","floor":1,"turns":3},{"damage":6,"enemies":"Cultist","floor":2,"turns":3},{"damage":0,"enemies":"2 Louse","floor":4,"turns":4},{"damage":7,"enemies":"Lots of Slimes","floor":5,"turns":4},{"damage":30,"enemies":"Lagavulin","floor":6,"turns":4},{"damage":30,"enemies":"3 Sentries","floor":8,"turns":7},{"damage":0,"enemies":"Blue Slaver","floor":11,"turns":2},{"damage":20,"enemies":"Lagavulin","floor":12,"turns":6},{"damage":0,"enemies":"Looter","floor":14,"turns":2},{"damage":20,"enemies":"The Guardian","floor":16,"turns":6},{"damage":6,"enemies":"3 Byrds","floor":18,"turns":5},{"damage":0,"enemies":"Chosen","floor":19,"turns":3},{"damage":9,"enemies":"Snake Plant","floor":20,"turns":4},{"damage":6,"enemies":"Cultist and Chosen","floor":22,"turns":6},{"damage":9,"enemies":"Gremlin Leader","floor":24,"turns":4},{"damage":29,"enemies":"Book of Stabbing","floor":28,"turns":6},{"damage":5,"enemies":"Shelled Parasite and Fungi","floor":31,"turns":5},{"damage":97,"enemies":"Champ","floor":33,"turns":12}],"seed_played":"-6581327887976384494","potions_obtained":[{"floor":1,"key":"Swift Potion"},{"floor":2,"key":"Strength Potion"},{"floor":8,"key":"SmokeBomb"},{"floor":11,"key":"Regen Potion"},{"floor":12,"key":"Weak Potion"},{"floor":18,"key":"Explosive Potion"},{"floor":19,"key":"Block Potion"},{"floor":28,"key":"SteroidPotion"}],"is_trial":false,"path_per_floor":["M","M","?","M","M","E","R","E","T","R","M","E","$","M","R","B",null,"M","M","M","$","M","R","E","?","T","R","E","?","R","M","R"],"character_chosen":"IRONCLAD","items_purchased":["Clash+1","Mind Blast+1","Strength Potion"],"campfire_rested":2,"item_purchase_floors":[13,13,13],"current_hp_per_floor":[79,79,67,73,72,48,48,24,24,48,54,55,55,61,61,47,72,72,78,75,75,75,75,72,72,72,72,49,49,73,74,74,0],"gold":222,"neow_bonus":"HUNDRED_GOLD","is_prod":false,"is_daily":false,"chose_seed":false,"campfire_upgraded":5,"win_rate":0,"timestamp":1534617101,"path_taken":["M","M","?","M","M","E","R","E","T","R","?","E","?","M","R","BOSS","M","M","M","$","M","R","E","?","T","R","E","?","R","M","R","BOSS"],"build_version":"2018-08-16","purchased_purges":2,"victory":false,"max_hp_per_floor":[80,80,80,80,80,80,80,80,80,80,80,80,80,80,80,80,80,80,80,80,80,80,80,80,80,80,80,80,80,80,80,80,80],"card_choices":[{"not_picked":["Whirlwind","Headbutt"],"picked":"Clash","floor":1},{"not_picked":["Body Slam","Wild Strike","Perfected Strike"],"picked":"SKIP","floor":2},{"not_picked":["Battle Trance","Pommel Strike"],"picked":"Iron Wave","floor":4},{"not_picked":["Flex","Intimidate"],"picked":"Cleave","floor":5},{"not_picked":["Reckless Charge","Perfected Strike","Rage"],"picked":"SKIP","floor":6},{"not_picked":["Dark Embrace","Warcry","Feel No Pain"],"picked":"SKIP","floor":8},{"not_picked":["Rage","Pommel Strike+1"],"picked":"Shrug It Off","floor":11},{"not_picked":["Seeing Red","Armaments"],"picked":"Cleave+1","floor":12},{"not_picked":["Berserk","Cleave+1"],"picked":"Dropkick+1","floor":14},{"not_picked":["Exhume","Dark Embrace"],"picked":"Impervious","floor":16},{"not_picked":["Sentinel","Reckless Charge+1"],"picked":"Cleave+1","floor":18},{"not_picked":["Dual Wield","Second Wind"],"picked":"Iron Wave+1","floor":19},{"not_picked":["Uppercut+1","Clothesline+1"],"picked":"Metallicize","floor":20},{"not_picked":["Blood for Blood+1","Dual Wield"],"picked":"Inflame","floor":22},{"not_picked":["Havoc","Shockwave","Double Tap"],"picked":"SKIP","floor":24},{"not_picked":["Flame Barrier","Dark Embrace"],"picked":"Pummel+1","floor":28},{"not_picked":["Armaments","Combust+1"],"picked":"Iron Wave+1","floor":31}],"player_experience":93332,"relics_obtained":[{"floor":6,"key":"Centennial Puzzle"},{"floor":8,"key":"Molten Egg 2"},{"floor":9,"key":"Vajra"},{"floor":12,"key":"Paper Frog"},{"floor":24,"key":"Du-Vu Doll"},{"floor":26,"key":"Letter Opener"},{"floor":28,"key":"Boot"}],"event_choices":[{"event_name":"Scrap Ooze","player_choice":"success","floor":3,"damage_taken":12},{"event_name":"Back to Basics","player_choice":"Elegance","floor":25,"damage_taken":0},{"event_name":"The Joust","player_choice":"Bet on Murderer","floor":29,"damage_taken":0}],"is_beta":false,"boss_relics":[{"not_picked":["Ectoplasm","Eternal Feather"],"picked":"Pandora\u0027s Box"}],"items_purged_floors":[13,21],"is_endless":false,"potions_floor_spawned":[1,2,8,11,12,18,19,28],"killed_by":"Champ","ascension_level":5}