{"gold_per_floor":[213,213,225,101,101,136,136,167,193,207,232,232,33,33,33,138,138,152,152,166,70,70,70,70],"floor_reached":24,"playtime":1672,"items_purged":["Strike_R","Strike_R","Strike_R"],"score":252,"play_id":"52b01e37-4ef0-4466-8953-300da72314c3","local_time":"20190310121542","is_ascension_mode":true,"campfire_choices":[{"floor":7,"key":"REST"},{"floor":12,"key":"REST"},{"data":"Demon Form","floor":15,"key":"SMITH"},{"data":"Flame Barrier","floor":23,"key":"SMITH"}],"neow_cost":"NONE","seed_source_timestamp":702345510258439,"circlet_count":0,"master_deck":["Defend_R","Defend_R","Defend_R","Defend_R","Bash+1","Shrug It Off","Body Slam+1","Pommel Strike","Rampage","Armaments","Demon Form+1","Sword Boomerang","Demon Form","Flame Barrier+1","True Grit","Thunderclap","Heavy Blade","Shrug It Off","Whirlwind+1","Pommel Strike","Shrug It Off"],"relics":["Burning Blood","Strawberry","Boot","Smiling Mask","Magic Flower","Orrery"],"potions_floor_usage":[6,6,8,11,16,18,24],"damage_taken":[{"damage":17,"enemies":"2 Louse","floor":1,"turns":3},{"damage":1,"enemies":"Jaw Worm","floor":3,"turns":5},{"damage":35,"enemies":"Gremlin Nob","floor":6,"turns":4},{"damage":25,"enemies":"3 Sentries","floor":8,"turns":8},{"damage":1,"enemies":"Cultist","floor":10,"turns":3},{"damage":20,"enemies":"Lagavulin","floor":11,"turns":5},{"damage":43,"enemies":"Slime Boss","floor":16,"turns":9},{"damage":53,"enemies":"3 Byrds","floor":18,"turns":6},{"damage":26,"enemies":"Shell Parasite","floor":20,"turns":6},{"damage":83,"enemies":"Slavers","floor":24,"turns":4}],"seed_played":"7496909044761540897","potions_obtained":[{"floor":1,"key":"SkillPotion"},{"floor":6,"key":"SkillPotion"},{"floor":10,"key":"SkillPotion"},{"floor":20,"key":"PowerPotion"}],"is_trial":false,"path_per_floor":["?","?","?","?","M","$","?"],"character_chosen":"IRONCLAD","items_purchased":["Poison Potion","Sword Boomerang","Regen Potion","Explosive Potion","Shrug It Off"],"campfire_rested":2,"item_purchase_floors":[4,13,13,13,21],"current_hp_per_floor":[69,62,67,67,51,29,55,36,36,41,27,53,53,53,53,43,87,43,87,70,70,70,70,0],"gold":70,"neow_bonus":"HUNDRED_GOLD","is_prod":false,"is_daily":false,"chose_seed":false,"campfire_upgraded":2,"win_rate":0,"timestamp":1552241742,"path_taken":["M","?","M","$","?","E","R","E","T","M","E","R","$","?","R","BOSS","M","?","?","?","?","R","E"],"build_version":"2019-01-23","purchased_purges":3,"victory":false,"max_hp_per_floor":[80,80,80,80,80,87,87,87,87,87,87,87,87,87,87,87,87,87,87,87,87,87,87,87],"card_choices":[{"not_picked":["Rampage","Ghostly Armor"],"picked":"Shrug It Off","floor":1},{"not_picked":["Dropkick","Bloodletting"],"picked":"Body Slam","floor":3},{"not_picked":["Bloodletting","Headbutt"],"picked":"Pommel Strike","floor":6},{"not_picked":["Hemokinesis","Flex"],"picked":"Rampage","floor":8},{"not_picked":["Combust","Carnage"],"picked":"Armaments","floor":10},{"not_picked":["Cleave","Iron Wave"],"picked":"Demon Form","floor":11},{"not_picked":["Bludgeon","Double Tap"],"picked":"Demon Form","floor":16},{"not_picked":["Pommel Strike","True Grit"],"picked":"Flame Barrier","floor":17},{"not_picked":["Warcry","Intimidate"],"picked":"True Grit","floor":17},{"not_picked":["True Grit","Cleave"],"picked":"Thunderclap","floor":17},{"not_picked":["True Grit","Havoc"],"picked":"Heavy Blade","floor":17},{"not_picked":["Wild Strike","Warcry"],"picked":"Shrug It Off","floor":17},{"not_picked":["Uppercut","Iron Wave"],"picked":"Whirlwind+1","floor":18},{"not_picked":["Bludgeon","Inflame"],"picked":"Pommel Strike","floor":20}],"player_experience":177211,"relics_obtained":[{"floor":6,"key":"Strawberry"},{"floor":8,"key":"Boot"},{"floor":9,"key":"Smiling Mask"},{"floor":11,"key":"Magic Flower"}],"event_choices":[{"cards_removed":["Strike_R"],"damage_healed":0,"gold_gain":0,"player_choice":"Card Removal","damage_taken":7,"max_hp_gain":0,"max_hp_loss":0,"event_name":"Golden Wing","floor":2,"gold_loss":0},{"damage_healed":0,"gold_gain":0,"player_choice":"Entered Light","damage_taken":16,"max_hp_gain":0,"max_hp_loss":0,"event_name":"Shining Light","floor":5,"gold_loss":0,"cards_upgraded":["Bash","Body Slam"]},{"damage_healed":0,"gold_gain":0,"player_choice":"Leave","damage_taken":0,"max_hp_gain":0,"max_hp_loss":0,"event_name":"The Cleric","floor":14,"gold_loss":0},{"damage_healed":44,"gold_gain":0,"player_choice":"Full Heal","damage_taken":0,"max_hp_gain":0,"max_hp_loss":0,"event_name":"Wheel of Change","floor":19,"gold_loss":0},{"cards_removed":["Strike_R"],"damage_healed":0,"gold_gain":0,"player_choice":"Purged","damage_taken":0,"max_hp_gain":0,"max_hp_loss":0,"event_name":"Purifier","floor":22,"gold_loss":0}],"is_beta":false,"boss_relics":[{"not_picked":["Lizard Tail","Black Blood"],"picked":"Orrery"}],"items_purged_floors":[4,13,21],"is_endless":false,"potions_floor_spawned":[1,6,10,20],"killed_by":"Slavers","ascension_level":4}