{"gold_per_floor":[114,131,150,165,185,185,217,217,296,309,309,336,336,362,362,461,461,479,489,502,512,526,526,5,31,31,31,43,53,88,99,99,199,199,216,226,238,61,81,107,107],"floor_reached":41,"playtime":2138,"items_purged":["Strike_R"],"score":566,"play_id":"c75a915c-45a6-4a68-84da-ea6c8c7f3056","local_time":"20190126135417","is_ascension_mode":false,"campfire_choices":[{"data":"Bash","floor":6,"key":"SMITH"},{"data":"Armaments","floor":8,"key":"SMITH"},{"data":"True Grit","floor":11,"key":"SMITH"},{"data":"Inflame","floor":15,"key":"SMITH"},{"data":"Shrug It Off","floor":23,"key":"SMITH"},{"data":"Defend_R","floor":32,"key":"SMITH"}],"neow_cost":"NONE","seed_source_timestamp":1443904045001033,"circlet_count":0,"master_deck":["Strike_R","Strike_R","Strike_R+1","Defend_R","Defend_R","Defend_R","Defend_R+1","Bash+1","Armaments+1","Cleave+1","True Grit+1","Shrug It Off+1","Reaper+1","Inflame+1","Clothesline+1","Iron Wave+1","Feed+1","Disarm+1","Whirlwind+1","Juggernaut","Regret","Pain","Clumsy","Shrug It Off+1","Body Slam+1","Iron Wave+1"],"relics":["Burning Blood","NeowsBlessing","Molten Egg 2","Self Forming Clay","Incense Burner","Whetstone","Busted Crown","PreservedInsect","Turnip","Bottled Flame","Toxic Egg 2","Champion Belt","Calling Bell","Potion Belt","Paper Frog","Ginger","Lantern","Smiling Mask"],"potions_floor_usage":[16,21,33,33,35,37,39],"damage_taken":[{"damage":0,"enemies":"2 Louse","floor":1,"turns":1},{"damage":0,"enemies":"Cultist","floor":2,"turns":1},{"damage":0,"enemies":"Small Slimes","floor":3,"turns":1},{"damage":0,"enemies":"3 Louse","floor":4,"turns":2},{"damage":6,"enemies":"Red Slaver","floor":5,"turns":7},{"damage":19,"enemies":"3 Sentries","floor":7,"turns":10},{"damage":4,"enemies":"Large Slime","floor":10,"turns":6},{"damage":25,"enemies":"Gremlin Nob","floor":12,"turns":4},{"damage":31,"enemies":"Lagavulin","floor":14,"turns":6},{"damage":6,"enemies":"Hexaghost","floor":16,"turns":10},{"damage":6,"enemies":"Spheric Guardian","floor":18,"turns":5},{"damage":5,"enemies":"Shell Parasite","floor":19,"turns":6},{"damage":22,"enemies":"Chosen and Byrds","floor":20,"turns":8},{"damage":3,"enemies":"Snecko","floor":21,"turns":5},{"damage":8,"enemies":"Snake Plant","floor":22,"turns":6},{"damage":3,"enemies":"Book of Stabbing","floor":25,"turns":6},{"damage":5,"enemies":"Shelled Parasite and Fungi","floor":28,"turns":8},{"damage":29,"enemies":"Sentry and Sphere","floor":29,"turns":8},{"damage":0,"enemies":"Gremlin Leader","floor":30,"turns":5},{"damage":3,"enemies":"Snecko","floor":31,"turns":7},{"damage":28,"enemies":"Champ","floor":33,"turns":10},{"damage":20,"enemies":"Orb Walker","floor":35,"turns":5},{"damage":9,"enemies":"3 Darklings","floor":36,"turns":3},{"damage":46,"enemies":"Sphere and 2 Shapes","floor":37,"turns":8},{"damage":55,"enemies":"Transient","floor":39,"turns":5},{"damage":42,"enemies":"Reptomancer","floor":40,"turns":9},{"damage":22,"enemies":"Maw","floor":41,"turns":4}],"seed_played":"6777619385603198533","potions_obtained":[{"floor":4,"key":"EntropicBrew"},{"floor":5,"key":"PowerPotion"},{"floor":10,"key":"LiquidBronze"},{"floor":16,"key":"Explosive Potion"},{"floor":22,"key":"Swift Potion"},{"floor":28,"key":"PowerPotion"},{"floor":37,"key":"Dexterity Potion"}],"is_trial":false,"path_per_floor":["M","M","M","M","M","R","E","R","T","M","R","E","?","E","R","B",null,"M","M","M","M","M","R","$","E","T","?","M","M","E","M","R","B",null,"M","M","M","$","M","E","M"],"character_chosen":"IRONCLAD","items_purchased":["PreservedInsect","Turnip","Body Slam+1","Lantern"],"campfire_rested":0,"item_purchase_floors":[24,24,38,38],"current_hp_per_floor":[80,80,80,80,80,80,67,67,67,74,74,55,55,32,32,32,80,84,88,81,88,90,90,90,93,93,93,100,89,104,108,108,108,108,98,95,69,69,28,7,0],"gold":107,"neow_bonus":"THREE_ENEMY_KILL","is_prod":false,"is_daily":false,"chose_seed":false,"campfire_upgraded":6,"win_rate":0,"timestamp":1548539657,"path_taken":["M","M","M","M","M","R","E","R","T","M","R","E","?","E","R","BOSS","M","M","M","M","?","R","$","E","T","?","M","M","E","M","R","BOSS","M","M","M","$","M","E","M"],"build_version":"2019-01-10","purchased_purges":1,"victory":false,"max_hp_per_floor":[80,80,80,80,80,80,80,80,80,80,80,80,80,80,80,80,80,84,88,88,92,96,96,96,96,96,96,100,104,104,108,108,108,108,112,112,112,112,112,112,112],"card_choices":[{"not_picked":["Clothesline","Warcry"],"picked":"Armaments","floor":1},{"not_picked":["Clothesline","True Grit"],"picked":"Cleave","floor":2},{"not_picked":["Anger","Battle Trance"],"picked":"True Grit","floor":3},{"not_picked":["Evolve","Havoc","Power Through"],"picked":"SKIP","floor":4},{"not_picked":["Hemokinesis","Anger"],"picked":"Shrug It Off","floor":5},{"not_picked":["Rupture","Wild Strike"],"picked":"Reaper","floor":7},{"not_picked":["Sword Boomerang+1","Armaments"],"picked":"Inflame","floor":10},{"not_picked":["Reckless Charge+1","Hemokinesis+1"],"picked":"Clothesline+1","floor":12},{"not_picked":["Pommel Strike+1","Feel No Pain"],"picked":"Iron Wave+1","floor":14},{"not_picked":["Juggernaut","Fiend Fire+1"],"picked":"Feed+1","floor":16},{"not_picked":["Headbutt+1"],"picked":"SKIP","floor":18},{"not_picked":["Clothesline+1"],"picked":"SKIP","floor":19},{"not_picked":["Blood for Blood+1"],"picked":"SKIP","floor":20},{"not_picked":[],"picked":"Disarm+1","floor":21},{"not_picked":["Hemokinesis+1"],"picked":"SKIP","floor":22},{"not_picked":[],"picked":"Whirlwind+1","floor":25},{"not_picked":["Clash+1"],"picked":"SKIP","floor":28},{"not_picked":["Heavy Blade+1"],"picked":"SKIP","floor":29},{"not_picked":["Dual Wield+1"],"picked":"SKIP","floor":30},{"not_picked":["Havoc+1"],"picked":"SKIP","floor":31},{"not_picked":[],"picked":"Juggernaut","floor":33},{"not_picked":["Sword Boomerang+1"],"picked":"SKIP","floor":35},{"not_picked":["Anger+1"],"picked":"SKIP","floor":36},{"not_picked":[],"picked":"Shrug It Off+1","floor":37},{"not_picked":[],"picked":"Iron Wave+1","floor":39},{"not_picked":["Heavy Blade+1"],"picked":"SKIP","floor":40}],"player_experience":369183,"relics_obtained":[{"floor":7,"key":"Molten Egg 2"},{"floor":9,"key":"Self Forming Clay"},{"floor":12,"key":"Incense Burner"},{"floor":14,"key":"Whetstone"},{"floor":25,"key":"Bottled Flame"},{"floor":26,"key":"Toxic Egg 2"},{"floor":30,"key":"Champion Belt"},{"floor":34,"key":"Potion Belt"},{"floor":34,"key":"Paper Frog"},{"floor":34,"key":"Ginger"},{"floor":40,"key":"Smiling Mask"}],"event_choices":[{"cards_removed":["Strike_R"],"damage_healed":0,"gold_gain":0,"player_choice":"Offered Basic","damage_taken":0,"max_hp_gain":0,"max_hp_loss":0,"event_name":"Bonfire Elementals","floor":13,"gold_loss":0},{"damage_healed":0,"gold_gain":0,"player_choice":"Ignored","damage_taken":0,"max_hp_gain":0,"max_hp_loss":0,"event_name":"Ghosts","floor":27,"gold_loss":0}],"is_beta":false,"boss_relics":[{"not_picked":["Ectoplasm","Philosopher\u0027s Stone"],"picked":"Busted Crown"},{"not_picked":["Eternal Feather","Snecko Eye"],"picked":"Calling Bell"}],"items_purged_floors":[24],"is_endless":false,"potions_floor_spawned":[4,5,10,12,16,19,22,28,29,31,37],"killed_by":"Maw","ascension_level":0}