{"gold_per_floor":[112,125,13,13,28,61,61,82,82,82,82,82,31,31,31,131,131,144,159,69,19,19,19,47,47,70,89,89,120,137,151,151,249,249,262,279,291,339,339,339,354,354,354,381,381,406,36,49,49,49],"floor_reached":51,"playtime":3546,"items_purged":["Injury"],"score":820,"play_id":"d7ba343b-1483-4e5a-a41d-6046fc0418af","local_time":"20190403185203","is_ascension_mode":true,"campfire_choices":[{"data":"Inflame","floor":7.0,"key":"SMITH"},{"data":"Body Slam","floor":10.0,"key":"SMITH"},{"floor":11.0,"key":"REST"},{"data":"Flame Barrier","floor":12.0,"key":"SMITH"},{"data":"Iron Wave","floor":15.0,"key":"SMITH"},{"data":"Juggernaut","floor":23.0,"key":"SMITH"},{"data":"Burning Pact","floor":28.0,"key":"SMITH"},{"data":"Barricade","floor":32.0,"key":"SMITH"},{"floor":40,"key":"REST"},{"data":"Flame Barrier","floor":42,"key":"SMITH"},{"data":"Shrug It Off","floor":49,"key":"SMITH"}],"neow_cost":"NONE","seed_source_timestamp":0,"circlet_count":0,"master_deck":["Strike_R","Defend_R","Defend_R","Defend_R","Defend_R","Bash","Shrug It Off+1","Body Slam+1","Flame Barrier+1","Metallicize","Inflame+1","Iron Wave+1","Body Slam+1","Shrug It Off+1","Juggernaut+1","Burning Pact+1","Shrug It Off","Bludgeon","Power Through+1","Dual Wield+1","Bloodletting+1","Barricade+1","Iron Wave+1","Impervious","Battle Trance","Feel No Pain+1","Flame Barrier+1","Parasite","Inflame","Infernal Blade+1"],"special_seed":0,"relics":["Burning Blood","WingedGreaves","Odd Mushroom","Torii","Blood Vial","Cursed Key","Strawberry","Boot","Prayer Wheel","Empty Cage","StoneCalendar","Ornamental Fan","Centennial Puzzle","Bag of Marbles","Ice Cream"],"potions_floor_usage":[44,46,50,50],"damage_taken":[{"damage":4.0,"enemies":"Jaw Worm","floor":1.0,"turns":3.0},{"damage":4.0,"enemies":"2 Louse","floor":2.0,"turns":5.0},{"damage":0.0,"enemies":"Cultist","floor":5.0,"turns":6.0},{"damage":39.0,"enemies":"Lagavulin","floor":6.0,"turns":10.0},{"damage":18.0,"enemies":"The Mushroom Lair","floor":8.0,"turns":7.0},{"damage":58.0,"enemies":"Slime Boss","floor":16.0,"turns":11.0},{"damage":0.0,"enemies":"Chosen","floor":18.0,"turns":4.0},{"damage":0.0,"enemies":"Spheric Guardian","floor":19.0,"turns":3.0},{"damage":2.0,"enemies":"Book of Stabbing","floor":24.0,"turns":4.0},{"damage":0.0,"enemies":"Chosen and Byrds","floor":27.0,"turns":4.0},{"damage":27.0,"enemies":"Gremlin Leader","floor":29.0,"turns":7.0},{"damage":9.0,"enemies":"Centurion and Healer","floor":30.0,"turns":5.0},{"damage":4.0,"enemies":"Shelled Parasite and Fungi","floor":31.0,"turns":4.0},{"damage":10.0,"enemies":"Collector","floor":33.0,"turns":9.0},{"damage":29.0,"enemies":"3 Darklings","floor":35.0,"turns":7.0},{"damage":0.0,"enemies":"Orb Walker","floor":36.0,"turns":5.0},{"damage":1.0,"enemies":"Sphere and 2 Shapes","floor":37.0,"turns":6.0},{"damage":63.0,"enemies":"2 Orb Walkers","floor":38.0,"turns":7.0},{"damage":0,"enemies":"Maw","floor":41,"turns":7},{"damage":25,"enemies":"Reptomancer","floor":44,"turns":6},{"damage":24,"enemies":"Nemesis","floor":46,"turns":6},{"damage":9,"enemies":"3 Darklings","floor":48,"turns":6},{"damage":17,"enemies":"Donu and Deca","floor":50,"turns":9}],"seed_played":"-8689307421376720750","potions_obtained":[{"floor":5.0,"key":"Strength Potion"},{"floor":6.0,"key":"FairyPotion"},{"floor":18.0,"key":"Poison Potion"},{"floor":27.0,"key":"Regen Potion"},{"floor":29.0,"key":"Ancient Potion"},{"floor":31.0,"key":"SkillPotion"},{"floor":35.0,"key":"GamblersBrew"},{"floor":39.0,"key":"FairyPotion"},{"floor":39.0,"key":"BloodPotion"},{"floor":39.0,"key":"FairyPotion"},{"floor":41,"key":"SpeedPotion"},{"floor":44,"key":"SkillPotion"},{"floor":48,"key":"Dexterity Potion"}],"is_trial":false,"path_per_floor":["M","M","$","?","M","E","R","?","T","R","R","R","$","?","R","B",null,"M","M","?","$","?","R","E","$","T","M","R","E","M","M","R","B",null,"M","M","M","?","?","R","M","R","T","E","?","E","$","M","R","B",null],"character_chosen":"IRONCLAD","items_purchased":["Flame Barrier","Metallicize","Shrug It Off","Shrug It Off","Ice Cream"],"campfire_rested":2,"item_purchase_floors":[3,3,13,21,47],"current_hp_per_floor":[80,80,80,80,80,47,47,35,35,35,59,59,59,59,59,9,80,80,80,80,80,80,80,87,87,87,87,87,66,77,81,81,79,87,64,72,79,24,24,50,58,58,58,41,76,58,58,57,57,48],"gold":49,"neow_bonus":"TRANSFORM_CARD","is_prod":false,"is_daily":false,"chose_seed":false,"campfire_upgraded":9,"win_rate":0,"timestamp":1554310323,"path_taken":["M","M","$","?","M","E","R","?","T","R","R","R","?","?","R","BOSS","M","?","?","?","?","R","E","$","T","M","R","E","M","M","R","BOSS","M","?","M","?","?","R","?","R","T","E","?","E","?","M","R","BOSS"],"build_version":"2019-01-23","purchased_purges":1,"victory":true,"max_hp_per_floor":[80,80,80,80,80,80,80,80,80,80,80,80,80,80,80,80,80,80,80,80,80,80,80,87,87,87,87,87,87,87,87,87,87,87,87,87,87,87,87,87,87,87,87,87,76,76,76,76,76,76],"card_choices":[{"not_picked":["True Grit","Iron Wave"],"picked":"Shrug It Off","floor":1.0},{"not_picked":["Wild Strike","Heavy Blade"],"picked":"Body Slam","floor":2.0},{"not_picked":["Havoc","Fire Breathing"],"picked":"Inflame","floor":5.0},{"not_picked":["Body Slam","Cleave"],"picked":"Iron Wave","floor":6.0},{"not_picked":["Disarm","Iron Wave"],"picked":"Body Slam","floor":8.0},{"not_picked":["Feed","Reaper"],"picked":"Juggernaut","floor":16.0},{"not_picked":["Rage+1","Cleave","Headbutt+1"],"picked":"SKIP","floor":18.0},{"not_picked":["Pommel Strike","Headbutt"],"picked":"Burning Pact","floor":19.0},{"not_picked":["Intimidate","Cleave"],"picked":"Power Through+1","floor":24.0},{"not_picked":["Clothesline","Body Slam"],"picked":"Dual Wield+1","floor":27.0},{"not_picked":["Havoc","Uppercut+1"],"picked":"Bloodletting+1","floor":29.0},{"not_picked":["Iron Wave","Clash+1"],"picked":"Barricade","floor":30.0},{"not_picked":["Dropkick+1","Clash","Headbutt+1"],"picked":"SKIP","floor":30.0},{"not_picked":["Perfected Strike","True Grit"],"picked":"Iron Wave+1","floor":31.0},{"not_picked":["Clash","Wild Strike+1","True Grit"],"picked":"SKIP","floor":31.0},{"not_picked":["Reaper","Offering"],"picked":"Impervious","floor":33.0},{"not_picked":["Infernal Blade","Perfected Strike+1"],"picked":"Battle Trance","floor":35.0},{"not_picked":["Corruption","Anger+1","True Grit+1"],"picked":"SKIP","floor":35.0},{"not_picked":["Sword Boomerang","Anger"],"picked":"Feel No Pain+1","floor":36.0},{"not_picked":["Perfected Strike","Armaments+1","Warcry"],"picked":"SKIP","floor":36.0},{"not_picked":["Shrug It Off","Offering","Armaments"],"picked":"SKIP","floor":37.0},{"not_picked":["Pommel Strike","Flex","Thunderclap"],"picked":"SKIP","floor":37.0},{"not_picked":["Havoc","Reckless Charge+1"],"picked":"Flame Barrier","floor":38.0},{"not_picked":["Flex+1","Barricade","Clash"],"picked":"SKIP","floor":41},{"not_picked":["Thunderclap","Sword Boomerang+1","Feel No Pain"],"picked":"SKIP","floor":41},{"not_picked":["Wild Strike","Twin Strike","Pommel Strike"],"picked":"SKIP","floor":44},{"not_picked":["Pommel Strike","Armaments","Battle Trance+1"],"picked":"SKIP","floor":46},{"not_picked":["Pommel Strike","Thunderclap+1"],"picked":"Inflame","floor":48},{"not_picked":["Perfected Strike+1","Ghostly Armor"],"picked":"Infernal Blade+1","floor":48}],"player_experience":227193,"relics_obtained":[{"floor":6.0,"key":"WingedGreaves"},{"floor":8.0,"key":"Odd Mushroom"},{"floor":9.0,"key":"Torii"},{"floor":24.0,"key":"Strawberry"},{"floor":26.0,"key":"Boot"},{"floor":29.0,"key":"Prayer Wheel"},{"floor":38.0,"key":"StoneCalendar"},{"floor":43,"key":"Ornamental Fan"},{"floor":44,"key":"Centennial Puzzle"},{"floor":46,"key":"Bag of Marbles"}],"event_choices":[{"damage_healed":0.0,"max_hp_gain":0.0,"max_hp_loss":0.0,"gold_gain":0.0,"event_name":"Living Wall","player_choice":"Grow","floor":4.0,"gold_loss":0.0,"damage_taken":0.0,"cards_upgraded":["Body Slam"]},{"damage_healed":0.0,"max_hp_gain":0.0,"max_hp_loss":0.0,"gold_gain":0.0,"event_name":"Mushrooms","player_choice":"Fought Mushrooms","floor":8.0,"gold_loss":0.0,"damage_taken":0.0},{"damage_healed":0.0,"max_hp_gain":0.0,"max_hp_loss":0.0,"gold_gain":0.0,"event_name":"WeMeetAgain","player_choice":"Gave Potion","floor":14.0,"gold_loss":0.0,"damage_taken":0.0,"relics_obtained":["Blood Vial"]},{"cards_removed":["Blood for Blood"],"damage_healed":0.0,"max_hp_gain":0.0,"max_hp_loss":0.0,"gold_gain":0.0,"event_name":"Designer","player_choice":"Upgrade and Remove","floor":20.0,"gold_loss":90.0,"damage_taken":0.0,"cards_upgraded":["Shrug It Off"]},{"damage_healed":0.0,"max_hp_gain":0.0,"max_hp_loss":0.0,"gold_gain":0.0,"cards_transformed":["Strike_R"],"event_name":"Transmorgrifier","player_choice":"Transformed","floor":22.0,"gold_loss":0.0,"damage_taken":0.0,"cards_obtained":["Bludgeon"]},{"damage_healed":0.0,"max_hp_gain":0.0,"max_hp_loss":0.0,"gold_gain":0.0,"event_name":"Mysterious Sphere","player_choice":"Fight","floor":38.0,"gold_loss":0.0,"damage_taken":0.0},{"damage_healed":0.0,"max_hp_gain":0.0,"max_hp_loss":0.0,"gold_gain":0.0,"event_name":"Lab","player_choice":"Got Potions","floor":39.0,"gold_loss":0.0,"damage_taken":0.0},{"damage_healed":76,"gold_gain":0,"player_choice":"Heal","damage_taken":0,"max_hp_gain":0,"max_hp_loss":11,"event_name":"The Moai Head","floor":45,"gold_loss":0}],"is_beta":false,"boss_relics":[{"not_picked":["Snecko Eye","Runic Cube"],"picked":"Cursed Key"},{"not_picked":["Lizard Tail","White Beast Statue"],"picked":"Empty Cage"}],"items_purged_floors":[47],"is_endless":false,"potions_floor_spawned":[5,6,18,27,29,31,35,41,44,48],"ascension_level":3}