{"gold_per_floor":[116,132,148,148,161,496,496,514,514,514,549,549,74,149,149,149],"floor_reached":16,"playtime":588,"items_purged":["Strike_R"],"score":204,"play_id":"0b6f0c08-6dcb-4155-b4b9-b0a9da7e38f2","local_time":"20190425201500","is_ascension_mode":true,"campfire_choices":[{"floor":7,"key":"REST"},{"data":"Carnage","floor":10,"key":"SMITH"},{"floor":15,"key":"REST"}],"neow_cost":"NONE","seed_source_timestamp":34787958776647,"circlet_count":0,"master_deck":["AscendersBane","Strike_R","Strike_R","Strike_R","Strike_R","Defend_R","Defend_R","Defend_R","Defend_R","Bash","Thunderclap","Carnage+1","Shrug It Off","Cleave","Carnage+1","True Grit","Carnage","Second Wind","Master of Strategy"],"relics":["Burning Blood","Old Coin","Gremlin Horn","Juzu Bracelet","Vajra"],"potions_floor_usage":[5,6,11,16],"damage_taken":[{"damage":15,"enemies":"Small Slimes","floor":1,"turns":4},{"damage":13,"enemies":"Cultist","floor":2,"turns":5},{"damage":9,"enemies":"Jaw Worm","floor":3,"turns":3},{"damage":22,"enemies":"Large Slime","floor":5,"turns":6},{"damage":27,"enemies":"3 Sentries","floor":6,"turns":6},{"damage":18,"enemies":"Lots of Slimes","floor":8,"turns":4},{"damage":16,"enemies":"Gremlin Nob","floor":11,"turns":3},{"damage":42,"enemies":"Hexaghost","floor":16,"turns":9}],"seed_played":"-3801119073949879746","potions_obtained":[{"floor":2,"key":"Strength Potion"},{"floor":3,"key":"Strength Potion"},{"floor":5,"key":"BloodPotion"},{"floor":8,"key":"Swift Potion"}],"is_trial":false,"path_per_floor":["M","M","M","?","M","E","R","M","T","R","E","?","$","?","R","B"],"character_chosen":"IRONCLAD","items_purchased":["Vajra","Second Wind","Master of Strategy"],"campfire_rested":2,"item_purchase_floors":[13,13,13],"current_hp_per_floor":[66,59,56,56,40,27,51,39,39,39,29,29,29,18,42,0],"gold":149,"neow_bonus":"TEN_PERCENT_HP_BONUS","is_prod":false,"is_daily":false,"chose_seed":false,"campfire_upgraded":1,"win_rate":0,"timestamp":1556248500,"path_taken":["M","M","M","?","?","E","R","M","T","R","E","?","$","?","R","BOSS"],"build_version":"2019-01-23","purchased_purges":1,"victory":false,"max_hp_per_floor":[82,82,82,82,82,82,82,82,82,82,82,82,82,82,82,82],"card_choices":[{"not_picked":["Flex","Reckless Charge"],"picked":"Thunderclap","floor":1},{"not_picked":["Metallicize","Clash"],"picked":"Carnage","floor":2},{"not_picked":["Flex","Dropkick"],"picked":"Shrug It Off","floor":3},{"not_picked":["Power Through","Perfected Strike"],"picked":"Cleave","floor":5},{"not_picked":["Evolve","Havoc"],"picked":"Carnage","floor":6},{"not_picked":["Warcry","Body Slam"],"picked":"True Grit","floor":8},{"not_picked":["Dropkick","Perfected Strike"],"picked":"Carnage","floor":11}],"player_experience":487739,"relics_obtained":[{"floor":6,"key":"Old Coin"},{"floor":9,"key":"Gremlin Horn"},{"floor":11,"key":"Juzu Bracelet"}],"event_choices":[{"damage_healed":0,"gold_gain":0,"player_choice":"Upgraded","damage_taken":0,"max_hp_gain":0,"max_hp_loss":0,"event_name":"Upgrade Shrine","floor":4,"gold_loss":0,"cards_upgraded":["Carnage"]},{"damage_healed":0,"gold_gain":0,"player_choice":"Ignored","damage_taken":0,"max_hp_gain":0,"max_hp_loss":0,"event_name":"Shining Light","floor":12,"gold_loss":0},{"damage_healed":0,"gold_gain":75,"player_choice":"Gather Gold","damage_taken":11,"max_hp_gain":0,"max_hp_loss":0,"event_name":"World of Goop","floor":14,"gold_loss":0}],"is_beta":false,"boss_relics":[],"items_purged_floors":[13],"is_endless":false,"potions_floor_spawned":[2,3,5,8],"killed_by":"Hexaghost","ascension_level":17}