{"gold_per_floor":[116,116,132,147,165,165,165,165,165,178,178,202,243,71,71,202,202,222,222,242,256,157,157,157,0,81,3,17,17,38,38,38,158,158,173,191,191],"floor_reached":37,"playtime":3406,"items_purged":[],"score":489,"play_id":"a62201f8-3b18-4a94-b418-99f720b74494","local_time":"20190327162120","is_ascension_mode":true,"campfire_choices":[{"data":"Armaments","floor":6,"key":"SMITH"},{"floor":8,"key":"REST"},{"data":"Perfected Strike","floor":15,"key":"SMITH"},{"data":"Feed","floor":23,"key":"SMITH"},{"data":"Demon Form","floor":29,"key":"SMITH"},{"floor":32,"key":"REST"}],"neow_cost":"NONE","seed_source_timestamp":0,"circlet_count":0,"master_deck":["Strike_R","Strike_R","Strike_R","Strike_R","Defend_R","Defend_R","Defend_R","Defend_R","Bash","Rampage","Armaments","Metallicize","Armaments+1","Shrug It Off","Inflame","Ghostly Armor+1","Perfected Strike+1","Feed+1","Spot Weakness","Flame Barrier+1","Wild Strike","Demon Form+1","Iron Wave","Feel No Pain","Offering+1","Warcry+1"],"special_seed":0,"relics":["Burning Blood","Lantern","Golden Idol","Bag of Marbles","Meat on the Bone","Orichalcum","Runic Pyramid","Anchor","Toxic Egg 2","Black Star"],"potions_floor_usage":[5,13,13,16,21,21,24,28,33,33,36],"damage_taken":[{"damage":11.0,"enemies":"Cultist","floor":1.0,"turns":4.0},{"damage":2.0,"enemies":"2 Louse","floor":3.0,"turns":2.0},{"damage":0.0,"enemies":"Small Slimes","floor":4.0,"turns":3.0},{"damage":22,"enemies":"Gremlin Gang","floor":5,"turns":8},{"damage":0,"enemies":"Blue Slaver","floor":10,"turns":5},{"damage":0,"enemies":"3 Louse","floor":12,"turns":4},{"damage":19,"enemies":"Gremlin Nob","floor":13,"turns":5},{"damage":58,"enemies":"Slime Boss","floor":16,"turns":14},{"damage":11,"enemies":"2 Thieves","floor":18,"turns":5},{"damage":8,"enemies":"Chosen","floor":20,"turns":6},{"damage":39,"enemies":"3 Cultists","floor":21,"turns":8},{"damage":19,"enemies":"Colosseum Slavers","floor":24,"turns":6},{"damage":28,"enemies":"Shelled Parasite and Fungi","floor":28,"turns":6},{"damage":17,"enemies":"Snake Plant","floor":30,"turns":4},{"damage":58,"enemies":"Champ","floor":33,"turns":13},{"damage":5,"enemies":"3 Shapes","floor":35,"turns":8},{"damage":65,"enemies":"3 Darklings","floor":36,"turns":9},{"damage":45,"enemies":"Jaw Worm Horde","floor":37,"turns":4}],"seed_played":"-1047689371292282756","potions_obtained":[{"floor":1.0,"key":"SkillPotion"},{"floor":4.0,"key":"FearPotion"},{"floor":10,"key":"Block Potion"},{"floor":11,"key":"Poison Potion"},{"floor":11,"key":"Block Potion"},{"floor":13,"key":"LiquidBronze"},{"floor":16,"key":"Weak Potion"},{"floor":28,"key":"Weak Potion"},{"floor":30,"key":"SkillPotion"},{"floor":33,"key":"EssenceOfSteel"}],"is_trial":false,"path_per_floor":["?","?","?","?","?","?"],"character_chosen":"IRONCLAD","items_purchased":["Perfected Strike","Orichalcum","PowerPotion","Dexterity Potion","Anchor","Demon Form"],"campfire_rested":2,"item_purchase_floors":[14,14,22,22,25,27],"current_hp_per_floor":[75,68,72,78,62,62,42,66,66,72,72,78,65,65,65,25,66,61,61,62,44,44,44,47,47,47,47,41,41,42,42,70,34,82,87,40,0],"gold":191,"neow_bonus":"RANDOM_COMMON_RELIC","is_prod":false,"is_daily":false,"chose_seed":false,"campfire_upgraded":4,"win_rate":0,"timestamp":1553725280,"path_taken":["M","?","M","M","M","R","?","R","T","M","?","M","E","$","R","BOSS","M","?","M","M","$","R","?","$","T","$","M","R","M","?","R","BOSS","M","M","M"],"build_version":"2019-01-23","purchased_purges":0,"victory":false,"max_hp_per_floor":[80,80,80,80,80,80,80,80,80,80,80,80,80,80,80,80,80,80,80,83,86,86,86,90,90,90,90,94,94,94,94,94,98,98,102,102,102],"card_choices":[{"not_picked":["Rage","Flex"],"picked":"Rampage","floor":1.0},{"not_picked":["Sentinel","Rampage"],"picked":"Armaments","floor":3.0},{"not_picked":["Rage","Burning Pact"],"picked":"Metallicize","floor":4.0},{"not_picked":["Wild Strike","Warcry"],"picked":"Armaments","floor":5},{"not_picked":["Cleave","Pommel Strike"],"picked":"Shrug It Off","floor":10},{"not_picked":["Dropkick","Thunderclap"],"picked":"Inflame","floor":12},{"not_picked":["Berserk","Havoc"],"picked":"Ghostly Armor","floor":13},{"not_picked":["Dark Embrace","Exhume"],"picked":"Feed","floor":16},{"not_picked":["Infernal Blade","Hemokinesis"],"picked":"Spot Weakness","floor":18},{"not_picked":["Anger","Sword Boomerang"],"picked":"Flame Barrier+1","floor":20},{"not_picked":["Clash","Uppercut"],"picked":"Wild Strike","floor":21},{"not_picked":["Flex+1","Clash"],"picked":"Iron Wave","floor":28},{"not_picked":["Armaments+1","Sword Boomerang"],"picked":"Feel No Pain","floor":30},{"not_picked":["Juggernaut","Brutality"],"picked":"Offering+1","floor":33},{"not_picked":["Iron Wave+1","Cleave","Blood for Blood"],"picked":"SKIP","floor":35},{"not_picked":["Bloodletting+1","Clash+1"],"picked":"Warcry+1","floor":36}],"player_experience":358598,"relics_obtained":[{"floor":9,"key":"Bag of Marbles"},{"floor":13,"key":"Meat on the Bone"},{"floor":26,"key":"Toxic Egg 2"}],"event_choices":[{"cards_removed":["Strike_R"],"damage_healed":0.0,"max_hp_gain":0.0,"max_hp_loss":0.0,"gold_gain":0.0,"event_name":"Golden Wing","player_choice":"Card Removal","floor":2.0,"gold_loss":0.0,"damage_taken":7.0},{"damage_healed":0,"gold_gain":0,"player_choice":"Take Damage","damage_taken":20,"relics_obtained":["Golden Idol"],"max_hp_gain":0,"max_hp_loss":0,"event_name":"Golden Idol","floor":7,"gold_loss":0},{"damage_healed":0,"gold_gain":0,"player_choice":"Got Potions","damage_taken":0,"max_hp_gain":0,"max_hp_loss":0,"event_name":"Lab","floor":11,"gold_loss":0},{"damage_healed":0,"gold_gain":0,"player_choice":"Ignored","damage_taken":0,"max_hp_gain":0,"max_hp_loss":0,"event_name":"Beggar","floor":19,"gold_loss":0},{"damage_healed":0,"gold_gain":0,"player_choice":"Fight","damage_taken":0,"max_hp_gain":0,"max_hp_loss":0,"event_name":"Colosseum","floor":24,"gold_loss":0},{"damage_healed":0,"gold_gain":0,"player_choice":"Fled From Nobs","damage_taken":0,"max_hp_gain":0,"max_hp_loss":0,"event_name":"Colosseum","floor":24,"gold_loss":0},{"damage_healed":0,"gold_gain":0,"player_choice":"Forge","damage_taken":0,"max_hp_gain":0,"max_hp_loss":0,"event_name":"Accursed Blacksmith","floor":31,"gold_loss":0,"cards_upgraded":["Ghostly Armor"]}],"is_beta":false,"boss_relics":[{"not_picked":["Pandora\u0027s Box","Busted Crown"],"picked":"Runic Pyramid"},{"not_picked":["Runic Cube","Astrolabe"],"picked":"Black Star"}],"items_purged_floors":[],"is_endless":false,"potions_floor_spawned":[1,4,10,13,16,28,30,33],"killed_by":"Jaw Worm Horde","ascension_level":5}