{"gold_per_floor":[110,185,36,211,236,266,266,281,281,281,281,297,310,327,327,431,431,448,56,56,71,88,88,123,145,157,0,12,38,69,81],"floor_reached":31,"playtime":3017,"items_purged":[],"score":270,"play_id":"270fa380-7d6c-4b06-8cb0-70d5d7fdf6c5","local_time":"20190505163233","is_ascension_mode":true,"campfire_choices":[{"data":"Armaments","floor":7,"key":"SMITH"},{"floor":10,"key":"REST"},{"data":"Spot Weakness","floor":15,"key":"SMITH"},{"data":"Limit Break","floor":23,"key":"SMITH"}],"neow_cost":"PERCENT_DAMAGE","seed_source_timestamp":1788201505119761,"circlet_count":0,"master_deck":["Strike_R","Strike_R","Strike_R","Strike_R","Strike_R","Defend_R","Defend_R","Defend_R","Defend_R","Bash","Good Instincts","Jack Of All Trades","Inflame","Pummel","Doubt","Armaments+1","Carnage","Cleave","Spot Weakness+1","Uppercut","Limit Break+1","Disarm","Panacea","Twin Strike","Flex","Limit Break","Spot Weakness","Shrug It Off","Decay","Rage+1","Battle Trance"],"relics":["Burning Blood","Dream Catcher","Question Card","Dodecahedron","Lizard Tail","Shuriken","MawBank","Ornamental Fan"],"potions_floor_usage":[16,16,24,29,29,30],"damage_taken":[{"damage":1,"enemies":"Jaw Worm","floor":1,"turns":4},{"damage":35,"enemies":"Gremlin Nob","floor":6,"turns":5},{"damage":2,"enemies":"Small Slimes","floor":8,"turns":4},{"damage":6,"enemies":"2 Louse","floor":12,"turns":3},{"damage":6,"enemies":"Red Slaver","floor":13,"turns":3},{"damage":5,"enemies":"3 Louse","floor":14,"turns":3},{"damage":19,"enemies":"Slime Boss","floor":16,"turns":8},{"damage":13,"enemies":"Shell Parasite","floor":18,"turns":6},{"damage":15,"enemies":"3 Byrds","floor":21,"turns":6},{"damage":15,"enemies":"Centurion and Healer","floor":22,"turns":7},{"damage":32,"enemies":"Gremlin Leader","floor":24,"turns":7},{"damage":18,"enemies":"Shelled Parasite and Fungi","floor":25,"turns":4},{"damage":49,"enemies":"Cultist and Chosen","floor":29,"turns":8},{"damage":24,"enemies":"Snake Plant","floor":30,"turns":5},{"damage":10,"enemies":"3 Cultists","floor":31,"turns":2}],"seed_played":"1783222601859288168","potions_obtained":[{"floor":1,"key":"SkillPotion"},{"floor":11,"key":"AttackPotion"},{"floor":11,"key":"Fire Potion"},{"floor":11,"key":"Block Potion"},{"floor":22,"key":"Block Potion"},{"floor":25,"key":"Explosive Potion"},{"floor":29,"key":"PowerPotion"}],"is_trial":false,"path_per_floor":["M","?","$","?","T","E","R","M","T","R","?","M","M","M","R","B",null,"M","$","?","M","M","R","E","M","T","?","?","M","M","M"],"character_chosen":"IRONCLAD","items_purchased":["Inflame","Pummel","Shuriken","Panacea","Twin Strike"],"campfire_rested":1,"item_purchase_floors":[3,3,19,19,19],"current_hp_per_floor":[61,50,50,50,50,21,21,25,25,49,49,49,49,50,50,37,80,73,73,73,64,55,55,29,17,17,17,17,27,9,0],"gold":81,"neow_bonus":"RANDOM_COLORLESS_2","is_prod":false,"is_daily":false,"chose_seed":false,"campfire_upgraded":3,"win_rate":0,"timestamp":1557070353,"path_taken":["M","?","$","?","?","E","R","M","T","R","?","M","M","M","R","BOSS","M","$","?","M","M","R","E","M","T","?","?","?","M","M"],"build_version":"2019-01-23","purchased_purges":0,"victory":false,"max_hp_per_floor":[80,80,80,80,80,80,80,80,80,80,80,80,80,80,80,80,80,80,80,80,80,80,80,80,80,80,80,80,80,80,80],"card_choices":[{"not_picked":["Warcry","Headbutt","Clash"],"picked":"SKIP","floor":1},{"not_picked":["Iron Wave","Anger"],"picked":"Armaments","floor":6},{"not_picked":["True Grit","Wild Strike","Armaments"],"picked":"Carnage","floor":8},{"not_picked":["Hemokinesis","Thunderclap","Anger"],"picked":"Cleave","floor":10},{"not_picked":["Thunderclap","Wild Strike","Dark Embrace","Power Through"],"picked":"SKIP","floor":12},{"not_picked":["Feel No Pain","Armaments","Wild Strike"],"picked":"Spot Weakness","floor":13},{"not_picked":["Armaments","Twin Strike","True Grit"],"picked":"Uppercut","floor":14},{"not_picked":["Barricade","Berserk","Offering"],"picked":"Limit Break","floor":16},{"not_picked":["Wild Strike","Body Slam","Fire Breathing+1"],"picked":"Disarm","floor":18},{"not_picked":["Twin Strike","Havoc","Perfected Strike"],"picked":"Flex","floor":21},{"not_picked":["Wild Strike+1","Whirlwind","Flex+1"],"picked":"Limit Break","floor":22},{"not_picked":["Sword Boomerang","Armaments+1","Warcry+1"],"picked":"Spot Weakness","floor":24},{"not_picked":["Limit Break","Sentinel","Body Slam"],"picked":"Shrug It Off","floor":25},{"not_picked":["Iron Wave","Anger","Clash+1"],"picked":"Rage+1","floor":29},{"not_picked":["Combust+1","Hemokinesis","Iron Wave+1"],"picked":"Battle Trance","floor":30}],"player_experience":1919684,"relics_obtained":[{"floor":5,"key":"Dream Catcher"},{"floor":6,"key":"Question Card"},{"floor":9,"key":"Dodecahedron"},{"floor":24,"key":"MawBank"},{"floor":26,"key":"Ornamental Fan"}],"event_choices":[{"damage_healed":0,"gold_gain":75,"player_choice":"Gather Gold","damage_taken":11,"max_hp_gain":0,"max_hp_loss":0,"event_name":"World of Goop","floor":2,"gold_loss":0},{"damage_healed":0,"gold_gain":175,"player_choice":"AGREE","damage_taken":0,"max_hp_gain":0,"max_hp_loss":0,"event_name":"Liars Game","floor":4,"gold_loss":0,"cards_obtained":["Doubt"]},{"damage_healed":0,"gold_gain":0,"player_choice":"Got Potions","damage_taken":0,"max_hp_gain":0,"max_hp_loss":0,"event_name":"Lab","floor":11,"gold_loss":0},{"damage_healed":0,"gold_gain":0,"player_choice":"Ignored","damage_taken":0,"max_hp_gain":0,"max_hp_loss":0,"event_name":"Ghosts","floor":20,"gold_loss":0},{"damage_healed":0,"gold_gain":0,"player_choice":"Paid Fearfully","damage_taken":0,"max_hp_gain":0,"max_hp_loss":0,"event_name":"Masked Bandits","floor":27,"gold_loss":169},{"damage_healed":0,"gold_gain":0,"player_choice":"Smashed Altar","damage_taken":0,"max_hp_gain":0,"max_hp_loss":0,"event_name":"Forgotten Altar","floor":28,"gold_loss":0,"cards_obtained":["Decay"]}],"is_beta":false,"boss_relics":[{"not_picked":["Runic Dome","Velvet Choker"],"picked":"Lizard Tail"}],"items_purged_floors":[],"is_endless":false,"potions_floor_spawned":[1,13,14,22,25,29],"killed_by":"3 Cultists","ascension_level":1}