{"gold_per_floor":[118,0,0,0,19,53,53,69,69,104,0,18,50,50,50,151,151,161,261,261],"floor_reached":20,"playtime":1325,"items_purged":[],"score":200,"play_id":"a52b1f86-c79b-454e-a18f-8e9ae7c3a203","local_time":"20190415200616","is_ascension_mode":true,"campfire_choices":[{"data":"Zap","floor":7,"key":"SMITH"},{"data":"White Noise","floor":15,"key":"SMITH"}],"neow_cost":"CURSE","seed_source_timestamp":74618054041895,"circlet_count":0,"master_deck":["Strike_B+1","Strike_B","Defend_B","Defend_B","Defend_B","Defend_B","Zap+1","Dualcast","White Noise+1","Capacitor","Tempest","Panacea","Streamline+1","Rip and Tear","Coolheaded","Loop","BootSequence+1","Consume+1","Beam Cell","Seek+1","Steam+1","Melter"],"relics":["Cracked Core","Ornamental Fan","Regal Pillow","Letter Opener","Toxic Egg 2","Whetstone","Vajra","Nuclear Battery","Gambling Chip","Cables"],"potions_floor_usage":[10,13,16],"damage_taken":[{"damage":0,"enemies":"Small Slimes","floor":1,"turns":3},{"damage":1,"enemies":"Jaw Worm","floor":5,"turns":3},{"damage":16,"enemies":"Gremlin Nob","floor":6,"turns":4},{"damage":0,"enemies":"2 Louse","floor":8,"turns":2},{"damage":16,"enemies":"Lagavulin","floor":10,"turns":5},{"damage":0,"enemies":"Large Slime","floor":12,"turns":3},{"damage":18,"enemies":"3 Sentries","floor":13,"turns":5},{"damage":13,"enemies":"Slime Boss","floor":16,"turns":8},{"damage":13,"enemies":"2 Thieves","floor":18,"turns":3},{"damage":20,"enemies":"Colosseum Slavers","floor":19,"turns":3},{"damage":33,"enemies":"Colosseum Nobs","floor":19,"turns":5},{"damage":16,"enemies":"3 Byrds","floor":20,"turns":2}],"seed_played":"-943935630412425311","potions_obtained":[{"floor":1,"key":"Regen Potion"},{"floor":8,"key":"AttackPotion"},{"floor":13,"key":"Poison Potion"},{"floor":19,"key":"Ancient Potion"}],"is_trial":false,"path_per_floor":["M","$","?","?","M","E","R","M","T","E","$","M","E","T","R","B",null,"M","?","M"],"character_chosen":"DEFECT","items_purchased":["Panacea","Streamline","Consume+1","Beam Cell"],"campfire_rested":0,"item_purchase_floors":[2,2,11,11],"current_hp_per_floor":[75,75,72,72,71,55,55,55,55,39,39,39,35,35,35,22,72,59,6,0],"gold":261,"neow_bonus":"TRANSFORM_TWO_CARDS","is_prod":false,"is_daily":false,"chose_seed":false,"campfire_upgraded":2,"win_rate":0,"timestamp":1555355176,"path_taken":["M","$","?","?","M","E","R","M","T","E","$","M","E","?","R","BOSS","M","?","M"],"build_version":"2019-01-23","purchased_purges":0,"victory":false,"max_hp_per_floor":[75,75,75,72,72,72,72,72,72,72,72,72,72,72,72,72,72,72,72,72],"card_choices":[{"not_picked":["Cold Snap","Barrage"],"picked":"Tempest","floor":1},{"not_picked":["White Noise","Static Discharge"],"picked":"Rip and Tear","floor":5},{"not_picked":["Sweeping Beam","Hyperbeam"],"picked":"Coolheaded","floor":6},{"not_picked":["Compile Driver","Turbo"],"picked":"Loop","floor":8},{"not_picked":["Cold Snap","Beam Cell"],"picked":"BootSequence","floor":10},{"not_picked":["Go for the Eyes","Tempest+1","Beam Cell"],"picked":"SKIP","floor":12},{"not_picked":["Aggregate+1","Streamline","Consume+1"],"picked":"SKIP","floor":13},{"not_picked":["All For One","Buffer"],"picked":"Seek+1","floor":16},{"not_picked":["Barrage","Recycle+1"],"picked":"Steam+1","floor":18},{"not_picked":["Darkness+1","Doom and Gloom"],"picked":"Melter","floor":19}],"player_experience":1760249,"relics_obtained":[{"floor":6,"key":"Regal Pillow"},{"floor":9,"key":"Letter Opener"},{"floor":10,"key":"Toxic Egg 2"},{"floor":13,"key":"Whetstone"},{"floor":14,"key":"Vajra"},{"floor":19,"key":"Gambling Chip"},{"floor":19,"key":"Cables"}],"event_choices":[{"damage_healed":0,"gold_gain":0,"player_choice":"Success","damage_taken":3,"relics_obtained":["Ornamental Fan"],"max_hp_gain":0,"max_hp_loss":0,"event_name":"Scrap Ooze","floor":3,"gold_loss":0},{"cards_removed":["Parasite"],"damage_healed":0,"gold_gain":0,"player_choice":"Forget","damage_taken":0,"max_hp_gain":0,"max_hp_loss":0,"event_name":"Living Wall","floor":4,"gold_loss":0},{"damage_healed":0,"gold_gain":0,"player_choice":"Fight","damage_taken":0,"max_hp_gain":0,"max_hp_loss":0,"event_name":"Colosseum","floor":19,"gold_loss":0},{"damage_healed":0,"gold_gain":0,"player_choice":"Fought Nobs","damage_taken":0,"max_hp_gain":0,"max_hp_loss":0,"event_name":"Colosseum","floor":19,"gold_loss":0}],"is_beta":false,"boss_relics":[{"not_picked":["Eternal Feather","Runic Dome"],"picked":"Nuclear Battery"}],"items_purged_floors":[],"is_endless":false,"potions_floor_spawned":[1,8,13,19],"killed_by":"3 Byrds","ascension_level":1}