{"gold_per_floor":[217,228,241,258,258,258,20,31,56,56,86,86,86,112,112,215,215,228,213,63,75,98,110,150,162,174,186,214,226,238],"floor_reached":30,"playtime":1430,"items_purged":[],"score":351,"play_id":"f7c863ea-2771-4319-bd4b-25527067e2cf","local_time":"20181203213849","is_ascension_mode":true,"campfire_choices":[{"data":"Ball Lightning","floor":6,"key":"SMITH"},{"floor":10,"key":"REST"},{"data":"White Noise","floor":12,"key":"SMITH"},{"floor":15,"key":"REST"},{"floor":23,"key":"REST"},{"floor":27,"key":"REST"}],"neow_cost":"NONE","seed_source_timestamp":180603859163222,"circlet_count":0,"master_deck":["Strike_B","Strike_B","Defend_B","Defend_B","Defend_B","Defend_B","Zap+1","Dualcast+1","Ball Lightning+1","White Noise+1","Cold Snap+1","Conserve Battery","White Noise","Fission","Chill+1","Defragment","Ball Lightning+1"],"relics":["Cracked Core","Molten Egg 2","Dream Catcher","Art of War","War Paint","Inserter","MawBank","Anchor","Question Card"],"potions_floor_usage":[8,18,18,21,21,24,30],"damage_taken":[{"damage":1,"enemies":"2 Louse","floor":1,"turns":3},{"damage":1,"enemies":"Cultist","floor":2,"turns":3},{"damage":3,"enemies":"Jaw Worm","floor":3,"turns":4},{"damage":11,"enemies":"Blue Slaver","floor":4,"turns":3},{"damage":2,"enemies":"Looter","floor":8,"turns":3},{"damage":10,"enemies":"Gremlin Nob","floor":11,"turns":3},{"damage":24,"enemies":"Lagavulin","floor":14,"turns":7},{"damage":59,"enemies":"Hexaghost","floor":16,"turns":10},{"damage":0,"enemies":"3 Byrds","floor":18,"turns":2},{"damage":13,"enemies":"2 Thieves","floor":19,"turns":4},{"damage":0,"enemies":"Snecko","floor":21,"turns":3},{"damage":8,"enemies":"Sentry and Sphere","floor":22,"turns":8},{"damage":24,"enemies":"Book of Stabbing","floor":24,"turns":4},{"damage":46,"enemies":"Snake Plant","floor":28,"turns":6},{"damage":12,"enemies":"Shelled Parasite and Fungi","floor":30,"turns":6}],"seed_played":"5774193199294233224","potions_obtained":[{"floor":2,"key":"SmokeBomb"},{"floor":4,"key":"FocusPotion"},{"floor":14,"key":"EssenceOfSteel"},{"floor":16,"key":"Weak Potion"},{"floor":19,"key":"SpeedPotion"},{"floor":22,"key":"Poison Potion"},{"floor":28,"key":"SpeedPotion"}],"is_trial":false,"path_per_floor":["M","M","M","M","$","R","$","M","T","R","E","R","?","E","R","B",null,"M","M","$","M","M","R","E","?","T","R","M","?","M"],"character_chosen":"DEFECT","items_purchased":["Molten Egg 2","MawBank"],"campfire_rested":4,"item_purchase_floors":[7,20],"current_hp_per_floor":[67,66,63,52,52,52,52,50,50,72,62,62,62,38,60,1,57,57,44,44,44,36,58,34,34,34,56,10,10,0],"gold":238,"neow_bonus":"HUNDRED_GOLD","is_prod":false,"is_daily":false,"chose_seed":false,"campfire_upgraded":2,"win_rate":0,"timestamp":1543869529,"path_taken":["M","M","M","M","$","R","$","M","T","R","E","R","?","E","R","BOSS","M","?","$","M","M","R","E","?","T","R","M","?","M"],"build_version":"2018-11-15","purchased_purges":0,"victory":false,"max_hp_per_floor":[75,75,75,75,75,75,75,75,75,75,75,75,75,75,75,75,75,75,75,75,75,75,75,75,75,75,75,75,75,75],"card_choices":[{"not_picked":["Compile Driver","Gash","Rebound"],"picked":"SKIP","floor":1},{"not_picked":["Sweeping Beam","Go for the Eyes","Gash"],"picked":"SKIP","floor":2},{"not_picked":["Gash","Streamline","Melter"],"picked":"SKIP","floor":3},{"not_picked":["Double Energy","Sweeping Beam"],"picked":"Ball Lightning","floor":4},{"not_picked":["Skim","Reboot"],"picked":"White Noise","floor":8},{"not_picked":["Reinforced Body","Sweeping Beam+1"],"picked":"Cold Snap+1","floor":10},{"not_picked":["Lockon+1","Gash+1"],"picked":"Conserve Battery","floor":11},{"not_picked":["Sweeping Beam+1","Seek"],"picked":"White Noise","floor":14},{"not_picked":["Rainbow","Machine Learning"],"picked":"Fission","floor":16},{"not_picked":["Sweeping Beam+1","Cold Snap+1"],"picked":"Chill+1","floor":18},{"not_picked":["Darkness","Force Field"],"picked":"Defragment","floor":19},{"not_picked":["Fusion+1","Barrage+1"],"picked":"Ball Lightning+1","floor":22},{"not_picked":["Turbo","Barrage+1","Ball Lightning+1"],"picked":"SKIP","floor":24},{"not_picked":["Blizzard+1","Rebound+1","Steam Power+1","Melter+1"],"picked":"SKIP","floor":28}],"player_experience":337476,"relics_obtained":[{"floor":9,"key":"Dream Catcher"},{"floor":11,"key":"Art of War"},{"floor":14,"key":"War Paint"},{"floor":24,"key":"Anchor"},{"floor":26,"key":"Question Card"}],"event_choices":[{"cards_removed":["Strike_B"],"damage_healed":0,"gold_gain":0,"player_choice":"Purged","damage_taken":0,"max_hp_gain":0,"max_hp_loss":0,"event_name":"Purifier","floor":13,"gold_loss":0},{"damage_healed":0,"gold_gain":0,"player_choice":"Ignored","damage_taken":0,"max_hp_gain":0,"max_hp_loss":0,"event_name":"Vampires","floor":25,"gold_loss":0},{"cards_removed":["Strike_B"],"damage_healed":0,"gold_gain":0,"player_choice":"Elegance","damage_taken":0,"max_hp_gain":0,"max_hp_loss":0,"event_name":"Back to Basics","floor":29,"gold_loss":0}],"is_beta":false,"boss_relics":[{"not_picked":["Black Star","Lizard Tail"],"picked":"Inserter"}],"items_purged_floors":[],"is_endless":false,"potions_floor_spawned":[2,4,14,16,19,21,22,28],"killed_by":"Shelled Parasite and Fungi","ascension_level":7}