{"gold_per_floor":[117,130,150,150,164,189,202,202,226,241,260,275,290,290],"floor_reached":14,"playtime":984,"items_purged":[],"score":98,"play_id":"b59a0333-404f-4e90-b38d-7443dddb90fd","local_time":"20190405140526","is_ascension_mode":false,"campfire_choices":[{"data":"Backflip","floor":8,"key":"SMITH"}],"neow_cost":"PERCENT_DAMAGE","seed_source_timestamp":1225590032931800,"circlet_count":0,"master_deck":["Defend_G","Defend_G","Defend_G","Defend_G","Defend_G","Strike_G","Strike_G","Strike_G","Strike_G","Strike_G","Survivor","Neutralize","Envenom","Bane","Backstab","Bouncing Flask","Bouncing Flask","Backflip+1","Prepared","Night Terror","Dagger Throw","Quick Slash","Slice"],"relics":["Ring of the Snake","SsserpentHead","Centennial Puzzle","Dream Catcher"],"potions_floor_usage":[6,7,10,12],"damage_taken":[{"damage":1,"enemies":"Cultist","floor":1,"turns":5},{"damage":5,"enemies":"2 Louse","floor":2,"turns":4},{"damage":0,"enemies":"Small Slimes","floor":3,"turns":4},{"damage":0,"enemies":"Exordium Wildlife","floor":5,"turns":3},{"damage":16,"enemies":"Lagavulin","floor":6,"turns":7},{"damage":9,"enemies":"Blue Slaver","floor":7,"turns":2},{"damage":3,"enemies":"Exordium Thugs","floor":10,"turns":6},{"damage":1,"enemies":"Exordium Wildlife","floor":11,"turns":3},{"damage":0,"enemies":"Looter","floor":12,"turns":2},{"damage":8,"enemies":"2 Fungi Beasts","floor":13,"turns":3},{"damage":6,"enemies":"Exordium Wildlife","floor":14,"turns":2}],"seed_played":"2507231757376472634","potions_obtained":[{"floor":2,"key":"Weak Potion"},{"floor":5,"key":"PowerPotion"},{"floor":6,"key":"Weak Potion"},{"floor":11,"key":"Energy Potion"},{"floor":13,"key":"LiquidBronze"}],"is_trial":false,"path_per_floor":["M","M","M","?","M","E","M","R","T","M","M","M","M","M"],"character_chosen":"THE_SILENT","items_purchased":[],"campfire_rested":0,"item_purchase_floors":[],"current_hp_per_floor":[48,43,43,43,43,27,18,18,18,15,14,14,6,0],"gold":290,"neow_bonus":"THREE_RARE_CARDS","is_prod":false,"is_daily":false,"chose_seed":false,"campfire_upgraded":1,"win_rate":0.0,"timestamp":1554465926,"path_taken":["M","M","M","?","M","E","M","R","T","M","M","M","M","M"],"build_version":"2019-01-23","purchased_purges":0,"victory":false,"max_hp_per_floor":[70,70,70,70,70,70,70,70,70,70,70,70,70,70],"card_choices":[{"not_picked":["Doppelganger","Malaise"],"picked":"Envenom","floor":0},{"not_picked":["Outmaneuver","Quick Slash"],"picked":"Bane","floor":1},{"not_picked":["Reflex","Sucker Punch"],"picked":"Backstab","floor":2},{"not_picked":["Deadly Poison","Slice"],"picked":"Bouncing Flask","floor":3},{"not_picked":["Dagger Spray","Deflect"],"picked":"Bouncing Flask","floor":5},{"not_picked":["Dagger Throw","Bouncing Flask"],"picked":"Backflip","floor":6},{"not_picked":["Dagger Throw","Well Laid Plans"],"picked":"Prepared","floor":7},{"not_picked":["Deadly Poison","Outmaneuver"],"picked":"Night Terror","floor":10},{"not_picked":["Terror","Acrobatics"],"picked":"Dagger Throw","floor":11},{"not_picked":["Acrobatics","Terror"],"picked":"Quick Slash","floor":12},{"not_picked":["Prepared","Expertise"],"picked":"Slice","floor":13}],"player_experience":86991,"relics_obtained":[{"floor":6,"key":"Centennial Puzzle"},{"floor":9,"key":"Dream Catcher"}],"event_choices":[{"damage_healed":0,"gold_gain":0,"player_choice":"Trade","damage_taken":0,"relics_obtained":["SsserpentHead"],"max_hp_gain":0,"max_hp_loss":0,"event_name":"FaceTrader","floor":4,"gold_loss":0}],"is_beta":false,"boss_relics":[],"items_purged_floors":[],"is_endless":false,"potions_floor_spawned":[2,5,6,11,13],"killed_by":"Exordium Wildlife","ascension_level":0}