{"gold_per_floor":[117,129,144,155,155,185,285,317,343,363,363,363,379,389,389,484,484,499,367,367,367,69,69,85,105,131,131,148,148,159,186,186,284,284,302,315,5,0,20,20,46,46,124,154,154,171,204,204,204,204,204,204,49,84,84],"floor_reached":55,"playtime":4389,"items_purged":[],"score":838,"play_id":"dce48f49-9075-4d0a-a65a-faa403673c24","local_time":"20190320222517","is_ascension_mode":true,"campfire_choices":[{"data":"Perfected Strike","floor":11,"key":"SMITH"},{"data":"Inflame","floor":15,"key":"SMITH"},{"data":"Perfected Strike","floor":23,"key":"SMITH"},{"data":"Pommel Strike","floor":27,"key":"SMITH"},{"floor":29,"key":"REST"},{"floor":32,"key":"REST"},{"floor":40,"key":"RECALL"},{"floor":42,"key":"REST"},{"data":"Evolve","floor":49,"key":"SMITH"},{"data":"Sword Boomerang","floor":52,"key":"SMITH"}],"neow_cost":"NONE","seed_source_timestamp":522222136255305,"circlet_count":0,"master_deck":["Strike_R","Strike_R","Strike_R+1","Strike_R","Strike_R","Defend_R","Bash+1","Inflame+1","Iron Wave","Spot Weakness","Sword Boomerang+1","Perfected Strike+1","Thunderclap","Armaments+1","Perfected Strike+1","Infernal Blade+1","Limit Break+1","True Grit+1","Dark Shackles+1","Headbutt","J.A.X.+1","PanicButton+1","Warcry+1","Evolve+1","Pommel Strike+1","Flex+1","Intimidate+1","Reaper","Wild Strike+1","Whirlwind+1","Impervious+1","Perfected Strike+1","Limit Break+1","Inflame+1","Flex+1","Warcry+1","Sword Boomerang+1"],"relics":["Burning Blood","Oddly Smooth Stone","Toxic Egg 2","Whetstone","Omamori","Nloth\u0027s Gift","Lantern","Red Skull","Potion Belt","Black Star","StoneCalendar","Red Mask","Strawberry","Bag of Marbles","Happy Flower","Bronze Scales","Boot","Letter Opener","Art of War","Dodecahedron"],"potions_floor_usage":[6,12,13,16,30,31,36,47,50,54,55],"damage_taken":[{"damage":6,"enemies":"Cultist","floor":1,"turns":3},{"damage":6,"enemies":"Jaw Worm","floor":2,"turns":3},{"damage":2,"enemies":"2 Louse","floor":3,"turns":2},{"damage":6,"enemies":"2 Fungi Beasts","floor":4,"turns":3},{"damage":24,"enemies":"Gremlin Nob","floor":6,"turns":5},{"damage":18,"enemies":"3 Sentries","floor":8,"turns":6},{"damage":11,"enemies":"Exordium Thugs","floor":10,"turns":4},{"damage":0,"enemies":"Exordium Wildlife","floor":12,"turns":1},{"damage":0,"enemies":"Looter","floor":13,"turns":2},{"damage":7,"enemies":"Blue Slaver","floor":14,"turns":3},{"damage":24,"enemies":"The Guardian","floor":16,"turns":8},{"damage":11,"enemies":"Spheric Guardian","floor":18,"turns":3},{"damage":0,"enemies":"Chosen","floor":24,"turns":3},{"damage":29,"enemies":"Centurion and Healer","floor":25,"turns":6},{"damage":24,"enemies":"Shelled Parasite and Fungi","floor":28,"turns":5},{"damage":21,"enemies":"Snake Plant","floor":30,"turns":2},{"damage":25,"enemies":"Slavers","floor":31,"turns":4},{"damage":28,"enemies":"Collector","floor":33,"turns":9},{"damage":13,"enemies":"Orb Walker","floor":35,"turns":3},{"damage":30,"enemies":"3 Shapes","floor":36,"turns":6},{"damage":22,"enemies":"Sphere and 2 Shapes","floor":39,"turns":5},{"damage":45,"enemies":"Reptomancer","floor":41,"turns":6},{"damage":48,"enemies":"Nemesis","floor":44,"turns":5},{"damage":17,"enemies":"4 Shapes","floor":46,"turns":4},{"damage":28,"enemies":"Giant Head","floor":47,"turns":7},{"damage":85,"enemies":"Time Eater","floor":50,"turns":8},{"damage":50,"enemies":"Shield and Spear","floor":54,"turns":4},{"damage":63,"enemies":"The Heart","floor":55,"turns":3}],"seed_played":"3965305778700841892","potions_obtained":[{"floor":1,"key":"SmokeBomb"},{"floor":2,"key":"Swift Potion"},{"floor":3,"key":"Regen Potion"},{"floor":6,"key":"Poison Potion"},{"floor":13,"key":"Fire Potion"},{"floor":24,"key":"BloodPotion"},{"floor":25,"key":"FairyPotion"},{"floor":35,"key":"FearPotion"},{"floor":44,"key":"Weak Potion"},{"floor":47,"key":"Energy Potion"}],"is_trial":false,"path_per_floor":["M","M","M","M","?","E","?","E","T","M","R","M","M","M","R","B",null,"M","$","?","?","$","R","M","M","T","R","M","R","M","E","R","B",null,"M","M","$","?","M","R","E","R","T","E","?","M","E","?","R","B",null,"R","$","E","B"],"character_chosen":"IRONCLAD","items_purchased":["Dark Shackles+1","Headbutt","PanicButton+1","Lantern","Warcry+1","StoneCalendar","Warcry+1","Strength Potion","Swift Potion"],"campfire_rested":3,"item_purchase_floors":[19,19,22,22,22,37,53,53,53],"current_hp_per_floor":[80,80,80,80,85,72,72,60,60,55,55,61,67,66,66,48,85,80,80,80,80,80,80,85,62,62,62,44,69,62,43,68,46,85,78,61,61,61,45,45,21,48,48,7,7,32,27,92,92,23,92,92,92,48,0],"gold":84,"neow_bonus":"RANDOM_COMMON_RELIC","is_prod":false,"is_daily":false,"chose_seed":false,"campfire_upgraded":6,"win_rate":0,"timestamp":1553088317,"path_taken":["M","M","M","M","?","E","?","E","T","M","R","?","M","M","R","BOSS","M","$","?","?","$","R","M","M","T","R","M","R","?","E","R","BOSS","M","M","$","?","M","R","E","R","T","E","?","M","E","?","R","BOSS","R","$","E","BOSS"],"build_version":"2019-01-23","purchased_purges":0,"victory":false,"max_hp_per_floor":[80,80,80,80,85,85,85,85,85,85,85,85,85,85,85,85,85,85,85,85,85,85,85,85,85,85,85,85,85,85,85,85,85,85,85,85,85,85,85,85,92,92,92,92,92,92,92,92,92,92,92,92,92,92,92],"card_choices":[{"not_picked":["Whirlwind","Shockwave"],"picked":"Inflame","floor":1},{"not_picked":["Power Through","Inflame"],"picked":"Iron Wave","floor":2},{"not_picked":["Combust","Pummel"],"picked":"Spot Weakness","floor":3},{"not_picked":["Metallicize","Entrench"],"picked":"Sword Boomerang","floor":4},{"not_picked":["Pommel Strike","Spot Weakness"],"picked":"Perfected Strike","floor":6},{"not_picked":["Havoc+1","Wild Strike"],"picked":"Thunderclap","floor":8},{"not_picked":["Sever Soul","Heavy Blade"],"picked":"Armaments+1","floor":10},{"not_picked":["Havoc+1","Sword Boomerang"],"picked":"Perfected Strike","floor":13},{"not_picked":["Heavy Blade","Clothesline"],"picked":"Infernal Blade+1","floor":14},{"not_picked":["Fiend Fire","Barricade"],"picked":"Limit Break+1","floor":16},{"not_picked":["Fire Breathing+1","Shockwave+1"],"picked":"True Grit+1","floor":18},{"not_picked":["Warcry+1","Clothesline"],"picked":"Evolve","floor":24},{"not_picked":["Metallicize","True Grit+1"],"picked":"Pommel Strike","floor":25},{"not_picked":["Intimidate+1","Perfected Strike"],"picked":"Flex+1","floor":28},{"not_picked":["Anger","Headbutt"],"picked":"Intimidate+1","floor":30},{"not_picked":["Juggernaut","Dark Embrace","Fiend Fire"],"picked":"SKIP","floor":31},{"not_picked":["Brutality","Offering+1"],"picked":"Reaper","floor":33},{"not_picked":["Uppercut","Thunderclap"],"picked":"Wild Strike+1","floor":35},{"not_picked":["Armaments+1","Pommel Strike"],"picked":"Whirlwind+1","floor":36},{"not_picked":["Rage+1","Pommel Strike"],"picked":"Impervious+1","floor":39},{"not_picked":["Metallicize+1","Reckless Charge"],"picked":"Perfected Strike+1","floor":41},{"not_picked":["Barricade","Exhume+1"],"picked":"Limit Break+1","floor":44},{"not_picked":["Burning Pact+1","Bloodletting+1"],"picked":"Inflame+1","floor":46},{"not_picked":["Sword Boomerang+1","Iron Wave"],"picked":"Flex+1","floor":47},{"not_picked":["Warcry+1","Exhume+1"],"picked":"Sword Boomerang+1","floor":54}],"player_experience":124087,"relics_obtained":[{"floor":6,"key":"Toxic Egg 2"},{"floor":8,"key":"Whetstone"},{"floor":9,"key":"Omamori"},{"floor":26,"key":"Red Skull"},{"floor":31,"key":"Potion Belt"},{"floor":41,"key":"Strawberry"},{"floor":41,"key":"Bag of Marbles"},{"floor":44,"key":"Happy Flower"},{"floor":44,"key":"Bronze Scales"},{"floor":47,"key":"Boot"},{"floor":47,"key":"Letter Opener"},{"floor":54,"key":"Art of War"},{"floor":54,"key":"Dodecahedron"}],"event_choices":[{"damage_healed":0,"gold_gain":0,"player_choice":"Donut","damage_taken":0,"max_hp_gain":5,"max_hp_loss":0,"event_name":"Big Fish","floor":5,"gold_loss":0},{"damage_healed":0,"gold_gain":100,"player_choice":"Pray","damage_taken":0,"max_hp_gain":0,"max_hp_loss":0,"event_name":"Golden Shrine","floor":7,"gold_loss":0},{"damage_healed":0,"gold_gain":0,"player_choice":"Obtain J.A.X.","damage_taken":0,"max_hp_gain":0,"max_hp_loss":0,"event_name":"Drug Dealer","floor":20,"gold_loss":0,"cards_obtained":["J.A.X."]},{"damage_healed":0,"gold_gain":0,"player_choice":"Traded Relic","damage_taken":0,"relics_obtained":["Nloth\u0027s Gift"],"max_hp_gain":0,"max_hp_loss":0,"event_name":"N\u0027loth","floor":21,"relics_lost":["Empty Cage"],"gold_loss":0},{"damage_healed":0,"gold_gain":0,"player_choice":"Paid","damage_taken":0,"relics_obtained":["Red Mask"],"max_hp_gain":0,"max_hp_loss":0,"event_name":"Tomb of Lord Red Mask","floor":38,"gold_loss":5},{"cards_removed":["Defend_R"],"damage_healed":0,"gold_gain":0,"player_choice":"Removed Skill","damage_taken":0,"max_hp_gain":0,"max_hp_loss":0,"event_name":"Falling","floor":45,"gold_loss":0},{"damage_healed":65,"gold_gain":0,"player_choice":"Heal","damage_taken":0,"max_hp_gain":0,"max_hp_loss":0,"event_name":"MindBloom","floor":48,"gold_loss":0,"cards_obtained":["Doubt"]}],"is_beta":false,"boss_relics":[{"not_picked":["Philosopher\u0027s Stone","Snecko Eye"],"picked":"Empty Cage"},{"not_picked":["Fusion Hammer","White Beast Statue"],"picked":"Black Star"}],"items_purged_floors":[],"is_endless":false,"potions_floor_spawned":[1,2,3,6,13,24,25,35,44,47],"killed_by":"The Heart","ascension_level":2}