{"gold_per_floor":[114,114,114,42,57,57,72,83,83,114,114],"floor_reached":11,"playtime":384,"items_purged":[],"score":95,"play_id":"9684524a-e600-44fa-9e35-cb282648bb70","local_time":"20190430233407","is_ascension_mode":true,"campfire_choices":[{"data":"1","floor":6,"key":"LIFT"}],"neow_cost":"NONE","seed_source_timestamp":85253330322900,"circlet_count":0,"master_deck":["Strike_B","Strike_B","Strike_B","Defend_B","Defend_B","Defend_B","Defend_B","Zap","Dualcast","Fission","Redo","White Noise","FTL","Coolheaded","Echo Form"],"relics":["Cracked Core","Girya","Sundial","Oddly Smooth Stone"],"potions_floor_usage":[],"damage_taken":[{"damage":6,"enemies":"Cultist","floor":1,"turns":3},{"damage":8,"enemies":"2 Louse","floor":5,"turns":3},{"damage":2,"enemies":"Jaw Worm","floor":7,"turns":3},{"damage":8,"enemies":"Gremlin Gang","floor":8,"turns":6},{"damage":15,"enemies":"3 Sentries","floor":10,"turns":11},{"damage":28,"enemies":"Large Slime","floor":11,"turns":5}],"seed_played":"-2745231650304472005","potions_obtained":[{"floor":1,"key":"Dexterity Potion"},{"floor":7,"key":"FocusPotion"},{"floor":10,"key":"SpeedPotion"}],"is_trial":false,"path_per_floor":["M","T","?","$","M","R","M","M","T","E","M"],"character_chosen":"DEFECT","items_purchased":["White Noise"],"campfire_rested":0,"item_purchase_floors":[4],"current_hp_per_floor":[62,62,55,55,47,47,45,37,37,22,0],"gold":114,"neow_bonus":"ONE_RANDOM_RARE_CARD","is_prod":false,"is_daily":false,"chose_seed":false,"campfire_upgraded":0,"win_rate":0,"timestamp":1556660047,"path_taken":["M","?","?","?","M","R","M","M","T","E","M"],"build_version":"2019-01-23","purchased_purges":0,"victory":false,"max_hp_per_floor":[75,75,75,75,75,75,75,75,75,75,75],"card_choices":[{"not_picked":["Static Discharge","Turbo"],"picked":"Redo","floor":1},{"not_picked":["Rebound","Ball Lightning"],"picked":"FTL","floor":5},{"not_picked":["Sweeping Beam","Melter"],"picked":"Coolheaded","floor":7},{"not_picked":["Turbo","Compile Driver","Tempest"],"picked":"SKIP","floor":8},{"not_picked":["Sweeping Beam","Streamline"],"picked":"Echo Form","floor":10}],"player_experience":914829,"relics_obtained":[{"floor":2,"key":"Girya"},{"floor":9,"key":"Sundial"},{"floor":10,"key":"Oddly Smooth Stone"}],"event_choices":[{"cards_removed":["Strike_B"],"damage_healed":0,"gold_gain":0,"player_choice":"Card Removal","damage_taken":7,"max_hp_gain":0,"max_hp_loss":0,"event_name":"Golden Wing","floor":3,"gold_loss":0}],"is_beta":false,"boss_relics":[],"items_purged_floors":[],"is_endless":false,"potions_floor_spawned":[1,7,10],"killed_by":"Large Slime","ascension_level":6}