{"gold_per_floor":[110,125,125,137,137,172,172,37,61,96,96,171,191,156,156,260,260,275,275,295,139,155,155,219,219,219,219,219,236,236,261,261,361,361,374,389,232,252,0,0,53,66,66,66,99,116,116],"floor_reached":47,"playtime":4657,"items_purged":[],"score":531,"play_id":"4af6c7a3-9780-48bd-9489-eaa15e9c23b1","local_time":"20190309020337","is_ascension_mode":false,"campfire_choices":[{"floor":7,"key":"REST"},{"floor":11,"key":"REST"},{"floor":15,"key":"REST"},{"floor":23,"key":"REST"},{"floor":25,"key":"REST"},{"floor":27,"key":"REST"},{"data":"Double Energy","floor":30,"key":"SMITH"},{"floor":32,"key":"REST"},{"floor":40,"key":"REST"},{"floor":44,"key":"REST"}],"neow_cost":"NONE","seed_source_timestamp":401405483342099,"circlet_count":0,"master_deck":["Strike_B+1","Strike_B+1","Strike_B+1","Strike_B+1","Defend_B+1","Defend_B+1","Defend_B+1","Dualcast","Reboot","Lockon+1","Darkness","Go for the Eyes","Fusion","Rainbow","FTL","Doom and Gloom","Hologram","Amplify+1","Redo","Steam+1","Rebound","Conserve Battery+1","Double Energy+1","Go for the Eyes","Steam+1","Compile Driver+1","Amplify","Consume+1","Scrape+1","Buffer+1","Static Discharge+1","Stack","Loop","Panacea","Fusion+1","Conserve Battery+1","Auto Shields","Leap+1","Darkness+1","Leap+1"],"relics":["Cracked Core","PreservedInsect","Dream Catcher","Smiling Mask","Runic Pyramid","Omamori","Tiny Chest","Mercury Hourglass","Letter Opener","War Paint","Astrolabe","Red Mask","Blood Vial","Pen Nib","Art of War"],"potions_floor_usage":[20,24,24,38,38,46,47,47],"damage_taken":[{"damage":6,"enemies":"Jaw Worm","floor":1,"turns":3},{"damage":5,"enemies":"2 Louse","floor":2,"turns":2},{"damage":1,"enemies":"Cultist","floor":4,"turns":3},{"damage":21,"enemies":"Lagavulin","floor":6,"turns":4},{"damage":15,"enemies":"3 Sentries","floor":10,"turns":5},{"damage":5,"enemies":"2 Fungi Beasts","floor":13,"turns":3},{"damage":46,"enemies":"Hexaghost","floor":16,"turns":8},{"damage":32,"enemies":"2 Thieves","floor":18,"turns":4},{"damage":7,"enemies":"Spheric Guardian","floor":20,"turns":3},{"damage":28,"enemies":"3 Cultists","floor":22,"turns":5},{"damage":22,"enemies":"Gremlin Leader","floor":24,"turns":7},{"damage":6,"enemies":"Chosen and Byrds","floor":29,"turns":6},{"damage":67,"enemies":"Champ","floor":33,"turns":12},{"damage":0,"enemies":"Orb Walker","floor":35,"turns":4},{"damage":24,"enemies":"3 Darklings","floor":36,"turns":3},{"damage":12,"enemies":"Maw","floor":38,"turns":7},{"damage":19,"enemies":"Jaw Worm Horde","floor":42,"turns":4},{"damage":49,"enemies":"Giant Head","floor":45,"turns":9},{"damage":14,"enemies":"Transient","floor":46,"turns":5},{"damage":20,"enemies":"Writhing Mass","floor":47,"turns":3}],"seed_played":"3065680674799883026","potions_obtained":[{"floor":10,"key":"SteroidPotion"},{"floor":13,"key":"GamblersBrew"},{"floor":16,"key":"Dexterity Potion"},{"floor":22,"key":"GamblersBrew"},{"floor":33,"key":"EssenceOfSteel"},{"floor":36,"key":"AttackPotion"},{"floor":45,"key":"FocusPotion"},{"floor":46,"key":"LiquidBronze"}],"is_trial":false,"path_per_floor":["M","M","?","M","?","E","R","$","T","E","R","?","M","?","R","B",null,"M","?","M","$","M","R","E","R","T","R","T","M","R","T","R","B",null,"M","M","$","M","?","R","T","M","T","R","E","M","M"],"character_chosen":"DEFECT","items_purchased":["Rainbow","Omamori","Loop","Panacea"],"campfire_rested":9,"item_purchase_floors":[8,21,37,37],"current_hp_per_floor":[69,64,57,56,41,20,42,42,42,27,49,42,37,55,75,29,75,43,43,36,36,8,30,8,30,30,52,52,46,46,46,68,1,75,75,51,51,39,39,61,61,44,44,66,19,7,0],"gold":116,"neow_bonus":"ONE_RANDOM_RARE_CARD","is_prod":false,"is_daily":false,"chose_seed":false,"campfire_upgraded":1,"win_rate":0.0,"timestamp":1552064617,"path_taken":["M","M","?","M","?","E","R","$","T","E","R","?","?","?","R","BOSS","M","?","M","$","M","R","E","R","T","R","?","M","R","?","R","BOSS","M","M","$","M","?","R","?","M","T","R","E","M","?"],"build_version":"2019-01-23","purchased_purges":0,"victory":false,"max_hp_per_floor":[75,75,75,75,75,75,75,75,75,75,75,75,75,75,75,75,75,75,75,75,75,75,75,75,75,75,75,75,75,75,75,75,75,75,75,75,75,75,75,75,75,75,75,75,75,75,75],"card_choices":[{"not_picked":["Redo","Cold Snap"],"picked":"Lockon","floor":1},{"not_picked":["Streamline","Hello World"],"picked":"Darkness","floor":2},{"not_picked":["Darkness","Capacitor"],"picked":"Go for the Eyes","floor":4},{"not_picked":["Ball Lightning","Beam Cell"],"picked":"Fusion","floor":6},{"not_picked":["Static Discharge","Thunder Strike"],"picked":"FTL","floor":10},{"not_picked":["Beam Cell","Gash"],"picked":"Streamline","floor":11},{"not_picked":["Rebound","Aggregate"],"picked":"Doom and Gloom","floor":13},{"not_picked":["Darkness","Multi-Cast"],"picked":"Hologram","floor":15},{"not_picked":["Rainbow","Seek"],"picked":"Amplify","floor":16},{"not_picked":["Gash","Stack"],"picked":"Redo","floor":18},{"not_picked":["Chaos","Redo+1"],"picked":"Steam+1","floor":20},{"not_picked":["FTL","Streamline"],"picked":"Rebound","floor":22},{"not_picked":["Sweeping Beam","Fusion"],"picked":"Hologram+1","floor":23},{"not_picked":["Rebound","Tempest+1"],"picked":"Conserve Battery+1","floor":24},{"not_picked":["Coolheaded","Rebound+1"],"picked":"Double Energy","floor":25},{"not_picked":["Cold Snap+1","Barrage"],"picked":"Go for the Eyes","floor":27},{"not_picked":["Steam Power","Thunder Strike"],"picked":"Steam","floor":29},{"not_picked":["Go for the Eyes","Double Energy"],"picked":"Compile Driver+1","floor":32},{"not_picked":["Fission","Reboot"],"picked":"Amplify","floor":33},{"not_picked":["Gash+1","Leap+1"],"picked":"Static Discharge+1","floor":35},{"not_picked":["Beam Cell","Compile Driver"],"picked":"Stack","floor":36},{"not_picked":["Gash+1","Steam+1"],"picked":"Fusion+1","floor":38},{"not_picked":["Streamline","Sweeping Beam"],"picked":"Conserve Battery+1","floor":40},{"not_picked":["Redo+1","Gash+1"],"picked":"Auto Shields","floor":42},{"not_picked":["Fusion","Sweeping Beam+1"],"picked":"Leap+1","floor":44},{"not_picked":["Rebound","Stack"],"picked":"Darkness+1","floor":45},{"not_picked":["Sweeping Beam","Rip and Tear"],"picked":"Leap+1","floor":46}],"player_experience":40524,"relics_obtained":[{"floor":6,"key":"PreservedInsect"},{"floor":9,"key":"Dream Catcher"},{"floor":10,"key":"Smiling Mask"},{"floor":24,"key":"Tiny Chest"},{"floor":26,"key":"Mercury Hourglass"},{"floor":28,"key":"Letter Opener"},{"floor":31,"key":"War Paint"},{"floor":41,"key":"Blood Vial"},{"floor":43,"key":"Pen Nib"},{"floor":45,"key":"Art of War"}],"event_choices":[{"cards_removed":["Defend_B"],"damage_healed":0,"gold_gain":0,"player_choice":"Card Removal","damage_taken":7,"max_hp_gain":0,"max_hp_loss":0,"event_name":"Golden Wing","floor":3,"gold_loss":0},{"damage_healed":0,"gold_gain":0,"player_choice":"Entered Light","damage_taken":15,"max_hp_gain":0,"max_hp_loss":0,"event_name":"Shining Light","floor":5,"gold_loss":0,"cards_upgraded":["Strike_B","Lockon"]},{"damage_healed":0,"gold_gain":75,"player_choice":"Touch","damage_taken":7,"max_hp_gain":0,"max_hp_loss":0,"event_name":"FaceTrader","floor":12,"gold_loss":0},{"damage_healed":18,"gold_gain":0,"player_choice":"Healed","damage_taken":0,"max_hp_gain":0,"max_hp_loss":0,"event_name":"The Cleric","floor":14,"gold_loss":35},{"damage_healed":0,"gold_gain":0,"player_choice":"Simplicity","damage_taken":0,"max_hp_gain":0,"max_hp_loss":0,"event_name":"Back to Basics","floor":19,"gold_loss":0,"cards_upgraded":["Strike_B","Strike_B","Strike_B","Defend_B","Defend_B","Defend_B"]},{"damage_healed":0,"gold_gain":0,"player_choice":"Paid","damage_taken":0,"relics_obtained":["Red Mask"],"max_hp_gain":0,"max_hp_loss":0,"event_name":"Tomb of Lord Red Mask","floor":39,"gold_loss":252}],"is_beta":false,"boss_relics":[{"not_picked":["Pandora\u0027s Box","Snecko Eye"],"picked":"Runic Pyramid"},{"not_picked":["Coffee Dripper","Empty Cage"],"picked":"Astrolabe"}],"items_purged_floors":[],"is_endless":false,"potions_floor_spawned":[10,13,16,18,22,33,36,45,46],"killed_by":"Writhing Mass","ascension_level":0}