{"gold_per_floor":[113,125,136,147,147,182,147,165,242,242,259,276,302,452,452,452],"floor_reached":16,"playtime":711,"items_purged":[],"score":205,"play_id":"0135f287-2b86-4b8a-a74a-17983b3a24b1","local_time":"20190505113622","is_ascension_mode":true,"campfire_choices":[{"data":"Dual Wield","floor":10,"key":"SMITH"},{"floor":15,"key":"REST"}],"neow_cost":"PERCENT_DAMAGE","seed_source_timestamp":473862324120700,"circlet_count":0,"master_deck":["AscendersBane","Strike_R","Strike_R","Strike_R","Strike_R","Strike_R","Defend_R","Defend_R","Defend_R","Defend_R","Bash","Dual Wield+1","Headbutt","Battle Trance","Dropkick","Metallicize","Cleave","Doubt","Feed"],"relics":["Burning Blood","Pocketwatch","Oddly Smooth Stone","Ginger","Singing Bowl","Dream Catcher"],"potions_floor_usage":[12,12,16],"damage_taken":[{"damage":9,"enemies":"2 Louse","floor":1,"turns":3},{"damage":7,"enemies":"Jaw Worm","floor":2,"turns":3},{"damage":0,"enemies":"Small Slimes","floor":3,"turns":3},{"damage":15,"enemies":"2 Fungi Beasts","floor":4,"turns":4},{"damage":30,"enemies":"3 Sentries","floor":6,"turns":12},{"damage":5,"enemies":"Red Slaver","floor":8,"turns":3},{"damage":5,"enemies":"Looter","floor":11,"turns":3},{"damage":10,"enemies":"Gremlin Gang","floor":12,"turns":4},{"damage":29,"enemies":"Gremlin Nob","floor":13,"turns":4},{"damage":36,"enemies":"Hexaghost","floor":16,"turns":12}],"seed_played":"8573127766218479","potions_obtained":[{"floor":3,"key":"LiquidBronze"},{"floor":6,"key":"SkillPotion"},{"floor":13,"key":"LiquidBronze"}],"is_trial":false,"path_per_floor":["M","M","M","M","?","E","?","M","T","R","M","M","E","?","R","B"],"character_chosen":"IRONCLAD","items_purchased":[],"campfire_rested":1,"item_purchase_floors":[],"current_hp_per_floor":[47,46,52,43,38,14,32,33,33,33,36,34,11,11,34,0],"gold":452,"neow_bonus":"ONE_RARE_RELIC","is_prod":false,"is_daily":false,"chose_seed":false,"campfire_upgraded":1,"win_rate":0,"timestamp":1557048982,"path_taken":["M","M","M","M","?","E","?","M","T","R","M","?","E","?","R","BOSS"],"build_version":"2019-01-23","purchased_purges":0,"victory":false,"max_hp_per_floor":[75,75,75,75,75,75,75,75,75,75,77,79,79,79,79,79],"card_choices":[{"not_picked":["Anger","Iron Wave"],"picked":"Dual Wield","floor":1},{"not_picked":["Wild Strike","Body Slam"],"picked":"Headbutt","floor":2},{"not_picked":["Body Slam","Warcry"],"picked":"Battle Trance","floor":3},{"not_picked":["Feel No Pain","Havoc","Anger"],"picked":"SKIP","floor":4},{"not_picked":["Headbutt","Barricade"],"picked":"Dropkick","floor":6},{"not_picked":["Uppercut","Pommel Strike"],"picked":"Metallicize","floor":8},{"not_picked":["Pommel Strike","Twin Strike","Iron Wave"],"picked":"Singing Bowl","floor":11},{"not_picked":["Sword Boomerang","Warcry","Twin Strike"],"picked":"Singing Bowl","floor":12},{"not_picked":["True Grit","Sever Soul"],"picked":"Cleave","floor":13},{"not_picked":["Hemokinesis","Wild Strike"],"picked":"Feed","floor":15}],"player_experience":1101970,"relics_obtained":[{"floor":6,"key":"Ginger"},{"floor":9,"key":"Singing Bowl"},{"floor":13,"key":"Dream Catcher"}],"event_choices":[{"damage_healed":0,"gold_gain":0,"player_choice":"Success","damage_taken":5,"relics_obtained":["Oddly Smooth Stone"],"max_hp_gain":0,"max_hp_loss":0,"event_name":"Scrap Ooze","floor":5,"gold_loss":0},{"damage_healed":18,"gold_gain":0,"player_choice":"Healed","damage_taken":0,"max_hp_gain":0,"max_hp_loss":0,"event_name":"The Cleric","floor":7,"gold_loss":35},{"damage_healed":0,"gold_gain":150,"player_choice":"AGREE","damage_taken":0,"max_hp_gain":0,"max_hp_loss":0,"event_name":"Liars Game","floor":14,"gold_loss":0,"cards_obtained":["Doubt"]}],"is_beta":false,"boss_relics":[],"items_purged_floors":[],"is_endless":false,"potions_floor_spawned":[3,6,8,13],"killed_by":"Hexaghost","ascension_level":16}