{"gold_per_floor":[114,64,239,239,257,257,300,318,345,360,360,398,398,28,28,153,153,166,187,286,286],"floor_reached":21,"playtime":3745,"items_purged":[],"score":262,"play_id":"b57ddff9-60ac-407e-bef0-ab49508ea5a4","local_time":"20190402234325","is_ascension_mode":true,"campfire_choices":[{"data":"Zap","floor":6,"key":"SMITH"},{"floor":11,"key":"REST"},{"data":"Redo","floor":15,"key":"SMITH"}],"neow_cost":"NONE","seed_source_timestamp":137641331294703,"circlet_count":0,"master_deck":["Strike_B","Strike_B","Strike_B","Defend_B","Defend_B","Defend_B","Defend_B","Zap+1","Dualcast","Purity","Redo+1","Doubt","Injury","Beam Cell","Coolheaded","FTL","Parasite","Ball Lightning","Creative AI","Go for the Eyes+1","Leap"],"relics":["Cracked Core","Golden Idol","Potion Belt","Art of War","Thread and Needle","Singing Bowl","Cursed Key"],"potions_floor_usage":[7,12,12,16,16,19],"damage_taken":[{"damage":4,"enemies":"Jaw Worm","floor":1,"turns":3},{"damage":1,"enemies":"Small Slimes","floor":5,"turns":3},{"damage":30,"enemies":"Lagavulin","floor":7,"turns":5},{"damage":3,"enemies":"2 Louse","floor":8,"turns":2},{"damage":8,"enemies":"2 Fungi Beasts","floor":10,"turns":4},{"damage":22,"enemies":"3 Sentries","floor":12,"turns":11},{"damage":4,"enemies":"Hexaghost","floor":16,"turns":9},{"damage":42,"enemies":"3 Byrds","floor":18,"turns":4},{"damage":35,"enemies":"Chosen","floor":19,"turns":7},{"damage":3,"enemies":"Snake Plant","floor":21,"turns":2}],"seed_played":"-5346214825143952954","potions_obtained":[{"floor":5,"key":"Strength Potion"},{"floor":7,"key":"Strength Potion"},{"floor":10,"key":"EssenceOfSteel"},{"floor":12,"key":"EssenceOfSteel"},{"floor":18,"key":"Regen Potion"}],"is_trial":false,"path_per_floor":["?","?","?","?","$","?"],"character_chosen":"DEFECT","items_purchased":["Singing Bowl","Ball Lightning","FocusPotion"],"campfire_rested":1,"item_purchase_floors":[14,14,14],"current_hp_per_floor":[64,64,64,64,63,63,33,30,30,22,44,22,40,40,40,36,65,23,3,3,0],"gold":286,"neow_bonus":"RANDOM_COLORLESS","is_prod":false,"is_daily":false,"chose_seed":false,"campfire_upgraded":2,"win_rate":0,"timestamp":1554270205,"path_taken":["M","?","?","?","M","R","E","M","T","M","R","E","?","?","R","BOSS","M","M","?","M"],"build_version":"2019-01-23","purchased_purges":0,"victory":false,"max_hp_per_floor":[75,75,75,75,75,75,75,75,75,75,75,75,75,75,75,75,75,75,75,75,75],"card_choices":[{"not_picked":["Undo","Skim"],"picked":"Redo","floor":1},{"not_picked":["Hello World","Steam"],"picked":"Beam Cell","floor":5},{"not_picked":["Conserve Battery","Compile Driver"],"picked":"Coolheaded","floor":7},{"not_picked":["Undo","Blizzard","Barrage"],"picked":"SKIP","floor":8},{"not_picked":["Beam Cell","Melter","Recycle"],"picked":"SKIP","floor":10},{"not_picked":["Undo","Sunder"],"picked":"FTL","floor":12},{"not_picked":["Thunder Strike","Multi-Cast"],"picked":"Creative AI","floor":16},{"not_picked":["Force Field","Chaos+1"],"picked":"Go for the Eyes+1","floor":18},{"not_picked":["Turbo","Creative AI"],"picked":"Leap","floor":19}],"player_experience":433861,"relics_obtained":[{"floor":7,"key":"Potion Belt"},{"floor":9,"key":"Art of War"},{"floor":12,"key":"Thread and Needle"}],"event_choices":[{"cards_removed":["Strike_B"],"damage_healed":0,"gold_gain":0,"player_choice":"Card Removal","damage_taken":0,"max_hp_gain":0,"max_hp_loss":0,"event_name":"The Cleric","floor":2,"gold_loss":50},{"damage_healed":0,"gold_gain":175,"player_choice":"AGREE","damage_taken":0,"max_hp_gain":0,"max_hp_loss":0,"event_name":"Liars Game","floor":3,"gold_loss":0,"cards_obtained":["Doubt"]},{"damage_healed":0,"gold_gain":0,"player_choice":"Take Wound","damage_taken":0,"relics_obtained":["Golden Idol"],"max_hp_gain":0,"max_hp_loss":0,"event_name":"Golden Idol","floor":4,"gold_loss":0,"cards_obtained":["Injury"]},{"damage_healed":18,"gold_gain":0,"player_choice":"Healed and dodged fight","damage_taken":0,"max_hp_gain":0,"max_hp_loss":0,"event_name":"Mushrooms","floor":13,"gold_loss":0,"cards_obtained":["Parasite"]},{"damage_healed":0,"gold_gain":99,"player_choice":"Stole From Cult","damage_taken":0,"max_hp_gain":0,"max_hp_loss":0,"event_name":"Nest","floor":20,"gold_loss":0}],"is_beta":false,"boss_relics":[{"not_picked":["FrozenCore","Astrolabe"],"picked":"Cursed Key"}],"items_purged_floors":[],"is_endless":false,"potions_floor_spawned":[5,7,10,12,18],"killed_by":"Snake Plant","ascension_level":8}