{"gold_per_floor":[116,136,146,156,156,184,184,214,214,214,228,228,228,240,240,319,319,332,3,18,18,36,36,36],"floor_reached":24,"playtime":892,"items_purged":[],"score":374,"play_id":"f265f546-9a93-462c-98dd-5fff3b6bdd35","local_time":"20190504225821","is_ascension_mode":true,"campfire_choices":[{"floor":7,"key":"REST"},{"data":"Strike_R","floor":10,"key":"SMITH"},{"data":"Ghostly Armor","floor":13,"key":"SMITH"},{"data":"Sword Boomerang","floor":15,"key":"SMITH"},{"data":"Mayhem","floor":23,"key":"SMITH"}],"neow_cost":"PERCENT_DAMAGE","seed_source_timestamp":428198907549300,"circlet_count":0,"master_deck":["AscendersBane","Strike_R","Strike_R","Strike_R","Strike_R","Strike_R+1","Defend_R","Defend_R","Defend_R","Bash","Ghostly Armor+1","Shrug It Off","Armaments","Spot Weakness+1","Burning Pact","Dual Wield","Sword Boomerang+1","Barricade","Cleave","Mayhem+1","Armaments","Shame","Flame Barrier"],"relics":["Burning Blood","Thread and Needle","Pen Nib","Blood Vial","Bottled Flame","Cursed Key","Membership Card","Incense Burner"],"potions_floor_usage":[8,16,16],"damage_taken":[{"damage":2,"enemies":"Jaw Worm","floor":1,"turns":6},{"damage":0,"enemies":"2 Louse","floor":2,"turns":4},{"damage":0,"enemies":"Small Slimes","floor":3,"turns":4},{"damage":3,"enemies":"2 Fungi Beasts","floor":4,"turns":6},{"damage":57,"enemies":"Lagavulin","floor":6,"turns":9},{"damage":3,"enemies":"3 Sentries","floor":8,"turns":10},{"damage":12,"enemies":"Lots of Slimes","floor":11,"turns":6},{"damage":2,"enemies":"Looter","floor":14,"turns":4},{"damage":32,"enemies":"The Guardian","floor":16,"turns":7},{"damage":9,"enemies":"2 Thieves","floor":18,"turns":5},{"damage":0,"enemies":"Chosen","floor":20,"turns":4},{"damage":42,"enemies":"3 Cultists","floor":22,"turns":6},{"damage":19,"enemies":"Gremlin Leader","floor":24,"turns":4}],"seed_played":"-7000494012866171830","potions_obtained":[{"floor":2,"key":"Swift Potion"},{"floor":3,"key":"BloodPotion"},{"floor":6,"key":"Block Potion"},{"floor":11,"key":"Fire Potion"},{"floor":20,"key":"Energy Potion"}],"is_trial":false,"path_per_floor":["M","M","M","M","?","E","R","E","T","R","M","?","R","M","R","B",null,"M","$","M","?","M","R","E"],"character_chosen":"IRONCLAD","items_purchased":["Membership Card","Mayhem"],"campfire_rested":1,"item_purchase_floors":[19,19],"current_hp_per_floor":[54,60,66,69,62,11,33,36,36,36,32,32,32,38,38,21,62,61,61,69,69,35,35,18],"gold":36,"neow_bonus":"ONE_RARE_RELIC","is_prod":false,"is_daily":false,"chose_seed":false,"campfire_upgraded":4,"win_rate":0,"timestamp":1557003501,"path_taken":["M","M","M","M","?","E","R","E","T","R","M","?","R","M","R","BOSS","M","$","M","?","M","R","E"],"build_version":"2019-01-23","purchased_purges":0,"victory":false,"max_hp_per_floor":[75,75,75,75,75,75,75,75,75,75,75,75,75,75,75,75,75,75,75,75,75,75,75,75],"card_choices":[{"not_picked":["Flex","Rage"],"picked":"Ghostly Armor","floor":1},{"not_picked":["Clothesline","Spot Weakness"],"picked":"Shrug It Off","floor":2},{"not_picked":["Berserk","Wild Strike","Headbutt"],"picked":"SKIP","floor":3},{"not_picked":["Berserk","Wild Strike","Headbutt"],"picked":"SKIP","floor":3},{"not_picked":["Anger","Havoc"],"picked":"Armaments","floor":4},{"not_picked":["Pommel Strike","Brutality"],"picked":"Spot Weakness","floor":6},{"not_picked":["Twin Strike","True Grit"],"picked":"Burning Pact","floor":8},{"not_picked":["Anger","Infernal Blade"],"picked":"Dual Wield","floor":11},{"not_picked":["Clothesline","Rampage"],"picked":"Sword Boomerang","floor":14},{"not_picked":["Berserk","Exhume"],"picked":"Barricade","floor":16},{"not_picked":["Second Wind","Sword Boomerang"],"picked":"Cleave","floor":18},{"not_picked":["Perfected Strike","Pommel Strike"],"picked":"Armaments","floor":20},{"not_picked":["Sentinel","Anger"],"picked":"Flame Barrier","floor":22}],"player_experience":1093631,"relics_obtained":[{"floor":6,"key":"Pen Nib"},{"floor":8,"key":"Blood Vial"},{"floor":9,"key":"Bottled Flame"}],"event_choices":[{"cards_removed":["Defend_R"],"damage_healed":0,"gold_gain":0,"player_choice":"Card Removal","damage_taken":7,"max_hp_gain":0,"max_hp_loss":0,"event_name":"Golden Wing","floor":5,"gold_loss":0},{"damage_healed":0,"gold_gain":0,"player_choice":"Grow","damage_taken":0,"max_hp_gain":0,"max_hp_loss":0,"event_name":"Living Wall","floor":12,"gold_loss":0,"cards_upgraded":["Spot Weakness"]},{"damage_healed":0,"gold_gain":0,"player_choice":"Stole Relic","damage_taken":0,"relics_obtained":["Incense Burner"],"max_hp_gain":0,"max_hp_loss":0,"event_name":"Addict","floor":21,"gold_loss":0,"cards_obtained":["Shame"]}],"is_beta":false,"boss_relics":[{"not_picked":["Astrolabe","Philosopher\u0027s Stone"],"picked":"Cursed Key"}],"items_purged_floors":[],"is_endless":false,"potions_floor_spawned":[2,3,6,11,20],"killed_by":"Gremlin Leader","ascension_level":16}