{"gold_per_floor":[115,129,99,115,134,167,167,195,266,266,12,22,38,38,38,134,134,118,136,149,162,224,224],"floor_reached":23,"playtime":3269,"items_purged":[],"score":217,"play_id":"cc1251fa-3428-42e6-a8b2-4f5c92beda48","local_time":"20190411095226","is_ascension_mode":true,"campfire_choices":[{"data":"Darkness","floor":7,"key":"SMITH"},{"data":"Rebound","floor":10,"key":"SMITH"},{"floor":15,"key":"REST"}],"neow_cost":"NONE","seed_source_timestamp":124958925322200,"circlet_count":0,"master_deck":["Strike_B","Strike_B","Strike_B","Strike_B","Defend_B","Defend_B","Defend_B","Defend_B+1","Zap+1","Dualcast","Ball Lightning","Auto Shields","Rebound+1","Leap+1","Darkness+1","Turbo","Panache","Capacitor","Stack","Hologram","Creative AI","Stack+1","Steam+1","Sweeping Beam","Steam"],"relics":["FrozenCore","War Paint","Unceasing Top","Bottled Flame","SsserpentHead"],"potions_floor_usage":[16,16,23,23,23],"damage_taken":[{"damage":1,"enemies":"Cultist","floor":1,"turns":3},{"damage":6,"enemies":"Jaw Worm","floor":2,"turns":2},{"damage":0,"enemies":"Small Slimes","floor":4,"turns":3},{"damage":10,"enemies":"Exordium Thugs","floor":5,"turns":4},{"damage":28,"enemies":"3 Sentries","floor":6,"turns":7},{"damage":14,"enemies":"Lagavulin","floor":8,"turns":5},{"damage":12,"enemies":"Exordium Wildlife","floor":12,"turns":4},{"damage":0,"enemies":"3 Louse","floor":13,"turns":1},{"damage":12,"enemies":"Hexaghost","floor":16,"turns":9},{"damage":3,"enemies":"2 Thieves","floor":18,"turns":4},{"damage":9,"enemies":"Shell Parasite","floor":19,"turns":7},{"damage":19,"enemies":"3 Cultists","floor":20,"turns":7},{"damage":19,"enemies":"Snecko","floor":21,"turns":8},{"damage":17,"enemies":"Snake Plant","floor":22,"turns":6},{"damage":8,"enemies":"Book of Stabbing","floor":23,"turns":5}],"seed_played":"-9004165268582895138","potions_obtained":[{"floor":1,"key":"Weak Potion"},{"floor":3,"key":"Explosive Potion"},{"floor":3,"key":"LiquidBronze"},{"floor":5,"key":"PowerPotion"},{"floor":8,"key":"PowerPotion"},{"floor":12,"key":"Energy Potion"},{"floor":19,"key":"Swift Potion"},{"floor":22,"key":"Poison Potion"}],"is_trial":false,"path_per_floor":["M","M","?","M","M","E","R","E","T","R","$","M","M","?","R","B",null,"M","M","M","M","M","E"],"character_chosen":"DEFECT","items_purchased":["Panache","Capacitor"],"campfire_rested":1,"item_purchase_floors":[11,11],"current_hp_per_floor":[74,68,68,68,58,30,30,16,16,16,16,4,4,4,26,14,75,72,63,44,25,8,0],"gold":224,"neow_bonus":"UPGRADE_CARD","is_prod":false,"is_daily":false,"chose_seed":false,"campfire_upgraded":2,"win_rate":0,"timestamp":1554969146,"path_taken":["M","M","?","M","M","E","R","E","T","R","$","M","?","?","R","BOSS","M","M","M","M","?","E"],"build_version":"2019-01-23","purchased_purges":0,"victory":false,"max_hp_per_floor":[75,75,75,75,75,75,75,75,75,75,75,75,75,75,75,75,75,75,75,75,75,75,75],"card_choices":[{"not_picked":["Blizzard","Stack"],"picked":"Ball Lightning","floor":1},{"not_picked":["Stack","Ball Lightning"],"picked":"Auto Shields","floor":2},{"not_picked":["Turbo","Multi-Cast"],"picked":"Rebound","floor":4},{"not_picked":["Aggregate","Static Discharge"],"picked":"Leap","floor":5},{"not_picked":["Turbo","Storm"],"picked":"Darkness","floor":6},{"not_picked":["Gash","Compile Driver"],"picked":"Turbo","floor":8},{"not_picked":["Streamline","Leap"],"picked":"Stack","floor":12},{"not_picked":["Static Discharge","Rebound"],"picked":"Hologram","floor":13},{"not_picked":["Multi-Cast","Core Surge"],"picked":"Creative AI","floor":16},{"not_picked":["Redo","Ball Lightning+1"],"picked":"Stack+1","floor":18},{"not_picked":["Compile Driver","All For One"],"picked":"Steam+1","floor":19},{"not_picked":["Coolheaded","Leap"],"picked":"Sweeping Beam","floor":20},{"not_picked":["Cold Snap","Go for the Eyes"],"picked":"Steam","floor":21},{"not_picked":["Barrage+1","Redo","Echo Form"],"picked":"SKIP","floor":22}],"player_experience":378323,"relics_obtained":[{"floor":6,"key":"War Paint"},{"floor":8,"key":"Unceasing Top"},{"floor":9,"key":"Bottled Flame"}],"event_choices":[{"damage_healed":0,"gold_gain":0,"player_choice":"Bought 2 Potions","damage_taken":0,"max_hp_gain":0,"max_hp_loss":0,"event_name":"The Woman in Blue","floor":3,"gold_loss":0},{"damage_healed":0,"gold_gain":0,"player_choice":"Trade","damage_taken":0,"relics_obtained":["SsserpentHead"],"max_hp_gain":0,"max_hp_loss":0,"event_name":"FaceTrader","floor":14,"gold_loss":0}],"is_beta":false,"boss_relics":[{"not_picked":["Tiny House","Inserter"],"picked":"FrozenCore"}],"items_purged_floors":[],"is_endless":false,"potions_floor_spawned":[1,5,8,12,19,22],"killed_by":"Book of Stabbing","ascension_level":1}