{"gold_per_floor":[111,124,135,148,168,168,203,203,203,203,203,215,227,242,242,343,343,354,370,469,486,69,100,100,111,111,11,22,22,356,356,356,452,452,467,467,467,484,308,335,335,348,348,348,51,51,97,114,114,114,114,114,14,41,41],"floor_reached":56,"playtime":2774,"items_purged":["Strike_R","Defend_R","Strike_R+1","Strike_R+1"],"score":1436,"play_id":"eaac5ed4-72e6-4b7b-92a3-de812738dff4","local_time":"20190109214709","is_ascension_mode":true,"campfire_choices":[{"data":"Searing Blow","floor":6.0,"key":"SMITH"},{"data":"Searing Blow+1","floor":8.0,"key":"SMITH"},{"data":"Searing Blow+2","floor":11.0,"key":"SMITH"},{"data":"Searing Blow+3","floor":15.0,"key":"SMITH"},{"data":"Searing Blow+4","floor":24.0,"key":"SMITH"},{"data":"Searing Blow+5","floor":29.0,"key":"SMITH"},{"data":"Searing Blow+6","floor":32.0,"key":"SMITH"},{"data":"Searing Blow+9","floor":41.0,"key":"SMITH"},{"data":"Searing Blow+10","floor":44.0,"key":"SMITH"},{"data":"Searing Blow+11","floor":46.0,"key":"SMITH"},{"floor":49.0,"key":"RECALL"},{"data":"Searing Blow+12","floor":52.0,"key":"SMITH"}],"neow_cost":"NONE","seed_source_timestamp":350179064131290,"circlet_count":0,"master_deck":["Strike_R+1","Defend_R+1","Panacea+1","Searing Blow+13","Armaments+1","Rampage+1","Flame Barrier+1","Shockwave+1","Shrug It Off+1","Double Tap+1","Body Slam+1","Burning Pact+1","Flame Barrier+1","Immolate+1","Headbutt+1","Bloodletting+1"],"special_seed":0,"relics":["Burning Blood","Dream Catcher","Ginger","Runic Pyramid","Lee\u0027s Waffle","Meat on the Bone","Pear","Old Coin","FossilizedHelix","Empty Cage","Mark of the Bloom","Whetstone","Lantern","Mango","Nunchaku"],"potions_floor_usage":[54,55,55],"damage_taken":[{"damage":5.0,"enemies":"Small Slimes","floor":1.0,"turns":4.0},{"damage":6.0,"enemies":"Cultist","floor":2.0,"turns":4.0},{"damage":6.0,"enemies":"2 Louse","floor":3.0,"turns":2.0},{"damage":11.0,"enemies":"Exordium Thugs","floor":4.0,"turns":4.0},{"damage":18.0,"enemies":"Exordium Wildlife","floor":5.0,"turns":4.0},{"damage":29.0,"enemies":"Gremlin Nob","floor":7.0,"turns":5.0},{"damage":8.0,"enemies":"Blue Slaver","floor":12.0,"turns":3.0},{"damage":0.0,"enemies":"3 Louse","floor":13.0,"turns":2.0},{"damage":6.0,"enemies":"Exordium Wildlife","floor":14.0,"turns":6.0},{"damage":41.0,"enemies":"Hexaghost","floor":16.0,"turns":6.0},{"damage":31.0,"enemies":"3 Byrds","floor":18.0,"turns":7.0},{"damage":9.0,"enemies":"Shell Parasite","floor":19.0,"turns":11.0},{"damage":16.0,"enemies":"Shelled Parasite and Fungi","floor":21.0,"turns":5.0},{"damage":38.0,"enemies":"Gremlin Leader","floor":23.0,"turns":7.0},{"damage":39.0,"enemies":"3 Cultists","floor":25.0,"turns":6.0},{"damage":2.0,"enemies":"Snecko","floor":28.0,"turns":3.0},{"damage":16.0,"enemies":"Book of Stabbing","floor":30.0,"turns":3.0},{"damage":50.0,"enemies":"Collector","floor":33.0,"turns":7.0},{"damage":6.0,"enemies":"3 Shapes","floor":35.0,"turns":7.0},{"damage":0.0,"enemies":"3 Darklings","floor":38.0,"turns":2.0},{"damage":0.0,"enemies":"Nemesis","floor":40.0,"turns":5.0},{"damage":0.0,"enemies":"Sphere and 2 Shapes","floor":42.0,"turns":4.0},{"damage":0.0,"enemies":"2 Orb Walkers","floor":47.0,"turns":2.0},{"damage":0.0,"enemies":"Maw","floor":48.0,"turns":4.0},{"damage":7.0,"enemies":"Awakened One","floor":50.0,"turns":6.0},{"damage":11,"enemies":"Shield and Spear","floor":54,"turns":4},{"damage":65,"enemies":"The Heart","floor":55,"turns":7}],"seed_played":"-556946544420288520","potions_obtained":[{"floor":1.0,"key":"Explosive Potion"},{"floor":4.0,"key":"LiquidBronze"},{"floor":5.0,"key":"Fruit Juice"},{"floor":12.0,"key":"FearPotion"},{"floor":18.0,"key":"GamblersBrew"},{"floor":23.0,"key":"AttackPotion"},{"floor":28.0,"key":"Fire Potion"},{"floor":33.0,"key":"Energy Potion"},{"floor":35.0,"key":"SneckoOil"},{"floor":40.0,"key":"EssenceOfSteel"},{"floor":42.0,"key":"PowerPotion"},{"floor":54,"key":"Poison Potion"}],"is_trial":false,"path_per_floor":["M","M","M","M","M","R","E","R","T","?","R","M","M","M","R","B",null,"M","M","?","M","$","E","R","M","T","$","M","R","E","T","R","B",null,"M","?","?","M","$","E","R","M","T","R","$","R","?","M","R","B",null,"R","$","E","B",null],"character_chosen":"IRONCLAD","items_purchased":["Double Tap","Lee\u0027s Waffle","Headbutt","Lantern","FearPotion","Energy Potion"],"campfire_rested":0,"item_purchase_floors":[22,22,39,45,53,53],"current_hp_per_floor":[80,80,80,75,63,63,40,40,40,40,40,43,49,49,49,14,85,60,57,57,47,92,60,60,39,49,49,65,65,67,67,67,35,102,102,102,102,102,102,102,102,102,102,102,102,102,102,102,102,95,95,95,95,84,19],"gold":41,"neow_bonus":"RANDOM_COLORLESS","is_prod":false,"is_daily":false,"chose_seed":false,"campfire_upgraded":11,"win_rate":0,"timestamp":1547070429,"path_taken":["M","M","M","M","M","R","E","R","T","?","R","M","M","?","R","BOSS","M","?","?","M","$","E","R","M","T","?","M","R","E","?","R","BOSS","M","?","?","M","$","E","R","M","T","R","$","R","?","?","R","BOSS","R","$","E","BOSS"],"build_version":"2019-01-03v4","purchased_purges":4,"victory":true,"max_hp_per_floor":[80,80,80,80,80,80,80,80,80,80,80,85,85,85,85,85,85,85,85,85,85,92,92,92,92,102,102,102,102,102,102,102,102,102,102,102,102,102,102,102,102,102,102,102,102,102,116,116,116,116,116,116,116,116,116],"card_choices":[{"not_picked":["Pommel Strike","Headbutt"],"picked":"Searing Blow","floor":1.0},{"not_picked":["Rupture","Anger","Perfected Strike"],"picked":"SKIP","floor":2.0},{"not_picked":["Wild Strike","Twin Strike","Clothesline"],"picked":"SKIP","floor":3.0},{"not_picked":["Perfected Strike","Blood for Blood","Twin Strike"],"picked":"SKIP","floor":4.0},{"not_picked":["Combust","Dropkick","Metallicize"],"picked":"SKIP","floor":5.0},{"not_picked":["Wild Strike","Second Wind"],"picked":"Armaments","floor":7.0},{"not_picked":["Evolve","Armaments","Perfected Strike"],"picked":"SKIP","floor":12.0},{"not_picked":["Cleave","Pummel","Metallicize"],"picked":"SKIP","floor":13.0},{"not_picked":["Rampage","Warcry","Entrench"],"picked":"SKIP","floor":14.0},{"not_picked":["Clothesline+1","Perfected Strike"],"picked":"Flame Barrier","floor":18.0},{"not_picked":["Pommel Strike","Cleave"],"picked":"Shockwave+1","floor":19.0},{"not_picked":["Twin Strike","Carnage"],"picked":"Shrug It Off+1","floor":21.0},{"not_picked":["Whirlwind","Flame Barrier"],"picked":"Body Slam+1","floor":23.0},{"not_picked":["Power Through","Clothesline"],"picked":"Burning Pact","floor":25.0},{"not_picked":["Pommel Strike","Cleave","Heavy Blade"],"picked":"SKIP","floor":28.0},{"not_picked":["Hemokinesis","Barricade"],"picked":"Flame Barrier+1","floor":30.0},{"not_picked":["Impervious","Reaper"],"picked":"Immolate","floor":33.0},{"not_picked":["Clothesline","Searing Blow","Warcry"],"picked":"SKIP","floor":35.0},{"not_picked":["Perfected Strike","Dropkick","Clothesline"],"picked":"SKIP","floor":38.0},{"not_picked":["Flex+1","Pommel Strike+1","Armaments"],"picked":"SKIP","floor":40.0},{"not_picked":["Sentinel","Flame Barrier+1"],"picked":"Bloodletting+1","floor":42.0},{"not_picked":["Pummel","Sentinel","Heavy Blade+1"],"picked":"SKIP","floor":48.0},{"not_picked":["Sword Boomerang+1","Havoc","Sentinel"],"picked":"SKIP","floor":54}],"player_experience":37089,"relics_obtained":[{"floor":7.0,"key":"Dream Catcher"},{"floor":9.0,"key":"Ginger"},{"floor":23.0,"key":"Meat on the Bone"},{"floor":26.0,"key":"Pear"},{"floor":30.0,"key":"Old Coin"},{"floor":31.0,"key":"FossilizedHelix"},{"floor":40.0,"key":"Whetstone"},{"floor":47.0,"key":"Mango"},{"floor":54,"key":"Nunchaku"}],"event_choices":[{"damage_healed":0.0,"max_hp_gain":0.0,"max_hp_loss":0.0,"gold_gain":0.0,"cards_transformed":["Strike_R"],"event_name":"Transmorgrifier","player_choice":"Transformed","floor":10.0,"gold_loss":0.0,"damage_taken":0.0,"cards_obtained":["Rampage"]},{"damage_healed":0.0,"max_hp_gain":0.0,"max_hp_loss":0.0,"gold_gain":99.0,"event_name":"Nest","player_choice":"Stole From Cult","floor":20.0,"gold_loss":0.0,"damage_taken":0.0},{"damage_healed":0.0,"max_hp_gain":0.0,"max_hp_loss":0.0,"gold_gain":0.0,"event_name":"MindBloom","player_choice":"Upgrade","floor":36.0,"gold_loss":0.0,"damage_taken":0.0,"cards_upgraded":["Strike_R","Strike_R","Strike_R","Defend_R","Bash","Panacea","Searing Blow","Armaments","Rampage","Flame Barrier","Double Tap","Burning Pact","Immolate"],"relics_obtained":["Mark of the Bloom"]},{"cards_removed":["Bash"],"damage_healed":0.0,"max_hp_gain":0.0,"max_hp_loss":0.0,"gold_gain":0.0,"event_name":"Falling","player_choice":"Removed Attack","floor":37.0,"gold_loss":0.0,"damage_taken":0.0},{"damage_healed":0.0,"max_hp_gain":0.0,"max_hp_loss":0.0,"gold_gain":0.0,"event_name":"Mysterious Sphere","player_choice":"Fight","floor":47.0,"gold_loss":0.0,"damage_taken":0.0}],"is_beta":false,"boss_relics":[{"not_picked":["Fusion Hammer","Cursed Key"],"picked":"Runic Pyramid"},{"not_picked":["Black Blood","Astrolabe"],"picked":"Empty Cage"}],"items_purged_floors":[22,27,39,45],"is_endless":false,"potions_floor_spawned":[1,4,5,12,18,23,28,33,35,40,42,54],"ascension_level":3}