{"gold_per_floor":[16,16,29,39,53,53,86,86,110,122,153,192,217,248,260,373,385,415,438,88,102,116,116,133,164,164,164,178,178,197,227,227,227],"floor_reached":33,"playtime":2622,"items_purged":["Injury"],"score":318,"play_id":"45058c92-6a42-452a-945d-28209f0906ff","local_time":"20190313223249","is_ascension_mode":true,"campfire_choices":[{"data":"Static Discharge","floor":6,"key":"SMITH"},{"data":"Zap","floor":8,"key":"SMITH"},{"data":"Metamorphosis","floor":10,"key":"SMITH"},{"data":"Coolheaded","floor":15,"key":"SMITH"},{"data":"Chill","floor":23,"key":"SMITH"},{"floor":27,"key":"REST"},{"data":"Lockon","floor":29,"key":"SMITH"},{"floor":32,"key":"REST"}],"neow_cost":"NO_GOLD","seed_source_timestamp":822809139236902,"circlet_count":0,"master_deck":["Strike_B","Strike_B","Strike_B","Strike_B","Defend_B","Defend_B","Defend_B","Defend_B","Zap+1","Dualcast","Finesse","Metamorphosis+1","Capacitor","Reinforced Body","Ball Lightning","Static Discharge+1","Hologram","Self Repair","Coolheaded+1","Chaos","Cold Snap","Glacier","All For One","Gash","Chill+1","Bandage Up","Compile Driver+1","Cold Snap","FTL","Lockon+1","Barrage+1","Leap"],"relics":["Cracked Core","Centennial Puzzle","MawBank","Omamori","Calling Bell","Bronze Scales","Shuriken","WingedGreaves","Lee\u0027s Waffle","Ice Cream","Frozen Egg 2"],"potions_floor_usage":[7,7,13,21,22,25,31,31],"damage_taken":[{"damage":0,"enemies":"Small Slimes","floor":1,"turns":3},{"damage":0,"enemies":"Cultist","floor":3,"turns":3},{"damage":5,"enemies":"Jaw Worm","floor":4,"turns":3},{"damage":2,"enemies":"2 Fungi Beasts","floor":5,"turns":4},{"damage":25,"enemies":"Gremlin Nob","floor":7,"turns":4},{"damage":5,"enemies":"Looter","floor":11,"turns":2},{"damage":17,"enemies":"3 Sentries","floor":12,"turns":4},{"damage":17,"enemies":"Exordium Thugs","floor":13,"turns":4},{"damage":2,"enemies":"3 Louse","floor":14,"turns":4},{"damage":1,"enemies":"Slime Boss","floor":16,"turns":7},{"damage":10,"enemies":"Shell Parasite","floor":18,"turns":9},{"damage":3,"enemies":"3 Byrds","floor":19,"turns":2},{"damage":17,"enemies":"Snake Plant","floor":21,"turns":5},{"damage":11,"enemies":"Centurion and Healer","floor":22,"turns":5},{"damage":40,"enemies":"Cultist and Chosen","floor":24,"turns":5},{"damage":16,"enemies":"Gremlin Leader","floor":25,"turns":3},{"damage":13,"enemies":"Sentry and Sphere","floor":28,"turns":8},{"damage":14,"enemies":"Centurion and Healer","floor":30,"turns":5},{"damage":16,"enemies":"Book of Stabbing","floor":31,"turns":4},{"damage":85,"enemies":"Automaton","floor":33,"turns":6}],"seed_played":"1334632303146359715","potions_obtained":[{"floor":1,"key":"Block Potion"},{"floor":5,"key":"Fire Potion"},{"floor":11,"key":"SkillPotion"},{"floor":13,"key":"Strength Potion"},{"floor":16,"key":"Regen Potion"},{"floor":22,"key":"LiquidBronze"},{"floor":28,"key":"Energy Potion"},{"floor":30,"key":"Block Potion"}],"is_trial":false,"path_per_floor":["M","?","M","M","M","R","E","R","T","R","M","E","M","M","R","B",null,"M","M","$","M","M","R","M","E","T","R","M","R","M","E","R","B"],"character_chosen":"DEFECT","items_purchased":["Bandage Up","Lee\u0027s Waffle"],"campfire_rested":2,"item_purchase_floors":[20,20],"current_hp_per_floor":[75,75,75,70,68,68,43,43,43,43,45,35,25,30,30,29,75,72,75,82,72,82,82,49,33,33,57,55,55,52,47,71,0],"gold":227,"neow_bonus":"RANDOM_COLORLESS_2","is_prod":false,"is_daily":false,"chose_seed":false,"campfire_upgraded":6,"win_rate":0,"timestamp":1552483969,"path_taken":["M","?","M","M","M","R","E","R","T","R","M","E","M","M","R","BOSS","M","M","?","M","M","R","M","E","T","R","?","R","M","E","R","BOSS"],"build_version":"2019-01-23","purchased_purges":1,"victory":false,"max_hp_per_floor":[75,75,75,75,75,75,75,75,75,75,75,75,75,75,75,75,75,75,75,82,82,82,82,82,82,82,82,82,82,82,82,82,82],"card_choices":[{"not_picked":["Gash","Ball Lightning"],"picked":"Capacitor","floor":1},{"not_picked":["Darkness","Steam"],"picked":"Ball Lightning","floor":3},{"not_picked":["Cold Snap","Hello World"],"picked":"Static Discharge","floor":4},{"not_picked":["Sweeping Beam","Leap"],"picked":"Hologram","floor":5},{"not_picked":["Defragment","Rebound"],"picked":"Self Repair","floor":7},{"not_picked":["Sweeping Beam","Reboot"],"picked":"Coolheaded","floor":11},{"not_picked":["Double Energy","Barrage"],"picked":"Chaos","floor":12},{"not_picked":["Darkness","Streamline"],"picked":"Cold Snap","floor":13},{"not_picked":["Coolheaded","Auto Shields"],"picked":"Glacier","floor":14},{"not_picked":["Thunder Strike","Machine Learning"],"picked":"All For One","floor":16},{"not_picked":["Ball Lightning+1","Compile Driver"],"picked":"Gash","floor":18},{"not_picked":["Steam","Hello World"],"picked":"Chill","floor":19},{"not_picked":["Hello World","Aggregate"],"picked":"Compile Driver+1","floor":21},{"not_picked":["Machine Learning","Rebound"],"picked":"Cold Snap","floor":22},{"not_picked":["Go for the Eyes","Streamline"],"picked":"FTL","floor":24},{"not_picked":["Genetic Algorithm","Leap"],"picked":"Lockon","floor":25},{"not_picked":["Go for the Eyes","Aggregate"],"picked":"Barrage+1","floor":28},{"not_picked":["Hello World","Coolheaded","Sweeping Beam+1"],"picked":"SKIP","floor":30},{"not_picked":["Streamline","Aggregate"],"picked":"Leap","floor":31}],"player_experience":87372,"relics_obtained":[{"floor":7,"key":"Centennial Puzzle"},{"floor":9,"key":"MawBank"},{"floor":12,"key":"Omamori"},{"floor":17,"key":"Bronze Scales"},{"floor":17,"key":"Shuriken"},{"floor":17,"key":"WingedGreaves"},{"floor":25,"key":"Ice Cream"},{"floor":31,"key":"Frozen Egg 2"}],"event_choices":[{"damage_healed":0,"gold_gain":0,"player_choice":"1 cards matched","damage_taken":0,"max_hp_gain":0,"max_hp_loss":0,"event_name":"Match and Keep!","floor":2,"gold_loss":0,"cards_obtained":["Reinforced Body"]}],"is_beta":false,"boss_relics":[{"not_picked":["Sozu","Snecko Eye"],"picked":"Calling Bell"}],"items_purged_floors":[20],"is_endless":false,"potions_floor_spawned":[1,5,11,13,16,22,28,30],"killed_by":"Automaton","ascension_level":1}