{"gold_per_floor":[119,132,152,114,114,146,146,177,251,251,426,440,440,292,292,391,391,410,35,35,45,145,145,175,175,175,175,207,280,280,299,299,299],"floor_reached":33,"playtime":1363,"items_purged":["Doubt","Strike_R"],"score":487,"play_id":"e0f2169f-9b3f-40d5-9c06-27fed920c1e9","local_time":"20190420133627","is_ascension_mode":true,"campfire_choices":[{"floor":7,"key":"REST"},{"floor":13,"key":"REST"},{"data":"Bash","floor":15,"key":"SMITH"},{"data":"Juggernaut","floor":23,"key":"SMITH"},{"data":"Corruption","floor":25,"key":"SMITH"},{"data":"Evolve","floor":27,"key":"SMITH"},{"data":"Anger","floor":32,"key":"SMITH"}],"neow_cost":"NONE","seed_source_timestamp":612469863849140,"circlet_count":0,"master_deck":["AscendersBane","Defend_R","Defend_R","Defend_R","Defend_R","Bash+1","Wild Strike","Cleave","Anger+1","Rage","Shrug It Off","Carnage","Shrug It Off","Inflame","Juggernaut+1","Iron Wave+1","Corruption+1","Bite","Bite","Bite","Bite","Bite","Second Wind","Flame Barrier","Evolve+1","Shrug It Off"],"relics":["Burning Blood","Bag of Marbles","WingedGreaves","Lantern","Happy Flower","Mummified Hand","Eternal Feather","Medical Kit","Turnip","Calipers","Blood Vial","Red Skull","Nloth\u0027s Gift"],"potions_floor_usage":[8,18,22,31],"damage_taken":[{"damage":1,"enemies":"Cultist","floor":1,"turns":3},{"damage":2,"enemies":"2 Louse","floor":2,"turns":2},{"damage":0,"enemies":"Small Slimes","floor":3,"turns":2},{"damage":52,"enemies":"Lagavulin","floor":6,"turns":6},{"damage":26,"enemies":"Gremlin Nob","floor":8,"turns":5},{"damage":6,"enemies":"Exordium Thugs","floor":12,"turns":3},{"damage":32,"enemies":"The Guardian","floor":16,"turns":9},{"damage":38,"enemies":"2 Thieves","floor":18,"turns":4},{"damage":7,"enemies":"3 Byrds","floor":21,"turns":5},{"damage":19,"enemies":"Colosseum Slavers","floor":22,"turns":5},{"damage":31,"enemies":"Colosseum Nobs","floor":22,"turns":6},{"damage":35,"enemies":"Book of Stabbing","floor":24,"turns":5},{"damage":43,"enemies":"Gremlin Leader","floor":28,"turns":6},{"damage":12,"enemies":"Cultist and Chosen","floor":31,"turns":5},{"damage":94,"enemies":"Champ","floor":33,"turns":10}],"seed_played":"-4484252751862153139","potions_obtained":[{"floor":3,"key":"SpeedPotion"},{"floor":16,"key":"Regen Potion"},{"floor":18,"key":"EssenceOfSteel"},{"floor":24,"key":"Ancient Potion"}],"is_trial":false,"path_per_floor":["M","M","M","$","?","E","R","E","T","?","?","M","R","$","R","B",null,"M","$","?","M","?","R","E","R","T","R","E","T","?","M","R","B"],"character_chosen":"IRONCLAD","items_purchased":["Rage","Inflame","Medical Kit","Corruption"],"campfire_rested":2,"item_purchase_floors":[4,14,19,19],"current_hp_per_floor":[77,80,80,80,55,9,33,13,13,18,18,18,43,43,43,17,68,48,48,48,59,36,48,29,44,44,59,28,28,28,36,51,0],"gold":299,"neow_bonus":"RANDOM_COMMON_RELIC","is_prod":false,"is_daily":false,"chose_seed":false,"campfire_upgraded":5,"win_rate":0,"timestamp":1555792587,"path_taken":["M","M","M","?","?","E","R","E","T","?","?","?","R","$","R","BOSS","M","$","?","M","?","R","E","R","T","R","E","?","?","?","R","BOSS"],"build_version":"2019-01-23","purchased_purges":2,"victory":false,"max_hp_per_floor":[80,80,80,80,80,80,80,80,80,85,85,85,85,85,85,85,85,85,85,59,59,59,59,59,59,59,59,59,59,59,59,59,59],"card_choices":[{"not_picked":["Whirlwind","Heavy Blade"],"picked":"Wild Strike","floor":1},{"not_picked":["Fire Breathing","True Grit"],"picked":"Cleave","floor":2},{"not_picked":["Searing Blow","Whirlwind"],"picked":"Anger","floor":3},{"not_picked":["Wild Strike","Offering"],"picked":"Shrug It Off","floor":6},{"not_picked":["Reckless Charge","Blood for Blood"],"picked":"Carnage","floor":8},{"not_picked":["Clothesline","Iron Wave"],"picked":"Shrug It Off","floor":12},{"not_picked":["Barricade","Fiend Fire"],"picked":"Juggernaut","floor":16},{"not_picked":["Clash","Flex"],"picked":"Iron Wave+1","floor":18},{"not_picked":["Warcry","Pommel Strike"],"picked":"Second Wind","floor":21},{"not_picked":["True Grit","Seeing Red"],"picked":"Flame Barrier","floor":22},{"not_picked":["Clash","Warcry"],"picked":"Evolve","floor":24},{"not_picked":["Heavy Blade","Demon Form"],"picked":"Shrug It Off","floor":28},{"not_picked":["Seeing Red","Pommel Strike","Cleave"],"picked":"SKIP","floor":31}],"player_experience":280166,"relics_obtained":[{"floor":6,"key":"Lantern"},{"floor":8,"key":"Happy Flower"},{"floor":9,"key":"Mummified Hand"},{"floor":22,"key":"Turnip"},{"floor":22,"key":"Bottled Tornado"},{"floor":24,"key":"Calipers"},{"floor":26,"key":"Blood Vial"},{"floor":28,"key":"Red Skull"}],"event_choices":[{"damage_healed":0,"gold_gain":0,"player_choice":"Success","damage_taken":25,"relics_obtained":["WingedGreaves"],"max_hp_gain":0,"max_hp_loss":0,"event_name":"Scrap Ooze","floor":5,"gold_loss":0},{"damage_healed":0,"gold_gain":0,"player_choice":"Donut","damage_taken":0,"max_hp_gain":5,"max_hp_loss":0,"event_name":"Big Fish","floor":10,"gold_loss":0},{"damage_healed":0,"gold_gain":175,"player_choice":"AGREE","damage_taken":0,"max_hp_gain":0,"max_hp_loss":0,"event_name":"Liars Game","floor":11,"gold_loss":0,"cards_obtained":["Doubt"]},{"damage_healed":0,"gold_gain":0,"player_choice":"Became a vampire","damage_taken":0,"max_hp_gain":0,"max_hp_loss":26,"event_name":"Vampires","floor":20,"gold_loss":0,"cards_obtained":["Bite","Bite","Bite","Bite","Bite"]},{"damage_healed":0,"gold_gain":0,"player_choice":"Fight","damage_taken":0,"max_hp_gain":0,"max_hp_loss":0,"event_name":"Colosseum","floor":22,"gold_loss":0},{"damage_healed":0,"gold_gain":0,"player_choice":"Fought Nobs","damage_taken":0,"max_hp_gain":0,"max_hp_loss":0,"event_name":"Colosseum","floor":22,"gold_loss":0},{"damage_healed":0,"gold_gain":0,"player_choice":"Traded Relic","damage_taken":0,"relics_obtained":["Nloth\u0027s Gift"],"max_hp_gain":0,"max_hp_loss":0,"event_name":"N\u0027loth","floor":30,"relics_lost":["Bottled Tornado"],"gold_loss":0}],"is_beta":false,"boss_relics":[{"not_picked":["Philosopher\u0027s Stone","Orrery"],"picked":"Eternal Feather"}],"items_purged_floors":[14,19],"is_endless":false,"potions_floor_spawned":[3,16,18,22,24],"killed_by":"Champ","ascension_level":12}