{"gold_per_floor":[115,115,115,26,38,38,50,50,104,124,124,157,167,180,180,282,282,299,299,41,52,3,3,3],"floor_reached":24,"playtime":764,"items_purged":[],"score":216,"play_id":"6eecf39e-511c-4373-8990-26fd1de0f8fc","local_time":"20190129194350","is_ascension_mode":true,"campfire_choices":[{"data":"Zap","floor":6,"key":"SMITH"},{"floor":8,"key":"RECALL"},{"data":"BootSequence","floor":11,"key":"SMITH"},{"floor":15,"key":"REST"},{"floor":23,"key":"DIG"}],"neow_cost":"NONE","seed_source_timestamp":707905361700149,"circlet_count":0,"master_deck":["Strike_B","Strike_B","Strike_B","Strike_B","Defend_B","Defend_B","Defend_B","Defend_B+1","Zap+1","Dualcast+1","Capacitor","BootSequence+1","Rip and Tear","Reprogram","Undo","Conserve Battery","Static Discharge","Buffer","Hologram","Darkness","Capacitor","Ball Lightning"],"relics":["Cracked Core","Incense Burner","War Paint","Nuclear Battery","Shovel","Orichalcum","Unceasing Top"],"potions_floor_usage":[12,12,14,16,18,24],"damage_taken":[{"damage":18,"enemies":"Jaw Worm","floor":1,"turns":4},{"damage":0,"enemies":"2 Louse","floor":5,"turns":1},{"damage":6,"enemies":"Cultist","floor":7,"turns":3},{"damage":0,"enemies":"2 Fungi Beasts","floor":10,"turns":3},{"damage":21,"enemies":"Lagavulin","floor":12,"turns":6},{"damage":0,"enemies":"Looter","floor":13,"turns":2},{"damage":10,"enemies":"Large Slime","floor":14,"turns":6},{"damage":38,"enemies":"Hexaghost","floor":16,"turns":9},{"damage":13,"enemies":"Chosen","floor":18,"turns":5},{"damage":11,"enemies":"Shell Parasite","floor":21,"turns":6},{"damage":64,"enemies":"3 Cultists","floor":24,"turns":5}],"seed_played":"-883996489169670163","potions_obtained":[{"floor":10,"key":"Explosive Potion"},{"floor":12,"key":"Swift Potion"},{"floor":14,"key":"FearPotion"},{"floor":16,"key":"Explosive Potion"}],"is_trial":false,"path_per_floor":["M","?","?","$","M","R","M","R","T","M","R","E","M","M","R","B",null,"M","?","$","M","$","R","M"],"character_chosen":"DEFECT","items_purchased":["Capacitor","SkillPotion","Orichalcum","Darkness","Capacitor","Poison Potion"],"campfire_rested":1,"item_purchase_floors":[4,4,20,20,20,22],"current_hp_per_floor":[64,69,69,69,69,69,63,63,63,63,63,42,42,32,58,20,87,74,74,74,63,63,63,0],"gold":3,"neow_bonus":"TEN_PERCENT_HP_BONUS","is_prod":false,"is_daily":false,"chose_seed":false,"campfire_upgraded":2,"win_rate":0,"timestamp":1548819830,"path_taken":["M","?","?","$","?","R","M","R","T","M","R","E","M","M","R","BOSS","M","?","$","M","$","R","M"],"build_version":"2019-01-23","purchased_purges":0,"victory":false,"max_hp_per_floor":[82,87,87,87,87,87,87,87,87,87,87,87,87,87,87,87,87,87,87,87,87,87,87,87],"card_choices":[{"not_picked":["Barrage","Scrape"],"picked":"Cold Snap","floor":1},{"not_picked":["Reprogram","Auto Shields"],"picked":"BootSequence","floor":5},{"not_picked":["Double Energy","Skim"],"picked":"Rip and Tear","floor":7},{"not_picked":["Steam","Recycle"],"picked":"Reprogram","floor":10},{"not_picked":["Thunder Strike","Compile Driver"],"picked":"Undo","floor":12},{"not_picked":["Turbo","Chaos"],"picked":"Conserve Battery","floor":13},{"not_picked":["Stack","Echo Form"],"picked":"Static Discharge","floor":14},{"not_picked":["Thunder Strike","Echo Form"],"picked":"Buffer","floor":16},{"not_picked":["Redo","Sweeping Beam+1"],"picked":"Hologram","floor":18},{"not_picked":["Coolheaded","Go for the Eyes+1"],"picked":"Ball Lightning","floor":21}],"player_experience":345572,"relics_obtained":[{"floor":12,"key":"War Paint"},{"floor":23,"key":"Unceasing Top"}],"event_choices":[{"damage_healed":0,"gold_gain":0,"player_choice":"Donut","damage_taken":0,"max_hp_gain":5,"max_hp_loss":0,"event_name":"Big Fish","floor":2,"gold_loss":0},{"cards_removed":["Cold Snap"],"damage_healed":0,"gold_gain":0,"player_choice":"Gave Card","damage_taken":0,"relics_obtained":["Incense Burner"],"max_hp_gain":0,"max_hp_loss":0,"event_name":"WeMeetAgain","floor":3,"gold_loss":0},{"damage_healed":0,"gold_gain":0,"player_choice":"Opened","damage_taken":0,"relics_obtained":["Shovel"],"max_hp_gain":0,"max_hp_loss":0,"event_name":"The Mausoleum","floor":19,"gold_loss":0}],"is_beta":false,"boss_relics":[{"not_picked":["Fusion Hammer","Pandora\u0027s Box"],"picked":"Nuclear Battery"}],"items_purged_floors":[],"is_endless":false,"potions_floor_spawned":[10,12,14,16],"killed_by":"3 Cultists","ascension_level":2}