{"gold_per_floor":[114,126,6,21,37,37,49,66,66,141,141,141,160,60,60,157,157,139,154,154,227,80,80,91,91,114,114,132,151,1,1,1,1],"floor_reached":33,"playtime":4601,"items_purged":["Strike_R","Strike_R","Strike_R","Strike_R"],"score":239,"play_id":"ea581ad9-7b43-4d91-8fbb-482e993e568a","local_time":"20181206213503","is_ascension_mode":false,"campfire_choices":[{"data":"Body Slam","floor":6,"key":"SMITH"},{"data":"Entrench","floor":11,"key":"SMITH"},{"data":"Shrug It Off","floor":15,"key":"SMITH"},{"data":"Shrug It Off","floor":23,"key":"SMITH"},{"data":"Armaments","floor":25,"key":"SMITH"},{"data":"Battle Trance","floor":27,"key":"SMITH"},{"floor":32,"key":"REST"}],"neow_cost":"NONE","seed_source_timestamp":291728300084989,"circlet_count":0,"master_deck":["Strike_R","Defend_R","Defend_R","Defend_R","Defend_R","Bash","Body Slam+1","Battle Trance+1","Armaments+1","Disarm","Entrench+1","Shrug It Off+1","Reaper","Shrug It Off+1"],"relics":["Eternal Feather"],"potions_floor_usage":[16,16,16,18,24],"damage_taken":[{"damage":13,"enemies":"Cultist","floor":1,"turns":5},{"damage":6,"enemies":"Jaw Worm","floor":2,"turns":4},{"damage":0,"enemies":"2 Louse","floor":4,"turns":3},{"damage":1,"enemies":"Exordium Wildlife","floor":5,"turns":5},{"damage":0,"enemies":"Blue Slaver","floor":7,"turns":4},{"damage":0,"enemies":"Looter","floor":8,"turns":4},{"damage":3,"enemies":"Lots of Slimes","floor":13,"turns":7},{"damage":45,"enemies":"Slime Boss","floor":16,"turns":13},{"damage":0,"enemies":"2 Thieves","floor":18,"turns":4},{"damage":26,"enemies":"Spheric Guardian","floor":19,"turns":12},{"damage":13,"enemies":"Cultist and Chosen","floor":24,"turns":10},{"damage":13,"enemies":"Centurion and Healer","floor":28,"turns":11},{"damage":27,"enemies":"Chosen and Byrds","floor":29,"turns":12},{"damage":119,"enemies":"Automaton","floor":33,"turns":18}],"seed_played":"203876500990259206","potions_obtained":[{"floor":1,"key":"SteroidPotion"},{"floor":4,"key":"Fire Potion"},{"floor":5,"key":"Poison Potion"},{"floor":8,"key":"Fire Potion"},{"floor":18,"key":"Fruit Juice"},{"floor":19,"key":"AttackPotion"}],"is_trial":false,"path_per_floor":["M","M","$","M","M","R","M","M","T","?","R","?","M","$","R","B",null,"M","M","?","T","$","R","M","R","T","R","M","M","$","$","R","B"],"character_chosen":"IRONCLAD","items_purchased":["Armaments","Shrug It Off"],"campfire_rested":1,"item_purchase_floors":[3,22],"current_hp_per_floor":[67,61,61,61,60,66,66,66,66,55,64,64,61,61,67,22,80,85,59,59,59,59,68,61,70,70,79,71,48,48,48,79,0],"gold":1,"neow_bonus":"BOSS_RELIC","is_prod":false,"is_daily":false,"chose_seed":false,"campfire_upgraded":6,"win_rate":0,"timestamp":1544128503,"path_taken":["M","M","$","M","M","R","M","M","T","?","R","?","M","$","R","BOSS","M","?","?","?","$","R","M","R","T","R","M","M","?","$","R","BOSS"],"build_version":"2018-11-15","purchased_purges":4,"victory":false,"max_hp_per_floor":[80,80,80,80,80,80,80,80,80,80,80,80,80,80,80,80,80,85,85,85,85,85,85,85,85,85,85,85,85,85,85,85,85],"card_choices":[{"not_picked":["Rupture","Rampage"],"picked":"Body Slam","floor":1},{"not_picked":["Twin Strike","Reckless Charge"],"picked":"Battle Trance","floor":2},{"not_picked":["Heavy Blade","Feel No Pain"],"picked":"Disarm","floor":4},{"not_picked":["Havoc","Armaments"],"picked":"Entrench","floor":5},{"not_picked":["Intimidate","Wild Strike"],"picked":"Shrug It Off","floor":7},{"not_picked":["Spot Weakness","Intimidate","Havoc"],"picked":"SKIP","floor":8},{"not_picked":["Heavy Blade","Shockwave","True Grit"],"picked":"SKIP","floor":13},{"not_picked":["Limit Break","Double Tap"],"picked":"Reaper","floor":16},{"not_picked":["Rupture","Rampage","Twin Strike+1"],"picked":"SKIP","floor":18},{"not_picked":["Thunderclap","Wild Strike+1","Clothesline"],"picked":"SKIP","floor":19},{"not_picked":["Heavy Blade","Armaments","Thunderclap+1"],"picked":"SKIP","floor":24},{"not_picked":["Rampage","Twin Strike","Perfected Strike"],"picked":"SKIP","floor":28},{"not_picked":["Perfected Strike","Cleave","Limit Break"],"picked":"SKIP","floor":29}],"player_experience":359807,"relics_obtained":[],"event_choices":[{"damage_healed":0,"gold_gain":75,"player_choice":"Gather Gold","damage_taken":11,"max_hp_gain":0,"max_hp_loss":0,"event_name":"World of Goop","floor":10,"gold_loss":0},{"damage_healed":0,"gold_gain":0,"player_choice":"Relic","damage_taken":0,"max_hp_gain":0,"max_hp_loss":0,"event_name":"Wheel of Change","floor":12,"gold_loss":0},{"damage_healed":0,"gold_gain":0,"player_choice":"Ignored","damage_taken":0,"max_hp_gain":0,"max_hp_loss":0,"event_name":"The Mausoleum","floor":20,"gold_loss":0}],"is_beta":false,"boss_relics":[{"not_picked":["Snecko Eye","Coffee Dripper","Philosopher\u0027s Stone"]}],"items_purged_floors":[3,14,22,30],"is_endless":false,"potions_floor_spawned":[1,4,5,8,18,19],"killed_by":"Automaton","ascension_level":0}