{"gold_per_floor":[119,179,30,205,93,93,107,134,159,109,184,216,228,254,254,331,331,350,369,294,270,285,285,285],"floor_reached":24,"playtime":710,"items_purged":["Doubt"],"score":391,"play_id":"f02aaaa9-b36c-4559-919e-39e9de3b75c2","local_time":"20190426214450","is_ascension_mode":true,"campfire_choices":[{"data":"Dualcast","floor":6,"key":"SMITH"},{"data":"Self Repair","floor":15,"key":"SMITH"},{"data":"Seek","floor":23,"key":"SMITH"}],"neow_cost":"NONE","seed_source_timestamp":1160825711257793,"circlet_count":0,"master_deck":["AscendersBane","Zap+1","Dualcast+1","Doom and Gloom","Self Repair+1","Ball Lightning","Ball Lightning","Conserve Battery","Undo","Heatsinks","Seek+1","Self Repair","Core Surge","Streamline","Force Field","Multi-Cast","Compile Driver","Go for the Eyes+1","Coolheaded"],"relics":["Cracked Core","NeowsBlessing","Vajra","Juzu Bracelet","Pen Nib","War Paint","Bag of Preparation","Pandora\u0027s Box"],"potions_floor_usage":[24],"damage_taken":[{"damage":0,"enemies":"Jaw Worm","floor":1,"turns":1},{"damage":0,"enemies":"Small Slimes","floor":7,"turns":1},{"damage":0,"enemies":"3 Sentries","floor":8,"turns":1},{"damage":16,"enemies":"Gremlin Nob","floor":12,"turns":3},{"damage":0,"enemies":"2 Louse","floor":13,"turns":2},{"damage":22,"enemies":"3 Sentries","floor":14,"turns":5},{"damage":39,"enemies":"Slime Boss","floor":16,"turns":8},{"damage":27,"enemies":"Shell Parasite","floor":18,"turns":7},{"damage":26,"enemies":"2 Thieves","floor":19,"turns":3},{"damage":6,"enemies":"Snecko","floor":22,"turns":5},{"damage":44,"enemies":"Book of Stabbing","floor":24,"turns":5}],"seed_played":"-8137642434351424902","potions_obtained":[{"floor":8,"key":"SmokeBomb"},{"floor":16,"key":"SkillPotion"}],"is_trial":false,"path_per_floor":["M","?","$","?","$","R","M","E","T","?","?","E","M","E","R","B",null,"M","M","?","$","M","R","E"],"character_chosen":"DEFECT","items_purchased":["Vajra","Self Repair","Coolheaded"],"campfire_rested":0,"item_purchase_floors":[3,5,21],"current_hp_per_floor":[68,68,68,68,68,68,68,68,68,68,57,48,55,40,40,11,59,49,33,33,33,44,44,0],"gold":285,"neow_bonus":"THREE_ENEMY_KILL","is_prod":false,"is_daily":false,"chose_seed":false,"campfire_upgraded":3,"win_rate":0,"timestamp":1556340290,"path_taken":["M","?","$","?","$","R","M","E","T","?","?","E","M","E","R","BOSS","M","M","?","$","M","R","E"],"build_version":"2019-01-23","purchased_purges":1,"victory":false,"max_hp_per_floor":[75,75,75,75,75,75,75,75,75,75,75,75,75,75,75,75,75,75,75,75,75,75,75,75],"card_choices":[{"not_picked":["Redo","Cold Snap"],"picked":"Doom and Gloom","floor":1},{"not_picked":["Reprogram","Blizzard"],"picked":"Ball Lightning","floor":7},{"not_picked":["BootSequence","Lockon"],"picked":"Ball Lightning","floor":8},{"not_picked":["Force Field","Undo"],"picked":"Conserve Battery","floor":12},{"not_picked":["Stack","Reinforced Body"],"picked":"Undo","floor":13},{"not_picked":["Lockon","Streamline"],"picked":"Heatsinks","floor":14},{"not_picked":["Buffer","Amplify"],"picked":"Seek","floor":16},{"not_picked":["Storm+1","Redo"],"picked":"Go for the Eyes+1","floor":18},{"not_picked":["Redo","Turbo","Rebound"],"picked":"SKIP","floor":19},{"not_picked":["Redo","Darkness","Steam"],"picked":"SKIP","floor":22}],"player_experience":323963,"relics_obtained":[{"floor":8,"key":"Juzu Bracelet"},{"floor":9,"key":"Pen Nib"},{"floor":12,"key":"War Paint"},{"floor":14,"key":"Bag of Preparation"}],"event_choices":[{"damage_healed":0,"gold_gain":60,"player_choice":"Gained Gold","damage_taken":0,"max_hp_gain":0,"max_hp_loss":0,"event_name":"Golden Wing","floor":2,"gold_loss":0},{"damage_healed":0,"gold_gain":175,"player_choice":"AGREE","damage_taken":0,"max_hp_gain":0,"max_hp_loss":0,"event_name":"Liars Game","floor":4,"gold_loss":0,"cards_obtained":["Doubt"]},{"cards_removed":["Strike_B"],"damage_healed":0,"gold_gain":0,"player_choice":"Card Removal","damage_taken":0,"max_hp_gain":0,"max_hp_loss":0,"event_name":"The Cleric","floor":10,"gold_loss":50},{"damage_healed":0,"gold_gain":75,"player_choice":"Gather Gold","damage_taken":11,"max_hp_gain":0,"max_hp_loss":0,"event_name":"World of Goop","floor":11,"gold_loss":0},{"cards_removed":["Tempest"],"damage_healed":0,"gold_gain":0,"player_choice":"Gave Gold","damage_taken":0,"max_hp_gain":0,"max_hp_loss":0,"event_name":"Beggar","floor":20,"gold_loss":75}],"is_beta":false,"boss_relics":[{"not_picked":["Philosopher\u0027s Stone","Lizard Tail"],"picked":"Pandora\u0027s Box"}],"items_purged_floors":[5],"is_endless":false,"potions_floor_spawned":[8,16,19],"killed_by":"Book of Stabbing","ascension_level":13}