{"gold_per_floor":[118,130,150,168,443,473,64,82,82,95,109,9,54,71,71,201,201,216,233,233,248,17,17,17,36,115,127,139,139,54,54,54,154,154,169,180,53,53,69,98,109,126,126,126,126,126,151,168,168,168],"floor_reached":50,"playtime":3208,"items_purged":["Regret","Strike_R"],"score":540,"play_id":"0fd47a3a-548b-406c-8096-5435440c8705","local_time":"20190427212755","is_ascension_mode":true,"campfire_choices":[{"data":"Transmutation","floor":15,"key":"SMITH"},{"floor":23,"key":"REST"},{"floor":29,"key":"REST"},{"floor":32,"key":"REST"},{"floor":45,"key":"REST"},{"floor":49,"key":"REST"}],"neow_cost":"NONE","seed_source_timestamp":1114479932867339,"circlet_count":0,"master_deck":["Strike_R","Strike_R","Strike_R","Strike_R","Defend_R","Defend_R","Defend_R","Bash","Ghostly Armor","Thunderclap","Flame Barrier","Transmutation+1","Shrug It Off","Flex+1","Pommel Strike+1","Limit Break+1","Carnage+1","Inflame","Battle Trance+1","Sword Boomerang+1","Fiend Fire+1","True Grit+1","Seeing Red+1","Immolate+1","Armaments+1","Cleave+1"],"relics":["Burning Blood","Boot","Darkstone Periapt","Lantern","Toxic Egg 2","Molten Egg 2","Mark of Pain","Bag of Preparation","FaceOfCleric","Bottled Flame","Paper Frog","MutagenicStrength","Black Star","Red Skull","Bronze Scales","Bottled Lightning","Omamori"],"potions_floor_usage":[6,16,16,16,18,33,33,39,39,48,50,50],"damage_taken":[{"damage":5,"enemies":"Small Slimes","floor":1,"turns":4},{"damage":6,"enemies":"Cultist","floor":2,"turns":3},{"damage":2,"enemies":"Jaw Worm","floor":3,"turns":4},{"damage":8,"enemies":"Red Slaver","floor":4,"turns":4},{"damage":32,"enemies":"Gremlin Nob","floor":6,"turns":5},{"damage":1,"enemies":"2 Fungi Beasts","floor":8,"turns":3},{"damage":0,"enemies":"Looter","floor":10,"turns":3},{"damage":2,"enemies":"Large Slime","floor":11,"turns":7},{"damage":18,"enemies":"Lagavulin","floor":13,"turns":9},{"damage":1,"enemies":"2 Fungi Beasts","floor":14,"turns":4},{"damage":15,"enemies":"Slime Boss","floor":16,"turns":8},{"damage":18,"enemies":"Shell Parasite","floor":18,"turns":4},{"damage":10,"enemies":"Spheric Guardian","floor":19,"turns":4},{"damage":4,"enemies":"Colosseum Slavers","floor":20,"turns":4},{"damage":52,"enemies":"Cultist and Chosen","floor":21,"turns":9},{"damage":15,"enemies":"Snake Plant","floor":25,"turns":3},{"damage":14,"enemies":"Shelled Parasite and Fungi","floor":27,"turns":7},{"damage":3,"enemies":"Snecko","floor":28,"turns":5},{"damage":70,"enemies":"Automaton","floor":33,"turns":8},{"damage":44,"enemies":"3 Darklings","floor":35,"turns":4},{"damage":10,"enemies":"3 Shapes","floor":36,"turns":3},{"damage":7,"enemies":"Writhing Mass","floor":39,"turns":3},{"damage":45,"enemies":"Nemesis","floor":40,"turns":6},{"damage":0,"enemies":"3 Darklings","floor":41,"turns":2},{"damage":10,"enemies":"Sphere and 2 Shapes","floor":42,"turns":3},{"damage":32,"enemies":"Spire Growth","floor":48,"turns":3},{"damage":62,"enemies":"Time Eater","floor":50,"turns":9}],"seed_played":"-7019439071018826140","potions_obtained":[{"floor":2,"key":"Energy Potion"},{"floor":6,"key":"Energy Potion"},{"floor":11,"key":"Explosive Potion"},{"floor":13,"key":"Explosive Potion"},{"floor":16,"key":"Swift Potion"},{"floor":21,"key":"FairyPotion"},{"floor":25,"key":"LiquidBronze"},{"floor":27,"key":"LiquidBronze"},{"floor":35,"key":"AttackPotion"},{"floor":40,"key":"Weak Potion"},{"floor":41,"key":"SpeedPotion"},{"floor":42,"key":"SkillPotion"}],"is_trial":false,"path_per_floor":["M","M","M","M","?","E","$","M","T","M","M","$","E","M","R","B",null,"M","M","?","M","$","R","?","M","T","M","M","R","?","?","R","B",null,"M","M","$","?","M","E","M","M","T","?","R","?","T","M","R","B"],"character_chosen":"IRONCLAD","items_purchased":["Transmutation","Lantern","Inflame","Bag of Preparation","Seeing Red+1","Energy Potion"],"campfire_rested":5,"item_purchase_floors":[7,7,22,22,37,37],"current_hp_per_floor":[80,80,80,78,78,52,52,57,57,63,67,67,55,60,60,51,80,68,64,66,20,20,44,44,36,36,29,33,57,57,57,81,18,84,47,44,44,44,44,15,22,19,19,19,46,46,46,21,48,0],"gold":168,"neow_bonus":"RANDOM_COMMON_RELIC","is_prod":false,"is_daily":false,"chose_seed":false,"campfire_upgraded":1,"win_rate":0,"timestamp":1556396875,"path_taken":["M","M","M","M","?","E","$","M","T","?","M","$","E","M","R","BOSS","M","M","?","M","$","R","?","?","T","M","M","R","?","?","R","BOSS","M","M","$","?","M","E","M","M","T","?","R","?","?","M","R","BOSS"],"build_version":"2019-01-23","purchased_purges":2,"victory":false,"max_hp_per_floor":[80,80,80,80,80,80,80,80,80,80,80,80,80,80,80,80,80,80,80,80,80,80,80,80,81,81,82,83,83,83,83,83,84,84,85,86,86,86,87,88,89,90,90,90,90,90,90,91,91,91],"card_choices":[{"not_picked":["True Grit","Iron Wave"],"picked":"Ghostly Armor","floor":1},{"not_picked":["True Grit","Sentinel"],"picked":"Thunderclap","floor":2},{"not_picked":["Corruption","Sentinel"],"picked":"Flame Barrier","floor":3},{"not_picked":["Flex","Fire Breathing","True Grit"],"picked":"SKIP","floor":4},{"not_picked":["Thunderclap","Barricade","Bloodletting"],"picked":"SKIP","floor":6},{"not_picked":["Shockwave","Sword Boomerang"],"picked":"Shrug It Off","floor":8},{"not_picked":["Shrug It Off+1","Bloodletting+1","Havoc+1"],"picked":"SKIP","floor":10},{"not_picked":["Iron Wave","Perfected Strike"],"picked":"Flex+1","floor":11},{"not_picked":["Perfected Strike","Fiend Fire","Rupture"],"picked":"SKIP","floor":13},{"not_picked":["Twin Strike+1","Ghostly Armor+1"],"picked":"Pommel Strike+1","floor":14},{"not_picked":["Exhume+1","Barricade"],"picked":"Limit Break+1","floor":16},{"not_picked":["Combust","Sword Boomerang+1"],"picked":"Carnage+1","floor":18},{"not_picked":["Reckless Charge+1","Metallicize","Body Slam+1"],"picked":"SKIP","floor":19},{"not_picked":["Power Through+1","Sentinel+1","Anger+1"],"picked":"SKIP","floor":21},{"not_picked":["Rage+1","Headbutt+1","Shrug It Off+1"],"picked":"SKIP","floor":25},{"not_picked":["Uppercut+1","Perfected Strike+1"],"picked":"Battle Trance+1","floor":27},{"not_picked":["Flame Barrier+1","Cleave+1"],"picked":"Sword Boomerang+1","floor":28},{"not_picked":["Bludgeon+1","Berserk"],"picked":"Fiend Fire+1","floor":33},{"not_picked":["Searing Blow+1","Havoc+1","Reckless Charge+1"],"picked":"SKIP","floor":35},{"not_picked":["Power Through+1","Warcry+1"],"picked":"True Grit+1","floor":36},{"not_picked":["Combust","Anger+1","Infernal Blade+1"],"picked":"SKIP","floor":39},{"not_picked":["Pommel Strike+1","Perfected Strike+1"],"picked":"Immolate+1","floor":40},{"not_picked":["Corruption+1","Rage+1","Iron Wave+1"],"picked":"SKIP","floor":41},{"not_picked":["Evolve+1","Flex+1"],"picked":"Armaments+1","floor":42},{"not_picked":["Shrug It Off+1","Combust+1"],"picked":"Cleave+1","floor":48}],"player_experience":1866429,"relics_obtained":[{"floor":6,"key":"Darkstone Periapt"},{"floor":9,"key":"Toxic Egg 2"},{"floor":13,"key":"Molten Egg 2"},{"floor":26,"key":"Bottled Flame"},{"floor":40,"key":"Red Skull"},{"floor":40,"key":"Bronze Scales"},{"floor":43,"key":"Bottled Lightning"},{"floor":47,"key":"Omamori"}],"event_choices":[{"damage_healed":0,"gold_gain":275,"player_choice":"Desecrate","damage_taken":0,"max_hp_gain":0,"max_hp_loss":0,"event_name":"Golden Shrine","floor":5,"gold_loss":0,"cards_obtained":["Regret"]},{"damage_healed":0,"gold_gain":0,"player_choice":"Fight","damage_taken":0,"max_hp_gain":0,"max_hp_loss":0,"event_name":"Colosseum","floor":20,"gold_loss":0},{"damage_healed":0,"gold_gain":0,"player_choice":"Fled From Nobs","damage_taken":0,"max_hp_gain":0,"max_hp_loss":0,"event_name":"Colosseum","floor":20,"gold_loss":0},{"damage_healed":0,"gold_gain":0,"player_choice":"Trade","damage_taken":0,"relics_obtained":["FaceOfCleric"],"max_hp_gain":0,"max_hp_loss":0,"event_name":"FaceTrader","floor":24,"gold_loss":0},{"damage_healed":0,"gold_gain":0,"player_choice":"Obtained Relic","damage_taken":0,"relics_obtained":["Paper Frog"],"max_hp_gain":0,"max_hp_loss":0,"event_name":"Addict","floor":30,"gold_loss":85},{"damage_healed":0,"gold_gain":0,"player_choice":"Inject Mutagens","damage_taken":0,"relics_obtained":["MutagenicStrength"],"max_hp_gain":0,"max_hp_loss":0,"event_name":"Drug Dealer","floor":31,"gold_loss":0},{"damage_healed":0,"gold_gain":0,"player_choice":"Memory 1","damage_taken":0,"max_hp_gain":0,"max_hp_loss":0,"event_name":"SensoryStone","floor":38,"gold_loss":0},{"cards_removed":["Defend_R"],"damage_healed":0,"gold_gain":0,"player_choice":"Removed Skill","damage_taken":0,"max_hp_gain":0,"max_hp_loss":0,"event_name":"Falling","floor":44,"gold_loss":0},{"damage_healed":0,"gold_gain":0,"player_choice":"Ignored","damage_taken":0,"max_hp_gain":0,"max_hp_loss":0,"event_name":"Mysterious Sphere","floor":46,"gold_loss":0}],"is_beta":false,"boss_relics":[{"not_picked":["White Beast Statue","Runic Pyramid"],"picked":"Mark of Pain"},{"not_picked":["Calling Bell","Runic Cube"],"picked":"Black Star"}],"items_purged_floors":[7,12],"is_endless":false,"potions_floor_spawned":[2,6,11,13,16,20,21,25,27,35,40,41,42],"killed_by":"Time Eater","ascension_level":1}