{"gold_per_floor":[109,123,123,138,153,153,183,108,134,146,161,180,180,195,195,292,292,304,321,334,87,87,87,112,112,112,144,144,163,262,297,297,297],"floor_reached":33,"playtime":1401,"items_purged":["Strike_R","Strike_R"],"score":479,"play_id":"37051f57-fea4-4552-85d3-b224fcfb665e","local_time":"20190501222702","is_ascension_mode":true,"campfire_choices":[{"data":"Body Slam","floor":6.0,"key":"SMITH"},{"data":"Pommel Strike","floor":13.0,"key":"SMITH"},{"data":"True Grit","floor":15.0,"key":"SMITH"},{"data":"Body Slam","floor":23.0,"key":"SMITH"},{"data":"Warcry","floor":25.0,"key":"SMITH"},{"data":"Entrench","floor":28.0,"key":"SMITH"},{"floor":32.0,"key":"REST"}],"neow_cost":"TEN_PERCENT_HP_LOSS","seed_source_timestamp":1601482289273635,"circlet_count":0,"master_deck":["AscendersBane","Strike_R","Defend_R","Defend_R","Defend_R","Defend_R","Bash","Pommel Strike+1","Body Slam+1","Twin Strike","Shrug It Off","Warcry+1","True Grit+1","Iron Wave","Body Slam+1","Brutality","Whirlwind+1","True Grit+1","Sentinel","Entrench+1","Shrug It Off","Body Slam+1"],"special_seed":0,"relics":["Burning Blood","CultistMask","Bronze Scales","Lantern","White Beast Statue","PreservedInsect","Anchor","Molten Egg 2","Happy Flower"],"potions_floor_usage":[33,33],"damage_taken":[{"damage":6.0,"enemies":"Cultist","floor":1.0,"turns":3.0},{"damage":0.0,"enemies":"Small Slimes","floor":2.0,"turns":4.0},{"damage":13.0,"enemies":"Jaw Worm","floor":4.0,"turns":4.0},{"damage":24.0,"enemies":"Blue Slaver","floor":5.0,"turns":4.0},{"damage":8.0,"enemies":"Gremlin Nob","floor":7.0,"turns":3.0},{"damage":0.0,"enemies":"Large Slime","floor":10.0,"turns":4.0},{"damage":0.0,"enemies":"Looter","floor":11.0,"turns":2.0},{"damage":4.0,"enemies":"Red Slaver","floor":12.0,"turns":3.0},{"damage":9.0,"enemies":"Exordium Wildlife","floor":14.0,"turns":4.0},{"damage":24.0,"enemies":"Hexaghost","floor":16.0,"turns":11.0},{"damage":2.0,"enemies":"Spheric Guardian","floor":18.0,"turns":3.0},{"damage":9.0,"enemies":"Chosen","floor":19.0,"turns":5.0},{"damage":47.0,"enemies":"Sentry and Sphere","floor":20.0,"turns":7.0},{"damage":7.0,"enemies":"Slavers","floor":24.0,"turns":3.0},{"damage":4.0,"enemies":"Book of Stabbing","floor":27.0,"turns":3.0},{"damage":10.0,"enemies":"Snecko","floor":29.0,"turns":4.0},{"damage":28.0,"enemies":"Slavers","floor":31.0,"turns":3.0},{"damage":70,"enemies":"Champ","floor":33,"turns":10}],"seed_played":"-105167815941108523","potions_obtained":[{"floor":2.0,"key":"Ancient Potion"},{"floor":5.0,"key":"FearPotion"},{"floor":10.0,"key":"SpeedPotion"},{"floor":16.0,"key":"AttackPotion"},{"floor":18.0,"key":"Regen Potion"},{"floor":19.0,"key":"SteroidPotion"},{"floor":20.0,"key":"AttackPotion"},{"floor":24.0,"key":"Weak Potion"},{"floor":27.0,"key":"Swift Potion"},{"floor":29.0,"key":"SpeedPotion"},{"floor":31.0,"key":"BloodPotion"}],"is_trial":false,"path_per_floor":["M","M","?","M","M","R","E","$","T","M","M","M","R","M","R","B",null,"M","M","M","$","?","R","E","R","T","E","R","M","?","E","R","B"],"character_chosen":"IRONCLAD","items_purchased":["PreservedInsect"],"campfire_rested":1,"item_purchase_floors":[21],"current_hp_per_floor":[72,72,72,65,47,47,45,45,45,51,57,59,59,56,56,38,64,68,65,38,38,62,62,61,61,61,63,63,59,59,37,58,0],"gold":297,"neow_bonus":"REMOVE_TWO","is_prod":false,"is_daily":false,"chose_seed":false,"campfire_upgraded":6,"win_rate":0,"timestamp":1556717222,"path_taken":["M","M","?","M","M","R","E","$","T","?","?","M","R","M","R","BOSS","M","M","M","$","?","R","E","R","T","E","R","M","?","E","R","BOSS"],"build_version":"2019-01-23","purchased_purges":2,"victory":false,"max_hp_per_floor":[72,72,72,72,72,72,72,72,72,72,72,72,72,72,72,72,72,72,72,72,72,72,72,72,72,72,72,72,72,72,72,72,72],"card_choices":[{"not_picked":["True Grit","Armaments"],"picked":"Pommel Strike","floor":1.0},{"not_picked":["Disarm","Rage"],"picked":"Body Slam","floor":2.0},{"not_picked":["Clothesline","Burning Pact"],"picked":"Twin Strike","floor":4.0},{"not_picked":["Body Slam","Twin Strike"],"picked":"Shrug It Off","floor":5.0},{"not_picked":["Corruption","Rupture"],"picked":"Warcry","floor":7.0},{"not_picked":["Wild Strike","Clash"],"picked":"True Grit","floor":10.0},{"not_picked":["Armaments","Clash","Perfected Strike"],"picked":"SKIP","floor":11.0},{"not_picked":["Shrug It Off","Perfected Strike"],"picked":"Iron Wave","floor":12.0},{"not_picked":["Rupture","Armaments"],"picked":"Body Slam","floor":14.0},{"not_picked":["Juggernaut","Fiend Fire"],"picked":"Brutality","floor":16.0},{"not_picked":["Evolve+1","Pummel"],"picked":"Whirlwind+1","floor":18.0},{"not_picked":["Body Slam","Armaments"],"picked":"True Grit+1","floor":19.0},{"not_picked":["Wild Strike","Anger"],"picked":"Sentinel","floor":20.0},{"not_picked":["Wild Strike+1","Brutality","Feel No Pain"],"picked":"SKIP","floor":24.0},{"not_picked":["Iron Wave","Infernal Blade+1"],"picked":"Entrench","floor":27.0},{"not_picked":["Armaments","Flex"],"picked":"Shrug It Off","floor":29.0},{"not_picked":["Twin Strike+1","Havoc+1"],"picked":"Body Slam+1","floor":31.0}],"player_experience":471937,"relics_obtained":[{"floor":7.0,"key":"Bronze Scales"},{"floor":9.0,"key":"Lantern"},{"floor":24.0,"key":"Anchor"},{"floor":27.0,"key":"Molten Egg 2"},{"floor":31.0,"key":"Happy Flower"}],"event_choices":[{"damage_healed":0.0,"max_hp_gain":0.0,"max_hp_loss":0.0,"gold_gain":0.0,"event_name":"FaceTrader","player_choice":"Trade","floor":3.0,"gold_loss":0.0,"damage_taken":0.0,"relics_obtained":["CultistMask"]},{"damage_healed":24.0,"max_hp_gain":0.0,"max_hp_loss":0.0,"gold_gain":0.0,"event_name":"The Library","player_choice":"Heal","floor":22.0,"gold_loss":0.0,"damage_taken":0.0},{"damage_healed":0.0,"max_hp_gain":0.0,"max_hp_loss":0.0,"gold_gain":99.0,"event_name":"Nest","player_choice":"Stole From Cult","floor":30.0,"gold_loss":0.0,"damage_taken":0.0}],"is_beta":false,"boss_relics":[{"not_picked":["Snecko Eye","Calling Bell"],"picked":"White Beast Statue"}],"items_purged_floors":[8,21],"is_endless":false,"potions_floor_spawned":[2,5,10,14,16,18,19,20,24,27,29,31],"killed_by":"Champ","ascension_level":11}