{"gold_per_floor":[209,209,222,233,233,258,183,211,289,89,111,123,310,342,354,468,480,508,445,113,113,113,142,142,158,158,158,158,174,93,93],"floor_reached":31,"playtime":2497,"items_purged":["Strike_B","Defend_B"],"score":300,"play_id":"344b4745-75ba-4934-aebf-9d2d9c529a52","local_time":"20181124105539","is_ascension_mode":true,"campfire_choices":[{"floor":15,"key":"REST"},{"data":"Echo Form","floor":27,"key":"SMITH"}],"neow_cost":"NONE","seed_source_timestamp":574512305950007,"circlet_count":0,"master_deck":["Strike_B","Strike_B","Defend_B","Defend_B","Zap","Dualcast","Coolheaded","Coolheaded","Cold Snap","Echo Form+1","Redo","Redo","Tempest"],"relics":["Cracked Core","Dead Branch","Omamori","Cables","MawBank","Empty Cage","Molten Egg 2","Pen Nib","Ancient Tea Set","Bronze Scales"],"potions_floor_usage":[6,6,8,11],"damage_taken":[{"damage":9,"enemies":"2 Louse","floor":1,"turns":2},{"damage":2,"enemies":"Jaw Worm","floor":3,"turns":3},{"damage":1,"enemies":"Small Slimes","floor":4,"turns":3},{"damage":26,"enemies":"Lagavulin","floor":6,"turns":9},{"damage":16,"enemies":"3 Sentries","floor":8,"turns":6},{"damage":0,"enemies":"Exordium Wildlife","floor":11,"turns":4},{"damage":3,"enemies":"3 Louse","floor":14,"turns":7},{"damage":35,"enemies":"Hexaghost","floor":16,"turns":16},{"damage":78,"enemies":"3 Byrds","floor":18,"turns":11},{"damage":26,"enemies":"2 Thieves","floor":19,"turns":5},{"damage":398,"enemies":"Gremlin Leader","floor":23,"turns":15},{"damage":31,"enemies":"Snecko","floor":25,"turns":8},{"damage":4,"enemies":"Cultist and Chosen","floor":29,"turns":8},{"damage":58,"enemies":"3 Cultists","floor":31,"turns":5}],"seed_played":"-2401135106416348324","potions_obtained":[{"floor":1,"key":"Strength Potion"},{"floor":3,"key":"FearPotion"},{"floor":4,"key":"PowerPotion"},{"floor":8,"key":"SteroidPotion"},{"floor":25,"key":"SteroidPotion"},{"floor":29,"key":"SkillPotion"}],"is_trial":false,"path_per_floor":["M","?","M","M","?","E","$","E","T","$","M","$","?","M","R","B",null,"M","M","$","?","?","E","?","M","T","R","?","M","$","M"],"character_chosen":"DEFECT","items_purchased":["Cold Snap","MawBank","Molten Egg 2","Tempest"],"campfire_rested":1,"item_purchase_floors":[10,10,20,30],"current_hp_per_floor":[66,71,69,68,68,42,42,26,26,26,26,26,26,23,47,79,80,80,54,54,80,80,80,80,49,49,49,49,45,45,0],"gold":93,"neow_bonus":"HUNDRED_GOLD","is_prod":false,"is_daily":false,"chose_seed":false,"campfire_upgraded":1,"win_rate":0,"timestamp":1543053339,"path_taken":["M","?","M","M","?","E","$","E","T","$","M","$","?","M","R","BOSS","M","M","$","?","?","E","?","M","T","R","?","M","$","M"],"build_version":"2018-11-15","purchased_purges":2,"victory":false,"max_hp_per_floor":[75,80,80,80,80,80,80,80,80,80,80,80,80,80,80,80,80,80,80,80,80,80,80,80,80,80,80,80,80,80,80],"card_choices":[{"not_picked":["Compile Driver","Hologram","Chill"],"picked":"SKIP","floor":1},{"not_picked":["Self Repair","Compile Driver"],"picked":"Coolheaded","floor":3},{"not_picked":["Reboot","Turbo"],"picked":"Coolheaded","floor":4},{"not_picked":["Reprogram","Streamline","Go for the Eyes"],"picked":"SKIP","floor":6},{"not_picked":["Turbo","Static Discharge","Hologram"],"picked":"SKIP","floor":8},{"not_picked":["Sunder","Conserve Battery"],"picked":"Echo Form","floor":11},{"not_picked":["Coolheaded","Hologram","Barrage"],"picked":"SKIP","floor":14},{"not_picked":["Recycle+1","Loop"],"picked":"Redo","floor":18},{"not_picked":["Rebound","Leap+1","Storm"],"picked":"SKIP","floor":19},{"not_picked":["Ball Lightning+1","Reinforced Body","Go for the Eyes+1"],"picked":"SKIP","floor":23},{"not_picked":["Rebound+1","Auto Shields","Fusion+1"],"picked":"SKIP","floor":25},{"not_picked":["Go for the Eyes+1","Consume"],"picked":"Redo","floor":29}],"player_experience":242336,"relics_obtained":[{"floor":6,"key":"Dead Branch"},{"floor":8,"key":"Omamori"},{"floor":9,"key":"Cables"},{"floor":23,"key":"Ancient Tea Set"},{"floor":26,"key":"Bronze Scales"}],"event_choices":[{"damage_healed":0,"gold_gain":0,"player_choice":"Donut","damage_taken":0,"max_hp_gain":5,"max_hp_loss":0,"event_name":"Big Fish","floor":2,"gold_loss":0},{"damage_healed":0,"gold_gain":0,"player_choice":"Ignored","damage_taken":0,"max_hp_gain":0,"max_hp_loss":0,"event_name":"Shining Light","floor":5,"gold_loss":0},{"damage_healed":0,"gold_gain":175,"player_choice":"AGREE","damage_taken":0,"max_hp_gain":0,"max_hp_loss":0,"event_name":"Liars Game","floor":13,"gold_loss":0,"cards_obtained":["Doubt"]},{"damage_healed":26,"gold_gain":0,"player_choice":"Heal","damage_taken":0,"max_hp_gain":0,"max_hp_loss":0,"event_name":"The Library","floor":21,"gold_loss":0},{"damage_healed":0,"gold_gain":0,"player_choice":"Stole Relic","damage_taken":0,"relics_obtained":["Pen Nib"],"max_hp_gain":0,"max_hp_loss":0,"event_name":"Addict","floor":22,"gold_loss":0,"cards_obtained":["Shame"]},{"damage_healed":0,"gold_gain":0,"player_choice":"Ignored","damage_taken":0,"max_hp_gain":0,"max_hp_loss":0,"event_name":"Ghosts","floor":24,"gold_loss":0},{"damage_healed":0,"gold_gain":0,"player_choice":"Ignored","damage_taken":0,"max_hp_gain":0,"max_hp_loss":0,"event_name":"The Mausoleum","floor":28,"gold_loss":0}],"is_beta":false,"boss_relics":[{"not_picked":["Cursed Key","Velvet Choker"],"picked":"Empty Cage"}],"items_purged_floors":[7,20],"is_endless":false,"potions_floor_spawned":[1,3,4,8,25,29],"killed_by":"3 Cultists","ascension_level":3}