{"gold_per_floor":[119,138,33,43,8,34,34,51,104,104],"floor_reached":10,"playtime":250,"items_purged":[],"score":122,"play_id":"748be2d8-f6f8-4add-af48-5d5753f70f2b","local_time":"20190418004122","is_ascension_mode":true,"campfire_choices":[],"neow_cost":"NONE","seed_source_timestamp":20938576461919,"circlet_count":0,"master_deck":["AscendersBane","Strike_R","Strike_R","Strike_R","Strike_R","Strike_R","Defend_R","Defend_R","Defend_R","Defend_R","Bash","Dark Embrace","Anger","Offering","Feel No Pain","Shrug It Off","Shrug It Off","Corruption","Shrug It Off"],"relics":["Burning Blood","Darkstone Periapt","Juzu Bracelet"],"potions_floor_usage":[8],"damage_taken":[{"damage":6,"enemies":"Cultist","floor":1,"turns":4},{"damage":23,"enemies":"Jaw Worm","floor":2,"turns":5},{"damage":16,"enemies":"2 Louse","floor":4,"turns":3},{"damage":42,"enemies":"Gremlin Nob","floor":6,"turns":5},{"damage":19,"enemies":"Red Slaver","floor":8,"turns":4},{"damage":11,"enemies":"Exordium Thugs","floor":10,"turns":1}],"seed_played":"-2505237948953246517","potions_obtained":[{"floor":6,"key":"Swift Potion"}],"is_trial":false,"path_per_floor":["M","M","$","M","?","E","?","M","T","M"],"character_chosen":"IRONCLAD","items_purchased":["Feel No Pain","Shrug It Off"],"campfire_rested":0,"item_purchase_floors":[3,3],"current_hp_per_floor":[68,51,51,41,59,23,23,10,10,0],"gold":104,"neow_bonus":"ONE_RANDOM_RARE_CARD","is_prod":false,"is_daily":false,"chose_seed":false,"campfire_upgraded":0,"win_rate":0,"timestamp":1555573282,"path_taken":["M","M","$","?","?","E","?","M","T","M"],"build_version":"2019-01-23","purchased_purges":0,"victory":false,"max_hp_per_floor":[75,75,75,75,75,75,75,75,75,75],"card_choices":[{"not_picked":["Clash","Wild Strike"],"picked":"Anger","floor":1},{"not_picked":["Second Wind","Uppercut"],"picked":"Offering","floor":2},{"not_picked":["Sword Boomerang","Clothesline"],"picked":"Shrug It Off","floor":4},{"not_picked":["Evolve","Twin Strike"],"picked":"Corruption","floor":6},{"not_picked":["Wild Strike","Searing Blow"],"picked":"Shrug It Off","floor":8}],"player_experience":458004,"relics_obtained":[{"floor":6,"key":"Darkstone Periapt"},{"floor":9,"key":"Juzu Bracelet"}],"event_choices":[{"damage_healed":18,"gold_gain":0,"player_choice":"Healed","damage_taken":0,"max_hp_gain":0,"max_hp_loss":0,"event_name":"The Cleric","floor":5,"gold_loss":35},{"damage_healed":0,"gold_gain":0,"player_choice":"Ignored","damage_taken":0,"max_hp_gain":0,"max_hp_loss":0,"event_name":"Shining Light","floor":7,"gold_loss":0}],"is_beta":false,"boss_relics":[],"items_purged_floors":[],"is_endless":false,"potions_floor_spawned":[6],"killed_by":"Exordium Thugs","ascension_level":16}