{"gold_per_floor":[117,117,97,108,108,108,134,184,184,196,196,208,233,253,253,325,325,325,325,325,17,17,17,17,17,17,17,17,17,17,17],"floor_reached":31,"playtime":2120,"items_purged":[],"score":464,"play_id":"f0f353d8-25b1-4229-a992-22c2deedeaea","local_time":"20190310175429","is_ascension_mode":true,"campfire_choices":[{"floor":6,"key":"REST"},{"floor":11,"key":"REST"},{"floor":15,"key":"REST"},{"floor":23,"key":"REST"}],"neow_cost":"NONE","seed_source_timestamp":1376100280287870,"circlet_count":0,"master_deck":["AscendersBane","Strike_B","Strike_B","Strike_B","Strike_B","Defend_B","Defend_B","Defend_B","Defend_B","Zap+1","Dualcast+1","Gash","Echo Form","Defragment","Redo+1","Chill+1","Force Field+1","Redo+1","Meteor Strike","Coolheaded+1","Tempest+1","Doom and Gloom","Reinforced Body+1"],"relics":["Fusion Hammer","Toxic Egg 2","Singing Bowl","Bag of Marbles","Cables","Smiling Mask","Ectoplasm","MutagenicStrength","ClockworkSouvenir","War Paint","Regal Pillow"],"potions_floor_usage":[7,13,16],"damage_taken":[{"damage":2,"enemies":"Jaw Worm","floor":1,"turns":4},{"damage":0,"enemies":"Cultist","floor":4,"turns":3},{"damage":20,"enemies":"3 Sentries","floor":7,"turns":7},{"damage":4,"enemies":"2 Louse","floor":10,"turns":3},{"damage":12,"enemies":"Looter","floor":12,"turns":4},{"damage":27,"enemies":"Gremlin Nob","floor":13,"turns":6},{"damage":0,"enemies":"2 Fungi Beasts","floor":14,"turns":4},{"damage":30,"enemies":"Hexaghost","floor":16,"turns":12},{"damage":14,"enemies":"Spheric Guardian","floor":18,"turns":4},{"damage":27,"enemies":"Chosen","floor":20,"turns":6},{"damage":11,"enemies":"Gremlin Leader","floor":24,"turns":6},{"damage":22,"enemies":"Shelled Parasite and Fungi","floor":25,"turns":4},{"damage":13,"enemies":"Snecko","floor":27,"turns":5},{"damage":5,"enemies":"Centurion and Healer","floor":30,"turns":5},{"damage":7,"enemies":"3 Cultists","floor":31,"turns":3}],"seed_played":"6145479164294269526","potions_obtained":[{"floor":3,"key":"Explosive Potion"},{"floor":12,"key":"Fire Potion"},{"floor":13,"key":"Regen Potion"},{"floor":14,"key":"SteroidPotion"},{"floor":24,"key":"Explosive Potion"}],"is_trial":false,"path_per_floor":["M","?","?","M","T","R","E","T","T","M","R","M","E","M","R","B",null,"M","?","M","$","?","R","E","M","T","M","?","?","M","M"],"character_chosen":"DEFECT","items_purchased":["Tempest+1","ClockworkSouvenir","Doom and Gloom"],"campfire_rested":4,"item_purchase_floors":[21,21,21],"current_hp_per_floor":[62,67,67,67,67,76,56,56,56,52,74,62,35,35,57,42,68,54,54,29,29,29,52,43,23,23,10,10,10,7,0],"gold":17,"neow_bonus":"BOSS_RELIC","is_prod":false,"is_daily":false,"chose_seed":false,"campfire_upgraded":0,"win_rate":0,"timestamp":1552240469,"path_taken":["M","?","?","?","?","R","E","?","T","M","R","?","E","M","R","BOSS","M","?","M","$","?","R","E","M","T","M","?","?","?","M"],"build_version":"2019-01-23","purchased_purges":0,"victory":false,"max_hp_per_floor":[71,76,76,76,76,76,76,76,76,76,76,76,76,76,76,76,76,76,76,78,78,78,78,80,82,82,82,82,82,84,84],"card_choices":[{"not_picked":["Compile Driver","Steam"],"picked":"Gash","floor":1},{"not_picked":["Steam","Cold Snap"],"picked":"Echo Form","floor":4},{"not_picked":["Barrage","Hologram+1"],"picked":"Defragment","floor":7},{"not_picked":["Streamline","Force Field+1"],"picked":"Redo+1","floor":10},{"not_picked":["Redo+1","Ball Lightning"],"picked":"Chill+1","floor":12},{"not_picked":["Steam Power+1","Barrage"],"picked":"Force Field+1","floor":13},{"not_picked":["BootSequence+1","Blizzard"],"picked":"Redo+1","floor":14},{"not_picked":["Echo Form","Rainbow+1"],"picked":"Meteor Strike","floor":16},{"not_picked":["Go for the Eyes+1","Capacitor"],"picked":"Coolheaded+1","floor":18},{"not_picked":["Sunder","Coolheaded+1","BootSequence+1"],"picked":"Singing Bowl","floor":20},{"not_picked":["Doom and Gloom","Static Discharge+1","Sweeping Beam"],"picked":"Singing Bowl","floor":24},{"not_picked":["Rip and Tear","Turbo+1","Hologram+1"],"picked":"Singing Bowl","floor":25},{"not_picked":["Undo+1","Static Discharge"],"picked":"Reinforced Body+1","floor":27},{"not_picked":["Compile Driver","Leap+1","Heatsinks"],"picked":"Singing Bowl","floor":30}],"player_experience":1542564,"relics_obtained":[{"floor":5,"key":"Toxic Egg 2"},{"floor":7,"key":"Singing Bowl"},{"floor":8,"key":"Bag of Marbles"},{"floor":9,"key":"Cables"},{"floor":13,"key":"Smiling Mask"},{"floor":24,"key":"War Paint"},{"floor":26,"key":"Regal Pillow"}],"event_choices":[{"damage_healed":0,"gold_gain":0,"player_choice":"Donut","damage_taken":0,"max_hp_gain":5,"max_hp_loss":0,"event_name":"Big Fish","floor":2,"gold_loss":0},{"damage_healed":0,"gold_gain":0,"player_choice":"Bought 1 Potion","damage_taken":0,"max_hp_gain":0,"max_hp_loss":0,"event_name":"The Woman in Blue","floor":3,"gold_loss":0},{"damage_healed":0,"gold_gain":0,"player_choice":"Inject Mutagens","damage_taken":0,"relics_obtained":["MutagenicStrength"],"max_hp_gain":0,"max_hp_loss":0,"event_name":"Drug Dealer","floor":19,"gold_loss":0},{"damage_healed":0,"gold_gain":50,"player_choice":"Stole From Cult","damage_taken":0,"max_hp_gain":0,"max_hp_loss":0,"event_name":"Nest","floor":22,"gold_loss":0},{"damage_healed":0,"gold_gain":0,"player_choice":"Ignored","damage_taken":0,"max_hp_gain":0,"max_hp_loss":0,"event_name":"Beggar","floor":28,"gold_loss":0},{"damage_healed":0,"gold_gain":0,"player_choice":"Ignored","damage_taken":0,"max_hp_gain":0,"max_hp_loss":0,"event_name":"Transmorgrifier","floor":29,"gold_loss":0}],"is_beta":false,"boss_relics":[{"not_picked":["Pandora\u0027s Box","Runic Pyramid"],"picked":"Ectoplasm"}],"items_purged_floors":[],"is_endless":false,"potions_floor_spawned":[12,13,14,24,27,30],"killed_by":"3 Cultists","ascension_level":15}