{"gold_per_floor":[366,366,382,12,30,30,30,59,131,131,147,167,180,150,150,254,254,265,355,367,384,384],"floor_reached":22,"playtime":81789,"items_purged":["Regret"],"score":263,"play_id":"f65ac3fe-40fa-492f-bfec-d44d973a64cd","local_time":"20190404194156","is_ascension_mode":true,"campfire_choices":[{"data":"Zap","floor":6,"key":"SMITH"},{"floor":10,"key":"REST"},{"floor":15,"key":"REST"}],"neow_cost":"CURSE","seed_source_timestamp":4784036478837,"circlet_count":0,"master_deck":["Strike_B","Strike_B+1","Strike_B","Strike_B+1","Defend_B","Defend_B","Defend_B","Defend_B","Zap+1","Dualcast","Tempest","Coolheaded","Glacier","Leap","Barrage","Auto Shields","Chaos","Biased Cognition","Hologram","Sweeping Beam","Hologram"],"relics":["Cracked Core","Bird Faced Urn","Whetstone","Runic Dome"],"potions_floor_usage":[3,16,16],"damage_taken":[{"damage":10,"enemies":"2 Louse","floor":1,"turns":3},{"damage":3,"enemies":"Cultist","floor":3,"turns":3},{"damage":5,"enemies":"Jaw Worm","floor":5,"turns":3},{"damage":37,"enemies":"Gremlin Nob","floor":8,"turns":5},{"damage":27,"enemies":"Lots of Slimes","floor":11,"turns":5},{"damage":0,"enemies":"3 Louse","floor":12,"turns":4},{"damage":0,"enemies":"Exordium Wildlife","floor":13,"turns":5},{"damage":0,"enemies":"Looter","floor":14,"turns":4},{"damage":11,"enemies":"The Guardian","floor":16,"turns":17},{"damage":7,"enemies":"Spheric Guardian","floor":18,"turns":5},{"damage":0,"enemies":"Shell Parasite","floor":20,"turns":7},{"damage":22,"enemies":"Chosen and Byrds","floor":21,"turns":6},{"damage":24,"enemies":"Snake Plant","floor":22,"turns":1}],"seed_played":"7344926697817895707","potions_obtained":[{"floor":1,"key":"FearPotion"},{"floor":2,"key":"Fruit Juice"},{"floor":2,"key":"SkillPotion"},{"floor":2,"key":"SteroidPotion"},{"floor":3,"key":"Energy Potion"},{"floor":11,"key":"Dexterity Potion"},{"floor":12,"key":"Poison Potion"},{"floor":20,"key":"SteroidPotion"}],"is_trial":false,"path_per_floor":["?","$","?","M"],"character_chosen":"DEFECT","items_purchased":["Bird Faced Urn"],"campfire_rested":2,"item_purchase_floors":[4],"current_hp_per_floor":[58,58,60,60,55,55,55,18,18,42,15,15,15,15,39,28,67,62,38,40,20,0],"gold":384,"neow_bonus":"TWO_FIFTY_GOLD","is_prod":false,"is_daily":false,"chose_seed":false,"campfire_upgraded":1,"win_rate":0,"timestamp":1554428516,"path_taken":["M","?","M","$","M","R","?","E","T","R","M","M","M","M","R","BOSS","M","?","?","M","M"],"build_version":"2019-01-23","purchased_purges":1,"victory":false,"max_hp_per_floor":[75,75,80,80,80,80,80,80,80,80,80,80,80,80,80,80,80,80,80,80,80,80],"card_choices":[{"not_picked":["Barrage","Scrape"],"picked":"Tempest","floor":1},{"not_picked":["Rebound","Reinforced Body"],"picked":"Coolheaded","floor":3},{"not_picked":["Turbo","Stack"],"picked":"Glacier","floor":5},{"not_picked":["Leap","Gash","Reinforced Body"],"picked":"SKIP","floor":8},{"not_picked":["Gash","Reinforced Body"],"picked":"Leap","floor":8},{"not_picked":["Steam Power","Tempest"],"picked":"Barrage","floor":11},{"not_picked":["Compile Driver","Streamline"],"picked":"Auto Shields","floor":12},{"not_picked":["Coolheaded","Gash"],"picked":"Chaos","floor":13},{"not_picked":["Aggregate","Redo","Leap"],"picked":"SKIP","floor":14},{"not_picked":["Amplify","Fission"],"picked":"Biased Cognition","floor":16},{"not_picked":["Barrage","Go for the Eyes"],"picked":"Hologram","floor":18},{"not_picked":["Hello World","Conserve Battery"],"picked":"Sweeping Beam","floor":20},{"not_picked":["Rebound","Gash"],"picked":"Hologram","floor":21}],"player_experience":440621,"relics_obtained":[{"floor":8,"key":"Whetstone"}],"event_choices":[{"damage_healed":0,"gold_gain":0,"player_choice":"Got Potions","damage_taken":0,"max_hp_gain":0,"max_hp_loss":0,"event_name":"Lab","floor":2,"gold_loss":0},{"damage_healed":0,"gold_gain":90,"player_choice":"POTION GOLD ","damage_taken":24,"max_hp_gain":0,"max_hp_loss":0,"event_name":"Knowing Skull","floor":19,"potions_obtained":["EntropicBrew"],"gold_loss":0,"cards_obtained":[]}],"is_beta":false,"boss_relics":[{"not_picked":["Lizard Tail","Coffee Dripper"],"picked":"Runic Dome"}],"items_purged_floors":[4],"is_endless":false,"potions_floor_spawned":[1,3,11,12,13,20],"killed_by":"Snake Plant","ascension_level":8}