{"gold_per_floor":[12,24,44,61,61,61,100,125,172,172,172],"floor_reached":11,"playtime":318,"items_purged":[],"score":98,"play_id":"5d3556f7-1b81-4409-8c1a-327952b0442a","local_time":"20190427225037","is_ascension_mode":true,"campfire_choices":[{"data":"Bash","floor":6,"key":"SMITH"}],"neow_cost":"NO_GOLD","seed_source_timestamp":1557000394678300,"circlet_count":0,"master_deck":["Strike_R","Strike_R","Strike_R","Strike_R","Strike_R","Defend_R","Defend_R+1","Defend_R+1","Defend_R","Bash+1","Reaper","Flame Barrier","True Grit"],"relics":["Burning Blood","Golden Idol","Pantograph","Lantern"],"potions_floor_usage":[7],"damage_taken":[{"damage":7,"enemies":"Jaw Worm","floor":1,"turns":3},{"damage":0,"enemies":"Small Slimes","floor":2,"turns":3},{"damage":8,"enemies":"2 Louse","floor":3,"turns":3},{"damage":17,"enemies":"2 Fungi Beasts","floor":4,"turns":4},{"damage":40,"enemies":"Lagavulin","floor":7,"turns":5},{"damage":7,"enemies":"3 Louse","floor":8,"turns":4},{"damage":55,"enemies":"Gremlin Nob","floor":11,"turns":5}],"seed_played":"-7823157899929704434","potions_obtained":[{"floor":2,"key":"PowerPotion"},{"floor":8,"key":"Energy Potion"}],"is_trial":false,"path_per_floor":["M","M","M","M","?","R","E","M","T","?","E"],"character_chosen":"IRONCLAD","items_purchased":[],"campfire_rested":0,"item_purchase_floors":[],"current_hp_per_floor":[87,93,91,85,85,85,60,67,67,49,0],"gold":172,"neow_bonus":"TWENTY_PERCENT_HP_BONUS","is_prod":false,"is_daily":false,"chose_seed":false,"campfire_upgraded":1,"win_rate":0,"timestamp":1556398237,"path_taken":["M","M","M","M","?","R","E","M","T","?","E"],"build_version":"2019-01-23","purchased_purges":0,"victory":false,"max_hp_per_floor":[96,96,96,96,89,89,89,89,89,89,89],"card_choices":[{"not_picked":["Anger","Sword Boomerang","Flex"],"picked":"SKIP","floor":1},{"not_picked":["Headbutt","Bloodletting","Warcry"],"picked":"SKIP","floor":2},{"not_picked":["Pommel Strike","Headbutt"],"picked":"Reaper","floor":3},{"not_picked":["Sentinel","Body Slam","Armaments"],"picked":"SKIP","floor":4},{"not_picked":["Perfected Strike","Hemokinesis"],"picked":"Flame Barrier","floor":7},{"not_picked":["Wild Strike","Rupture"],"picked":"True Grit","floor":8}],"player_experience":811063,"relics_obtained":[{"floor":7,"key":"Pantograph"},{"floor":9,"key":"Lantern"}],"event_choices":[{"damage_healed":0,"gold_gain":0,"player_choice":"Lose Max HP","damage_taken":0,"relics_obtained":["Golden Idol"],"max_hp_gain":0,"max_hp_loss":7,"event_name":"Golden Idol","floor":5,"gold_loss":0},{"damage_healed":0,"gold_gain":0,"player_choice":"Entered Light","damage_taken":18,"max_hp_gain":0,"max_hp_loss":0,"event_name":"Shining Light","floor":10,"gold_loss":0,"cards_upgraded":["Defend_R","Defend_R"]}],"is_beta":false,"boss_relics":[],"items_purged_floors":[],"is_endless":false,"potions_floor_spawned":[2,8],"killed_by":"Gremlin Nob","ascension_level":6}