{"gold_per_floor":[115,134,147,160,178,178,189,189,189,217,236,111,111,59,59,164,164,176,194,194,94,104,104,117,131,213,213,88,88,103,121,121,220,220,230,245,245,257,282,282],"floor_reached":40,"playtime":2714,"items_purged":["Strike_B","Strike_B","Strike_B"],"score":532,"play_id":"86938f9d-461c-40f1-a33e-022ac96db32a","local_time":"20190414162106","is_ascension_mode":true,"campfire_choices":[{"data":"Fusion","floor":6.0,"key":"SMITH"},{"floor":8.0,"key":"REST"},{"data":"Chaos","floor":13.0,"key":"SMITH"},{"data":"Defragment","floor":15.0,"key":"SMITH"},{"floor":23.0,"key":"REST"},{"data":"Defragment","floor":29.0,"key":"SMITH"},{"floor":32.0,"key":"REST"}],"neow_cost":"NONE","seed_source_timestamp":102538445945665,"circlet_count":0,"master_deck":["Strike_B","Defend_B","Defend_B","Defend_B","Defend_B","Zap","Dualcast","Reinforced Body","Coolheaded","Coolheaded","Fusion+1","Genetic Algorithm","Chaos+1","Go for the Eyes","Defragment+1","Streamline","Rebound","Ball Lightning","Core Surge","Melter+1","Cold Snap","Glacier","Tempest+1","Chill+1","Defragment+1","Auto Shields","Fusion+1","Electrodynamics","Ball Lightning+1","Skim+1","Bandage Up","Stack"],"special_seed":0,"relics":["Cracked Core","Gremlin Horn","Anchor","Sozu","Mercury Hourglass","Nuclear Battery","Happy Flower"],"potions_floor_usage":[],"damage_taken":[{"damage":1.0,"enemies":"Cultist","floor":1.0,"turns":3.0},{"damage":1.0,"enemies":"2 Louse","floor":2.0,"turns":3.0},{"damage":3.0,"enemies":"Small Slimes","floor":3.0,"turns":3.0},{"damage":14.0,"enemies":"Exordium Thugs","floor":4.0,"turns":5.0},{"damage":9.0,"enemies":"Exordium Wildlife","floor":5.0,"turns":4.0},{"damage":10.0,"enemies":"Red Slaver","floor":7.0,"turns":5.0},{"damage":11.0,"enemies":"3 Sentries","floor":10.0,"turns":11.0},{"damage":0.0,"enemies":"Gremlin Gang","floor":11.0,"turns":5.0},{"damage":13.0,"enemies":"The Guardian","floor":16.0,"turns":11.0},{"damage":0.0,"enemies":"Spheric Guardian","floor":18.0,"turns":3.0},{"damage":13.0,"enemies":"2 Thieves","floor":19.0,"turns":3.0},{"damage":5.0,"enemies":"Centurion and Healer","floor":22.0,"turns":8.0},{"damage":4.0,"enemies":"Cultist and Chosen","floor":24.0,"turns":7.0},{"damage":1.0,"enemies":"Snecko","floor":25.0,"turns":5.0},{"damage":8.0,"enemies":"3 Cultists","floor":30.0,"turns":4.0},{"damage":12.0,"enemies":"Snake Plant","floor":31.0,"turns":4.0},{"damage":38.0,"enemies":"Champ","floor":33.0,"turns":12.0},{"damage":0.0,"enemies":"3 Shapes","floor":35.0,"turns":3.0},{"damage":8.0,"enemies":"3 Darklings","floor":36.0,"turns":5.0},{"damage":10.0,"enemies":"Jaw Worm Horde","floor":38.0,"turns":4.0},{"damage":59,"enemies":"Giant Head","floor":40,"turns":7}],"seed_played":"-5646100136465367678","potions_obtained":[{"floor":1.0,"key":"Strength Potion"},{"floor":4.0,"key":"SkillPotion"},{"floor":5.0,"key":"EssenceOfSteel"},{"floor":11.0,"key":"Ancient Potion"}],"is_trial":false,"path_per_floor":["M","M","M","M","M","R","M","R","T","E","M","$","R","$","R","B",null,"M","M","?","$","M","R","M","M","T","?","$","R","M","M","R","B",null,"M","M","?","M","T","E"],"character_chosen":"DEFECT","items_purchased":["Rebound","Ball Lightning"],"campfire_rested":3,"item_purchase_floors":[12,14],"current_hp_per_floor":[67,66,63,49,40,40,30,52,52,41,41,41,41,41,41,28,63,63,50,36,36,31,55,51,50,50,50,50,50,42,30,54,16,64,64,56,56,46,46,0],"gold":282,"neow_bonus":"THREE_CARDS","is_prod":false,"is_daily":false,"chose_seed":false,"campfire_upgraded":4,"win_rate":0,"timestamp":1555226466,"path_taken":["M","M","M","M","M","R","M","R","T","E","M","$","R","$","R","BOSS","M","M","?","$","M","R","M","M","T","?","$","R","M","M","R","BOSS","M","M","?","M","?","E"],"build_version":"2019-01-23","purchased_purges":3,"victory":false,"max_hp_per_floor":[75,75,75,75,75,75,75,75,75,75,75,75,75,75,75,75,75,75,75,80,80,80,80,80,80,80,80,80,80,80,80,80,80,80,80,80,80,80,80,80],"card_choices":[{"not_picked":["Gash","Steam"],"picked":"Reinforced Body","floor":0.0},{"not_picked":["Rip and Tear","Go for the Eyes"],"picked":"Coolheaded","floor":1.0},{"not_picked":["Steam","Reinforced Body"],"picked":"Coolheaded","floor":2.0},{"not_picked":["Redo","Rebound"],"picked":"Fusion","floor":3.0},{"not_picked":["Storm","Hologram"],"picked":"Genetic Algorithm","floor":4.0},{"not_picked":["Leap","Darkness"],"picked":"Chaos","floor":5.0},{"not_picked":["Aggregate","Doom and Gloom"],"picked":"Go for the Eyes","floor":7.0},{"not_picked":["Cold Snap","Thunder Strike"],"picked":"Defragment","floor":10.0},{"not_picked":["Redo","Turbo"],"picked":"Streamline","floor":11.0},{"not_picked":["Meteor Strike","Reboot"],"picked":"Core Surge","floor":16.0},{"not_picked":["Leap","Static Discharge"],"picked":"Melter+1","floor":18.0},{"not_picked":["Steam","Gash"],"picked":"Cold Snap","floor":19.0},{"not_picked":["Blizzard+1","Rebound+1"],"picked":"Glacier","floor":22.0},{"not_picked":["Rebound","Doom and Gloom"],"picked":"Tempest+1","floor":24.0},{"not_picked":["FTL","Rip and Tear"],"picked":"Chill+1","floor":25.0},{"not_picked":["Storm","Rebound+1"],"picked":"Auto Shields","floor":30.0},{"not_picked":["Double Energy","Steam Power"],"picked":"Fusion+1","floor":31.0},{"not_picked":["Machine Learning","Core Surge"],"picked":"Electrodynamics","floor":33.0},{"not_picked":["White Noise","Barrage+1"],"picked":"Ball Lightning+1","floor":35.0},{"not_picked":["Steam","Rebound+1"],"picked":"Skim+1","floor":36.0},{"not_picked":["Magnetism","Panacea"],"picked":"Bandage Up","floor":37.0},{"not_picked":["Steam+1","Sweeping Beam"],"picked":"Stack","floor":38.0}],"player_experience":338775,"relics_obtained":[{"floor":9.0,"key":"Gremlin Horn"},{"floor":10.0,"key":"Anchor"},{"floor":26.0,"key":"Mercury Hourglass"},{"floor":39.0,"key":"Happy Flower"}],"event_choices":[{"damage_healed":0.0,"max_hp_gain":5.0,"max_hp_loss":0.0,"gold_gain":0.0,"event_name":"Forgotten Altar","player_choice":"Shed Blood","floor":20.0,"gold_loss":0.0,"damage_taken":19.0},{"damage_healed":0.0,"max_hp_gain":0.0,"max_hp_loss":0.0,"gold_gain":0.0,"event_name":"The Library","player_choice":"Read","floor":27.0,"gold_loss":0.0,"damage_taken":0.0,"cards_obtained":["Defragment"]},{"damage_healed":0.0,"max_hp_gain":0.0,"max_hp_loss":0.0,"gold_gain":0.0,"event_name":"SensoryStone","player_choice":"Memory 1","floor":37.0,"gold_loss":0.0,"damage_taken":0.0}],"is_beta":false,"boss_relics":[{"not_picked":["White Beast Statue","Busted Crown"],"picked":"Sozu"},{"not_picked":["Black Star","Snecko Eye"],"picked":"Nuclear Battery"}],"items_purged_floors":[12,21,28],"is_endless":false,"potions_floor_spawned":[1,4,5,11,19,30,31,35,36],"killed_by":"Giant Head","ascension_level":7}