{"gold_per_floor":[115,125,137,20,20,50,50,75,127,146,146,174,174,190,190,292,342,354,388,90,90,38,38],"floor_reached":23,"playtime":1359,"items_purged":["Strike_R"],"score":279,"play_id":"ff26252d-4e9f-4b51-bc5e-d4b9396c8e40","local_time":"20190402104009","is_ascension_mode":true,"campfire_choices":[{"floor":7,"key":"REST"},{"floor":13,"key":"REST"},{"data":"Feel No Pain","floor":15,"key":"SMITH"}],"neow_cost":"NONE","seed_source_timestamp":25885688704809,"circlet_count":0,"master_deck":["Strike_R","Strike_R","Strike_R+1","Defend_R+1","Defend_R","Defend_R","Defend_R","Bash","Dark Embrace","Pummel+1","Pommel Strike","Hemokinesis","Feel No Pain+1","Cleave+1","Metallicize","Armaments","Intimidate","Twin Strike+1","Fiend Fire+1","Seeing Red","Armaments+1","Heavy Blade+1","Feel No Pain","Fiend Fire+1"],"relics":["Burning Blood","Molten Egg 2","Juzu Bracelet","Art of War","Dodecahedron","Ancient Tea Set","Tiny House","Red Mask","PreservedInsect"],"potions_floor_usage":[6,6,8,16,18,19,19,19,23,23,23],"damage_taken":[{"damage":1,"enemies":"Cultist","floor":1,"turns":4},{"damage":2,"enemies":"2 Louse","floor":2,"turns":4},{"damage":18,"enemies":"Small Slimes","floor":3,"turns":4},{"damage":23,"enemies":"Lagavulin","floor":6,"turns":6},{"damage":11,"enemies":"Gremlin Nob","floor":8,"turns":3},{"damage":15,"enemies":"Gremlin Gang","floor":10,"turns":4},{"damage":23,"enemies":"3 Sentries","floor":12,"turns":8},{"damage":8,"enemies":"Exordium Thugs","floor":14,"turns":4},{"damage":39,"enemies":"The Guardian","floor":16,"turns":16},{"damage":38,"enemies":"2 Thieves","floor":18,"turns":5},{"damage":26,"enemies":"Masked Bandits","floor":19,"turns":6},{"damage":18,"enemies":"Gremlin Leader","floor":23,"turns":4}],"seed_played":"-6417670051910192031","potions_obtained":[{"floor":1,"key":"EssenceOfSteel"},{"floor":3,"key":"Ancient Potion"},{"floor":6,"key":"Poison Potion"},{"floor":10,"key":"Fire Potion"},{"floor":12,"key":"Fire Potion"},{"floor":17,"key":"GamblersBrew"},{"floor":18,"key":"EntropicBrew"}],"is_trial":false,"path_per_floor":["M","M","M","$","?","E","R","E","T","M","?","E","R","M","R","B",null,"M","?","$","?","$","E"],"character_chosen":"IRONCLAD","items_purchased":["Feel No Pain","AttackPotion","Feel No Pain","PreservedInsect","Fire Potion"],"campfire_rested":2,"item_purchase_floors":[4,4,20,20,22],"current_hp_per_floor":[77,80,68,68,52,35,59,54,54,45,45,28,52,50,50,17,69,37,17,17,17,17,0],"gold":38,"neow_bonus":"TRANSFORM_CARD","is_prod":false,"is_daily":false,"chose_seed":false,"campfire_upgraded":1,"win_rate":0,"timestamp":1554226809,"path_taken":["M","M","M","$","?","E","R","E","T","M","?","E","R","M","R","BOSS","M","?","$","?","$","E"],"build_version":"2019-01-23","purchased_purges":1,"victory":false,"max_hp_per_floor":[80,80,80,80,80,80,80,80,80,80,80,80,80,80,80,80,85,85,85,85,85,85,85],"card_choices":[{"not_picked":["Infernal Blade","Second Wind"],"picked":"Pummel","floor":1},{"not_picked":["Body Slam","Wild Strike"],"picked":"Pommel Strike","floor":2},{"not_picked":["Blood for Blood","Body Slam"],"picked":"Hemokinesis","floor":3},{"not_picked":["Ghostly Armor","Anger"],"picked":"Cleave","floor":6},{"not_picked":["Seeing Red","Flex"],"picked":"Metallicize","floor":8},{"not_picked":["Iron Wave+1","Flex"],"picked":"Armaments","floor":10},{"not_picked":["Evolve","Shrug It Off"],"picked":"Intimidate","floor":12},{"not_picked":["Reckless Charge+1","Whirlwind+1"],"picked":"Twin Strike+1","floor":14},{"not_picked":["Dark Embrace","Barricade"],"picked":"Fiend Fire+1","floor":16},{"not_picked":["Bloodletting","Pommel Strike+1"],"picked":"Seeing Red","floor":17},{"not_picked":["Wild Strike+1","Shrug It Off"],"picked":"Armaments+1","floor":18},{"not_picked":["Body Slam+1","Wild Strike+1"],"picked":"Heavy Blade+1","floor":19}],"player_experience":350084,"relics_obtained":[{"floor":6,"key":"Molten Egg 2"},{"floor":8,"key":"Juzu Bracelet"},{"floor":9,"key":"Art of War"},{"floor":12,"key":"Ancient Tea Set"},{"floor":19,"key":"Red Mask"}],"event_choices":[{"damage_healed":0,"gold_gain":0,"player_choice":"Entered Light","damage_taken":16,"max_hp_gain":0,"max_hp_loss":0,"event_name":"Shining Light","floor":5,"gold_loss":0,"cards_upgraded":["Defend_R","Strike_R"]},{"damage_healed":0,"gold_gain":0,"player_choice":"Gave Potion","damage_taken":0,"relics_obtained":["Dodecahedron"],"max_hp_gain":0,"max_hp_loss":0,"event_name":"WeMeetAgain","floor":11,"gold_loss":0},{"damage_healed":0,"gold_gain":0,"player_choice":"Fought Bandits","damage_taken":0,"max_hp_gain":0,"max_hp_loss":0,"event_name":"Masked Bandits","floor":19,"gold_loss":0},{"damage_healed":0,"gold_gain":0,"player_choice":"Copied","damage_taken":0,"max_hp_gain":0,"max_hp_loss":0,"event_name":"Duplicator","floor":21,"gold_loss":0,"cards_obtained":["Fiend Fire"]}],"is_beta":false,"boss_relics":[{"not_picked":["Runic Dome","Black Blood"],"picked":"Tiny House"}],"items_purged_floors":[20],"is_endless":false,"potions_floor_spawned":[1,3,6,10,12,18],"killed_by":"Gremlin Leader","ascension_level":7}