{"gold_per_floor":[117,75,75,86,86,112,125,90,90,23,52,62,82,92,92,197,197,213,9,28,28,28,63,80,80,127,127,146,159,159,178,178,279,279,299,4,21,21,32,32,51,51],"floor_reached":42,"playtime":1479,"items_purged":[],"score":479,"play_id":"f4d74f4d-b74e-4d1b-bc25-3af53cc58d96","local_time":"20181227210242","is_ascension_mode":true,"campfire_choices":[{"data":"Consume","floor":15,"key":"SMITH"},{"floor":25,"key":"REST"},{"floor":27,"key":"RECALL"},{"floor":32,"key":"REST"},{"floor":40,"key":"REST"}],"neow_cost":"NONE","seed_source_timestamp":7635372978983,"circlet_count":0,"master_deck":["Strike_B","Strike_B","Strike_B","Strike_B","Defend_B","Defend_B","Defend_B","Zap+1","Dualcast","BootSequence","Ball Lightning","Undo","Lockon+1","Darkness","All For One","Consume+1","Leap","Streamline","Electrodynamics","Double Energy","White Noise","FTL+1","Defragment+1","Melter","Buffer","Darkness+1","Parasite"],"relics":["Cracked Core","Pocketwatch","PreservedInsect","Nuclear Battery","DataDisk","Ancient Tea Set","Dream Catcher","Singing Bowl"],"potions_floor_usage":[6,11,13,16,20,23,33,37,41],"damage_taken":[{"damage":0,"enemies":"Small Slimes","floor":1,"turns":4},{"damage":0,"enemies":"2 Louse","floor":4,"turns":2},{"damage":21,"enemies":"Lagavulin","floor":6,"turns":5},{"damage":0,"enemies":"Cultist","floor":7,"turns":3},{"damage":5,"enemies":"3 Sentries","floor":11,"turns":5},{"damage":4,"enemies":"Large Slime","floor":12,"turns":4},{"damage":0,"enemies":"2 Fungi Beasts","floor":13,"turns":4},{"damage":4,"enemies":"Exordium Wildlife","floor":14,"turns":3},{"damage":49,"enemies":"The Guardian","floor":16,"turns":8},{"damage":21,"enemies":"3 Byrds","floor":18,"turns":3},{"damage":10,"enemies":"2 Thieves","floor":20,"turns":3},{"damage":18,"enemies":"Book of Stabbing","floor":23,"turns":4},{"damage":12,"enemies":"Centurion and Healer","floor":24,"turns":3},{"damage":0,"enemies":"Snecko","floor":28,"turns":3},{"damage":21,"enemies":"Snake Plant","floor":29,"turns":3},{"damage":2,"enemies":"3 Cultists","floor":31,"turns":3},{"damage":47,"enemies":"Automaton","floor":33,"turns":8},{"damage":33,"enemies":"3 Darklings","floor":35,"turns":4},{"damage":10,"enemies":"Orb Walker","floor":37,"turns":3},{"damage":10,"enemies":"Transient","floor":39,"turns":5},{"damage":37,"enemies":"4 Shapes","floor":41,"turns":5},{"damage":29,"enemies":"Writhing Mass","floor":42,"turns":3}],"seed_played":"6006392870269878561","potions_obtained":[{"floor":1,"key":"LiquidBronze"},{"floor":7,"key":"Explosive Potion"},{"floor":12,"key":"SpeedPotion"},{"floor":14,"key":"SkillPotion"},{"floor":18,"key":"Energy Potion"},{"floor":31,"key":"Explosive Potion"},{"floor":39,"key":"AttackPotion"},{"floor":41,"key":"Block Potion"}],"is_trial":false,"path_per_floor":["M","?","?","M","?","E","M","?","T","$","E","M","M","M","R","B",null,"M","$","M","?","?","E","M","R","T","R","M","M","?","M","R","B",null,"M","$","M","?","M","R","M","M"],"character_chosen":"DEFECT","items_purchased":["Darkness","DataDisk","SkillPotion","Singing Bowl","Strength Potion"],"campfire_rested":3,"item_purchase_floors":[10,19,19,36,36],"current_hp_per_floor":[82,82,75,75,75,54,54,74,74,74,69,65,65,61,61,12,82,61,61,51,78,78,60,48,72,72,72,72,51,51,49,73,26,82,49,49,41,43,35,61,26,0],"gold":51,"neow_bonus":"TEN_PERCENT_HP_BONUS","is_prod":false,"is_daily":false,"chose_seed":false,"campfire_upgraded":1,"win_rate":0,"timestamp":1545973362,"path_taken":["M","?","?","M","?","E","?","?","T","$","E","M","M","M","R","BOSS","M","$","M","?","?","E","M","R","T","R","M","?","?","M","R","BOSS","M","$","M","?","M","R","M","M"],"build_version":"2018-12-20","purchased_purges":0,"victory":false,"max_hp_per_floor":[82,82,82,82,82,82,82,82,82,82,82,82,82,82,82,82,82,82,82,82,82,82,82,82,82,82,82,82,82,82,82,82,82,82,82,82,84,86,88,88,90,90],"card_choices":[{"not_picked":["Doom and Gloom","Redo"],"picked":"BootSequence","floor":1},{"not_picked":["Cold Snap","Glacier"],"picked":"Ball Lightning","floor":4},{"not_picked":["Compile Driver","Scrape"],"picked":"Undo","floor":6},{"not_picked":["Darkness","Fusion"],"picked":"Lockon","floor":7},{"not_picked":["Go for the Eyes","Darkness"],"picked":"All For One","floor":11},{"not_picked":["Compile Driver","Recycle"],"picked":"Consume","floor":12},{"not_picked":["Gash","Steam Power"],"picked":"Leap","floor":13},{"not_picked":["Chill","Rip and Tear"],"picked":"Streamline","floor":14},{"not_picked":["Buffer","Reboot"],"picked":"Electrodynamics","floor":16},{"not_picked":["Turbo+1","Beam Cell"],"picked":"Double Energy","floor":18},{"not_picked":["Turbo","Coolheaded"],"picked":"White Noise","floor":20},{"not_picked":["Cold Snap","Auto Shields"],"picked":"FTL+1","floor":23},{"not_picked":["Cold Snap","Streamline","Ball Lightning"],"picked":"SKIP","floor":24},{"not_picked":["Reinforced Body","Gash"],"picked":"Defragment+1","floor":28},{"not_picked":["Biased Cognition","Sweeping Beam","Leap"],"picked":"SKIP","floor":29},{"not_picked":["Coolheaded","Chaos"],"picked":"Melter","floor":31},{"not_picked":["Reboot","All For One"],"picked":"Buffer","floor":33},{"not_picked":["Stack","Compile Driver","Go for the Eyes"],"picked":"SKIP","floor":35},{"not_picked":["Double Energy","Darkness+1","Streamline+1"],"picked":"Singing Bowl","floor":37},{"not_picked":["Bandage Up","Dramatic Entrance","Trip"],"picked":"Singing Bowl","floor":38},{"not_picked":["Self Repair+1","Heatsinks+1","Cold Snap+1"],"picked":"Singing Bowl","floor":39},{"not_picked":["Barrage","Conserve Battery"],"picked":"Darkness+1","floor":40},{"not_picked":["Ball Lightning","Rebound","Steam+1"],"picked":"Singing Bowl","floor":41}],"player_experience":315186,"relics_obtained":[{"floor":6,"key":"Pocketwatch"},{"floor":11,"key":"PreservedInsect"},{"floor":23,"key":"Ancient Tea Set"},{"floor":26,"key":"Dream Catcher"}],"event_choices":[{"damage_healed":0,"gold_gain":0,"player_choice":"Left Gold","damage_taken":0,"max_hp_gain":0,"max_hp_loss":0,"event_name":"World of Goop","floor":2,"gold_loss":42},{"cards_removed":["Defend_B"],"damage_healed":0,"gold_gain":0,"player_choice":"Card Removal","damage_taken":7,"max_hp_gain":0,"max_hp_loss":0,"event_name":"Golden Wing","floor":3,"gold_loss":0},{"damage_healed":0,"gold_gain":0,"player_choice":"Upgraded","damage_taken":0,"max_hp_gain":0,"max_hp_loss":0,"event_name":"Upgrade Shrine","floor":5,"gold_loss":0,"cards_upgraded":["Zap"]},{"damage_healed":20,"gold_gain":0,"player_choice":"Healed","damage_taken":0,"max_hp_gain":0,"max_hp_loss":0,"event_name":"The Cleric","floor":8,"gold_loss":35},{"damage_healed":27,"gold_gain":0,"player_choice":"Heal","damage_taken":0,"max_hp_gain":0,"max_hp_loss":0,"event_name":"The Library","floor":21,"gold_loss":0},{"damage_healed":0,"gold_gain":0,"player_choice":"Upgraded","damage_taken":0,"max_hp_gain":0,"max_hp_loss":0,"event_name":"Upgrade Shrine","floor":22,"gold_loss":0,"cards_upgraded":["Lockon"]},{"damage_healed":0,"gold_gain":0,"player_choice":"Ignored","damage_taken":0,"max_hp_gain":0,"max_hp_loss":0,"event_name":"Cursed Tome","floor":30,"gold_loss":0},{"damage_healed":0,"gold_gain":0,"player_choice":"Memory 1","damage_taken":0,"max_hp_gain":0,"max_hp_loss":0,"event_name":"SensoryStone","floor":38,"gold_loss":0}],"is_beta":false,"boss_relics":[{"not_picked":["Sozu","Coffee Dripper"],"picked":"Nuclear Battery"},{"not_picked":["Snecko Eye","Runic Dome","Inserter"]}],"items_purged_floors":[],"is_endless":false,"potions_floor_spawned":[1,7,12,14,18,31,39,41],"killed_by":"Writhing Mass","ascension_level":1}