{"gold_per_floor":[110,123,134,154,154,177,177,137,162,185,229,249],"floor_reached":12,"playtime":3707,"items_purged":[],"score":84,"play_id":"bd878960-f589-432d-8544-eb731f6d8d4a","local_time":"20190404202423","is_ascension_mode":false,"campfire_choices":[{"data":"Hologram","floor":7,"key":"SMITH"}],"neow_cost":"TEN_PERCENT_HP_LOSS","seed_source_timestamp":1159209320001000,"circlet_count":0,"master_deck":["Strike_B","Strike_B","Strike_B","Defend_B","Defend_B","Defend_B","Zap","Dualcast","Capacitor","Leap","Steam","Leap","Hologram+1","Aggregate","Hologram","Compile Driver"],"relics":["Cracked Core","Golden Idol","Happy Flower","Bag of Marbles"],"potions_floor_usage":[6,6,8,11,11,11],"damage_taken":[{"damage":1,"enemies":"Cultist","floor":1,"turns":3},{"damage":12,"enemies":"2 Louse","floor":2,"turns":3},{"damage":6,"enemies":"Jaw Worm","floor":3,"turns":4},{"damage":4,"enemies":"2 Fungi Beasts","floor":4,"turns":5},{"damage":7,"enemies":"Blue Slaver","floor":6,"turns":3},{"damage":4,"enemies":"3 Louse","floor":10,"turns":6},{"damage":18,"enemies":"Lagavulin","floor":11,"turns":6},{"damage":5,"enemies":"2 Fungi Beasts","floor":12,"turns":6}],"seed_played":"-9174762788833231109","potions_obtained":[{"floor":2,"key":"AttackPotion"},{"floor":3,"key":"AttackPotion"},{"floor":8,"key":"Fire Potion"},{"floor":8,"key":"Fruit Juice"},{"floor":8,"key":"Fire Potion"},{"floor":10,"key":"FocusPotion"},{"floor":11,"key":"Energy Potion"}],"is_trial":false,"path_per_floor":["M","M","M","M","?","M","R","?","T","M","E","M"],"character_chosen":"DEFECT","items_purchased":[],"campfire_rested":0,"item_purchase_floors":[],"current_hp_per_floor":[67,55,49,45,45,38,38,43,43,39,21,16],"gold":249,"neow_bonus":"REMOVE_TWO","is_prod":false,"is_daily":false,"chose_seed":false,"campfire_upgraded":1,"win_rate":0.0,"timestamp":1554402263,"path_taken":["M","M","M","M","?","M","R","?","T","?","E","M"],"build_version":"2019-01-23","purchased_purges":0,"victory":false,"max_hp_per_floor":[68,68,68,68,63,63,63,68,68,68,68,68],"card_choices":[{"not_picked":["Streamline","Self Repair"],"picked":"Capacitor","floor":1},{"not_picked":["Ball Lightning","Sweeping Beam"],"picked":"Leap","floor":2},{"not_picked":["Compile Driver","Hello World"],"picked":"Steam","floor":3},{"not_picked":["Go for the Eyes","Chill"],"picked":"Leap","floor":4},{"not_picked":["Loop","Gash"],"picked":"Hologram","floor":6},{"not_picked":["Beam Cell","Doom and Gloom"],"picked":"Aggregate","floor":10},{"not_picked":["Rebound","Undo"],"picked":"Hologram","floor":11},{"not_picked":["Beam Cell","Doom and Gloom"],"picked":"Compile Driver","floor":12}],"player_experience":54259,"relics_obtained":[{"floor":9,"key":"Happy Flower"},{"floor":11,"key":"Bag of Marbles"}],"event_choices":[{"damage_healed":0,"gold_gain":0,"player_choice":"Lose Max HP","damage_taken":0,"relics_obtained":["Golden Idol"],"max_hp_gain":0,"max_hp_loss":5,"event_name":"Golden Idol","floor":5,"gold_loss":0},{"damage_healed":0,"gold_gain":0,"player_choice":"Bought 3 Potions","damage_taken":0,"max_hp_gain":0,"max_hp_loss":0,"event_name":"The Woman in Blue","floor":8,"gold_loss":0}],"is_beta":false,"boss_relics":[],"items_purged_floors":[],"is_endless":false,"potions_floor_spawned":[2,3,10,11],"killed_by":"2 Fungi Beasts","ascension_level":0}