{"gold_per_floor":[118,31,31,31,6,41,41,116,142,176,200,68,112,136,136,136],"floor_reached":16,"playtime":365,"items_purged":["Strike_R"],"score":291,"play_id":"b14cb050-852e-4737-9ba2-d0190b25e797","local_time":"20190422195438","is_ascension_mode":true,"campfire_choices":[{"data":"Bash","floor":7,"key":"SMITH"},{"data":"Armaments","floor":15,"key":"SMITH"}],"neow_cost":"NONE","seed_source_timestamp":808960163605268,"circlet_count":0,"master_deck":["AscendersBane","Strike_R","Strike_R","Strike_R","Strike_R","Defend_R","Defend_R","Defend_R","Defend_R","Bash+1","Anger","Dropkick","Armaments+1","Rampage","Feel No Pain","Inflame","Feel No Pain","Shockwave"],"relics":["Burning Blood","NeowsBlessing","Golden Idol","PreservedInsect","Smiling Mask","Pear","Art of War"],"potions_floor_usage":[13,16],"damage_taken":[{"damage":0,"enemies":"Cultist","floor":1,"turns":1},{"damage":0,"enemies":"Lagavulin","floor":6,"turns":2},{"damage":0,"enemies":"Gremlin Nob","floor":10,"turns":1},{"damage":9,"enemies":"2 Louse","floor":11,"turns":3},{"damage":30,"enemies":"Lagavulin","floor":13,"turns":5},{"damage":0,"enemies":"Small Slimes","floor":14,"turns":3},{"damage":55,"enemies":"Hexaghost","floor":16,"turns":9}],"seed_played":"-8814623093746909806","potions_obtained":[{"floor":10,"key":"SteroidPotion"}],"is_trial":false,"path_per_floor":["M","$","?","?","$","E","R","?","T","E","M","$","E","M","R","B"],"character_chosen":"IRONCLAD","items_purchased":["Strength Potion","Dropkick","Armaments","Inflame"],"campfire_rested":0,"item_purchase_floors":[2,2,5,12],"current_hp_per_floor":[78,78,58,63,63,69,69,58,58,74,71,71,47,53,53,0],"gold":136,"neow_bonus":"THREE_ENEMY_KILL","is_prod":false,"is_daily":false,"chose_seed":false,"campfire_upgraded":2,"win_rate":0,"timestamp":1555988078,"path_taken":["M","$","?","?","$","E","R","?","T","E","?","$","E","M","R","BOSS"],"build_version":"2019-01-23","purchased_purges":1,"victory":false,"max_hp_per_floor":[80,80,80,85,85,85,85,85,85,95,95,95,95,95,95,95],"card_choices":[{"not_picked":["Sentinel","Clash"],"picked":"Anger","floor":1},{"not_picked":["Sword Boomerang","True Grit"],"picked":"Rampage","floor":6},{"not_picked":["Body Slam","Hemokinesis","Clash"],"picked":"SKIP","floor":10},{"not_picked":["True Grit","Twin Strike"],"picked":"Feel No Pain","floor":11},{"not_picked":["Evolve","Fire Breathing"],"picked":"Feel No Pain","floor":13},{"not_picked":["Perfected Strike","Bloodletting"],"picked":"Shockwave","floor":14}],"player_experience":287744,"relics_obtained":[{"floor":6,"key":"PreservedInsect"},{"floor":9,"key":"Smiling Mask"},{"floor":10,"key":"Pear"},{"floor":13,"key":"Art of War"}],"event_choices":[{"damage_healed":0,"gold_gain":0,"player_choice":"Take Damage","damage_taken":20,"relics_obtained":["Golden Idol"],"max_hp_gain":0,"max_hp_loss":0,"event_name":"Golden Idol","floor":3,"gold_loss":0},{"damage_healed":0,"gold_gain":0,"player_choice":"Donut","damage_taken":0,"max_hp_gain":5,"max_hp_loss":0,"event_name":"Big Fish","floor":4,"gold_loss":0},{"damage_healed":0,"gold_gain":75,"player_choice":"Gather Gold","damage_taken":11,"max_hp_gain":0,"max_hp_loss":0,"event_name":"World of Goop","floor":8,"gold_loss":0}],"is_beta":false,"boss_relics":[],"items_purged_floors":[12],"is_endless":false,"potions_floor_spawned":[10,11],"killed_by":"Hexaghost","ascension_level":12}