{"gold_per_floor":[119,119,119,133,146,174,174,208,232,258,269,288,348,359,359,457,457,468,488,506,605,625,655,655,655,655,655,672,705,548,567,567,669,669,686,700,711,726,726,726,726],"floor_reached":41,"playtime":2151,"items_purged":[],"score":554,"play_id":"578da451-6150-4fec-92b7-dcc7a3baa3ea","local_time":"20190417142415","is_ascension_mode":true,"campfire_choices":[{"floor":7,"key":"REST"},{"data":"Storm","floor":15,"key":"SMITH"},{"data":"Storm","floor":25,"key":"SMITH"},{"data":"Machine Learning","floor":27,"key":"SMITH"},{"data":"Creative AI","floor":32,"key":"SMITH"},{"floor":40,"key":"REST"}],"neow_cost":"NONE","seed_source_timestamp":660785359388600,"circlet_count":0,"master_deck":["Zap","Dualcast","Sunder+1","Streamline","BootSequence","Heatsinks","Fusion","Redo","Coolheaded","Steam Power","Heatsinks","Storm+1","Conserve Battery","Machine Learning","Coolheaded","Machine Learning+1","Steam Power","Hello World","Multi-Cast","Creative AI+1","Hyperbeam","Force Field","Coolheaded","Storm+1","Skim","Beam Cell+1","Loop","Capacitor+1","Creative AI","Defragment","BootSequence","Turbo+1","Fusion+1"],"relics":["Busted Crown","Bag of Preparation","Dream Catcher","Matryoshka","Oddly Smooth Stone","Bronze Scales","Art of War","Anchor","Pandora\u0027s Box","Potion Belt","Vajra","Emotion Chip","Ornamental Fan","Inserter"],"potions_floor_usage":[6,6,8,16,29,41,41],"damage_taken":[{"damage":5,"enemies":"2 Louse","floor":1,"turns":4},{"damage":0,"enemies":"Small Slimes","floor":4,"turns":2},{"damage":7,"enemies":"Jaw Worm","floor":5,"turns":2},{"damage":10,"enemies":"Lagavulin","floor":6,"turns":5},{"damage":15,"enemies":"3 Sentries","floor":8,"turns":5},{"damage":17,"enemies":"Lagavulin","floor":10,"turns":5},{"damage":0,"enemies":"Red Slaver","floor":11,"turns":2},{"damage":2,"enemies":"Exordium Wildlife","floor":12,"turns":4},{"damage":14,"enemies":"3 Sentries","floor":13,"turns":6},{"damage":0,"enemies":"Blue Slaver","floor":14,"turns":2},{"damage":10,"enemies":"The Guardian","floor":16,"turns":10},{"damage":0,"enemies":"Chosen","floor":18,"turns":4},{"damage":0,"enemies":"Spheric Guardian","floor":19,"turns":3},{"damage":0,"enemies":"Snake Plant","floor":20,"turns":3},{"damage":0,"enemies":"3 Cultists","floor":22,"turns":3},{"damage":41,"enemies":"Slavers","floor":23,"turns":4},{"damage":0,"enemies":"Chosen and Byrds","floor":28,"turns":4},{"damage":0,"enemies":"Gremlin Leader","floor":29,"turns":4},{"damage":2,"enemies":"Centurion and Healer","floor":31,"turns":4},{"damage":11,"enemies":"Automaton","floor":33,"turns":7},{"damage":35,"enemies":"3 Darklings","floor":35,"turns":4},{"damage":1,"enemies":"3 Shapes","floor":36,"turns":3},{"damage":11,"enemies":"Spire Growth","floor":37,"turns":4},{"damage":16,"enemies":"Writhing Mass","floor":38,"turns":3},{"damage":38,"enemies":"Reptomancer","floor":41,"turns":3}],"seed_played":"8683800931686397143","potions_obtained":[{"floor":1,"key":"Strength Potion"},{"floor":5,"key":"Energy Potion"},{"floor":6,"key":"PowerPotion"},{"floor":10,"key":"SkillPotion"},{"floor":14,"key":"Dexterity Potion"},{"floor":18,"key":"Block Potion"},{"floor":19,"key":"SteroidPotion"},{"floor":28,"key":"Dexterity Potion"},{"floor":29,"key":"LiquidBronze"},{"floor":35,"key":"Weak Potion"},{"floor":37,"key":"Energy Potion"}],"is_trial":false,"path_per_floor":["M","?","?","M","M","E","R","E","T","E","M","M","?","M","R","B",null,"M","M","M","?","M","E","?","R","T","R","M","E","$","M","R","B",null,"M","M","M","M","?","R","E"],"character_chosen":"DEFECT","items_purchased":["Defragment","BootSequence"],"campfire_rested":2,"item_purchase_floors":[30,30],"current_hp_per_floor":[70,67,67,67,60,50,72,57,57,40,40,38,24,24,24,14,75,75,75,75,75,75,34,34,34,34,34,34,34,34,32,32,21,75,40,39,28,12,12,34,0],"gold":726,"neow_bonus":"BOSS_RELIC","is_prod":false,"is_daily":false,"chose_seed":false,"campfire_upgraded":4,"win_rate":0,"timestamp":1555503855,"path_taken":["M","?","?","M","M","E","R","E","T","E","M","M","?","M","R","BOSS","M","M","M","?","M","E","?","R","T","R","M","E","?","?","R","BOSS","M","M","M","M","?","R","E"],"build_version":"2019-01-23","purchased_purges":0,"victory":false,"max_hp_per_floor":[75,75,75,75,75,75,75,75,75,75,75,75,75,75,75,75,75,75,75,75,75,75,75,75,75,75,75,75,75,75,75,75,75,75,75,75,75,75,75,75,75],"card_choices":[{"not_picked":[],"picked":"Sunder","floor":1},{"not_picked":[],"picked":"Streamline","floor":4},{"not_picked":[],"picked":"BootSequence","floor":5},{"not_picked":[],"picked":"Heatsinks","floor":6},{"not_picked":[],"picked":"Fusion","floor":7},{"not_picked":[],"picked":"Redo","floor":8},{"not_picked":[],"picked":"Coolheaded","floor":10},{"not_picked":[],"picked":"Steam Power","floor":11},{"not_picked":[],"picked":"Heatsinks","floor":12},{"not_picked":[],"picked":"Storm","floor":13},{"not_picked":[],"picked":"Conserve Battery","floor":14},{"not_picked":[],"picked":"Machine Learning","floor":16},{"not_picked":[],"picked":"Coolheaded","floor":18},{"not_picked":[],"picked":"Storm","floor":19},{"not_picked":[],"picked":"Skim","floor":20},{"not_picked":[],"picked":"Beam Cell+1","floor":22},{"not_picked":[],"picked":"Loop","floor":23},{"not_picked":[],"picked":"Capacitor+1","floor":28},{"not_picked":[],"picked":"Creative AI","floor":29},{"not_picked":["Fusion"],"picked":"SKIP","floor":31},{"not_picked":["Doom and Gloom+1"],"picked":"SKIP","floor":35},{"not_picked":[],"picked":"Streamline","floor":36},{"not_picked":[],"picked":"Turbo+1","floor":37},{"not_picked":[],"picked":"Fusion+1","floor":38}],"player_experience":544058,"relics_obtained":[{"floor":6,"key":"Dream Catcher"},{"floor":8,"key":"Matryoshka"},{"floor":9,"key":"Oddly Smooth Stone"},{"floor":9,"key":"Bronze Scales"},{"floor":10,"key":"Art of War"},{"floor":13,"key":"Anchor"},{"floor":23,"key":"Potion Belt"},{"floor":26,"key":"Vajra"},{"floor":26,"key":"Emotion Chip"},{"floor":29,"key":"Ornamental Fan"}],"event_choices":[{"damage_healed":0,"gold_gain":0,"player_choice":"Success","damage_taken":3,"relics_obtained":["Bag of Preparation"],"max_hp_gain":0,"max_hp_loss":0,"event_name":"Scrap Ooze","floor":2,"gold_loss":0},{"damage_healed":0,"gold_gain":0,"player_choice":"Grow","damage_taken":0,"max_hp_gain":0,"max_hp_loss":0,"event_name":"Living Wall","floor":3,"gold_loss":0,"cards_upgraded":["Sunder"]},{"damage_healed":0,"gold_gain":0,"player_choice":"Searched \u00272\u0027 times","damage_taken":0,"max_hp_gain":0,"max_hp_loss":0,"event_name":"Dead Adventurer","floor":13,"gold_loss":0},{"damage_healed":0,"gold_gain":99,"player_choice":"Stole From Cult","damage_taken":0,"max_hp_gain":0,"max_hp_loss":0,"event_name":"Nest","floor":21,"gold_loss":0},{"damage_healed":0,"gold_gain":0,"player_choice":"Ignored","damage_taken":0,"max_hp_gain":0,"max_hp_loss":0,"event_name":"Vampires","floor":24,"gold_loss":0},{"cards_removed":["Streamline"],"damage_healed":0,"gold_gain":0,"player_choice":"Removed Attack","damage_taken":0,"max_hp_gain":0,"max_hp_loss":0,"event_name":"Falling","floor":39,"gold_loss":0}],"is_beta":false,"boss_relics":[{"not_picked":["Lizard Tail","Snecko Eye"],"picked":"Pandora\u0027s Box"},{"not_picked":["Astrolabe","Empty Cage"],"picked":"Inserter"}],"items_purged_floors":[],"is_endless":false,"potions_floor_spawned":[1,5,6,10,14,18,19,28,29,35,37],"killed_by":"Reptomancer","ascension_level":3}