{"gold_per_floor":[111,61,8,83,83,113,113,130,130,142,171,182,201,212,212,212],"floor_reached":16,"playtime":368,"items_purged":[],"score":185,"play_id":"6d56e4c0-0042-469d-89ad-bf4ba87e4527","local_time":"20190428142905","is_ascension_mode":true,"campfire_choices":[{"data":"Demon Form","floor":7,"key":"SMITH"},{"data":"Flame Barrier","floor":15,"key":"SMITH"}],"neow_cost":"NONE","seed_source_timestamp":1613258229685900,"circlet_count":0,"master_deck":["Strike_R","Strike_R","Strike_R","Strike_R","Defend_R","Defend_R","Defend_R","Defend_R","Bash","Heavy Blade+1","Shrug It Off","Demon Form+1","Pommel Strike","Battle Trance","Shockwave","True Grit","Flame Barrier+1"],"relics":["Burning Blood","NeowsBlessing","Kunai","Blue Candle","Champion Belt"],"potions_floor_usage":[12,13,16,16],"damage_taken":[{"damage":0,"enemies":"Jaw Worm","floor":1,"turns":1},{"damage":0,"enemies":"Lagavulin","floor":6,"turns":1},{"damage":0,"enemies":"Small Slimes","floor":8,"turns":1},{"damage":0,"enemies":"Cultist","floor":10,"turns":3},{"damage":30,"enemies":"Gremlin Nob","floor":11,"turns":4},{"damage":18,"enemies":"Gremlin Gang","floor":12,"turns":5},{"damage":30,"enemies":"Exordium Thugs","floor":13,"turns":5},{"damage":3,"enemies":"Blue Slaver","floor":14,"turns":5},{"damage":24,"enemies":"The Guardian","floor":16,"turns":2}],"seed_played":"2903677876802505123","potions_obtained":[{"floor":8,"key":"PowerPotion"},{"floor":10,"key":"LiquidBronze"},{"floor":11,"key":"Energy Potion"},{"floor":13,"key":"SkillPotion"},{"floor":14,"key":"Weak Potion"}],"is_trial":false,"path_per_floor":["M","?","$","?","?","E","R","M","T","M","E","M","M","M","R","B"],"character_chosen":"IRONCLAD","items_purchased":["Shrug It Off"],"campfire_rested":0,"item_purchase_floors":[3],"current_hp_per_floor":[78,78,78,67,67,73,73,79,79,80,56,44,20,23,23,0],"gold":212,"neow_bonus":"THREE_ENEMY_KILL","is_prod":false,"is_daily":false,"chose_seed":false,"campfire_upgraded":2,"win_rate":0,"timestamp":1556454545,"path_taken":["M","?","$","?","?","E","R","M","T","M","E","?","?","M","R","BOSS"],"build_version":"2019-01-23","purchased_purges":0,"victory":false,"max_hp_per_floor":[80,80,80,80,80,80,80,80,80,80,80,80,80,80,80,80],"card_choices":[{"not_picked":["Armaments","Flex"],"picked":"Heavy Blade","floor":1},{"not_picked":["True Grit","Anger"],"picked":"Demon Form","floor":6},{"not_picked":["Clash","Wild Strike"],"picked":"Pommel Strike","floor":8},{"not_picked":["Flex","Hemokinesis"],"picked":"Battle Trance","floor":10},{"not_picked":["Entrench","Pommel Strike","Headbutt"],"picked":"SKIP","floor":11},{"not_picked":["Havoc","Thunderclap"],"picked":"Shockwave","floor":12},{"not_picked":["Evolve","Battle Trance"],"picked":"True Grit","floor":13},{"not_picked":["Thunderclap","True Grit"],"picked":"Flame Barrier","floor":14}],"player_experience":821714,"relics_obtained":[{"floor":6,"key":"Kunai"},{"floor":9,"key":"Blue Candle"},{"floor":11,"key":"Champion Belt"}],"event_choices":[{"cards_removed":["Strike_R"],"damage_healed":0,"gold_gain":0,"player_choice":"Card Removal","damage_taken":0,"max_hp_gain":0,"max_hp_loss":0,"event_name":"The Cleric","floor":2,"gold_loss":50},{"damage_healed":0,"gold_gain":75,"player_choice":"Gather Gold","damage_taken":11,"max_hp_gain":0,"max_hp_loss":0,"event_name":"World of Goop","floor":4,"gold_loss":0},{"damage_healed":0,"gold_gain":0,"player_choice":"Upgraded","damage_taken":0,"max_hp_gain":0,"max_hp_loss":0,"event_name":"Upgrade Shrine","floor":5,"gold_loss":0,"cards_upgraded":["Heavy Blade"]}],"is_beta":false,"boss_relics":[],"items_purged_floors":[],"is_endless":false,"potions_floor_spawned":[8,10,11,13,14],"killed_by":"The Guardian","ascension_level":7}