{"gold_per_floor":[18,18,34,47,47,81,81,81,81,116,116,41,56,73,73,73],"floor_reached":16,"playtime":674,"items_purged":["Strike_R"],"score":204,"play_id":"cffa0d98-3639-4731-8816-80c24054e87f","local_time":"20190429163417","is_ascension_mode":true,"campfire_choices":[{"data":"Disarm","floor":7,"key":"SMITH"},{"floor":11,"key":"REST"},{"data":"True Grit","floor":15,"key":"SMITH"}],"neow_cost":"NO_GOLD","seed_source_timestamp":147649867137750,"circlet_count":0,"master_deck":["AscendersBane","Strike_R","Strike_R","Strike_R","Defend_R","Defend_R","Defend_R","Defend_R","Bash","Iron Wave","True Grit+1","Disarm+1","Flame Barrier","Shrug It Off","Feel No Pain"],"relics":["Burning Blood","Juzu Bracelet","Paper Frog","Happy Flower"],"potions_floor_usage":[6,6,16],"damage_taken":[{"damage":8,"enemies":"2 Louse","floor":1,"turns":4},{"damage":1,"enemies":"Cultist","floor":3,"turns":3},{"damage":2,"enemies":"Small Slimes","floor":4,"turns":4},{"damage":24,"enemies":"3 Sentries","floor":6,"turns":10},{"damage":56,"enemies":"Lagavulin","floor":10,"turns":11},{"damage":16,"enemies":"3 Louse","floor":13,"turns":6},{"damage":8,"enemies":"Looter","floor":14,"turns":5},{"damage":38,"enemies":"Hexaghost","floor":16,"turns":18}],"seed_played":"3577444993173051143","potions_obtained":[{"floor":3,"key":"GamblersBrew"},{"floor":5,"key":"PowerPotion"},{"floor":5,"key":"Strength Potion"},{"floor":13,"key":"EssenceOfSteel"},{"floor":14,"key":"LiquidBronze"}],"is_trial":false,"path_per_floor":["M","?","M","M","?","E","R","?","T","E","R","$","M","M","R","B"],"character_chosen":"IRONCLAD","items_purchased":[],"campfire_rested":1,"item_purchase_floors":[],"current_hp_per_floor":[80,85,90,94,94,76,76,69,69,19,47,47,37,35,35,0],"gold":73,"neow_bonus":"TWENTY_PERCENT_HP_BONUS","is_prod":false,"is_daily":false,"chose_seed":false,"campfire_upgraded":2,"win_rate":0,"timestamp":1556580857,"path_taken":["M","?","M","M","?","E","R","?","T","E","R","$","M","M","R","BOSS"],"build_version":"2019-01-23","purchased_purges":1,"victory":false,"max_hp_per_floor":[89,94,94,94,94,94,94,94,94,94,94,94,94,94,94,94],"card_choices":[{"not_picked":["Flex","Heavy Blade"],"picked":"Iron Wave","floor":1},{"not_picked":["Searing Blow","Sentinel"],"picked":"True Grit","floor":3},{"not_picked":["Cleave","Headbutt"],"picked":"Disarm","floor":4},{"not_picked":["Whirlwind","Warcry"],"picked":"Flame Barrier","floor":6},{"not_picked":["Sword Boomerang","Pommel Strike","Clash"],"picked":"SKIP","floor":10},{"not_picked":["Dark Embrace","Headbutt"],"picked":"Shrug It Off","floor":13},{"not_picked":["Pommel Strike","True Grit"],"picked":"Feel No Pain","floor":14}],"player_experience":508232,"relics_obtained":[{"floor":6,"key":"Juzu Bracelet"},{"floor":9,"key":"Paper Frog"},{"floor":10,"key":"Happy Flower"}],"event_choices":[{"damage_healed":0,"gold_gain":0,"player_choice":"Donut","damage_taken":0,"max_hp_gain":5,"max_hp_loss":0,"event_name":"Big Fish","floor":2,"gold_loss":0},{"damage_healed":0,"gold_gain":0,"player_choice":"Got Potions","damage_taken":0,"max_hp_gain":0,"max_hp_loss":0,"event_name":"Lab","floor":5,"gold_loss":0},{"cards_removed":["Strike_R"],"damage_healed":0,"gold_gain":0,"player_choice":"Card Removal","damage_taken":7,"max_hp_gain":0,"max_hp_loss":0,"event_name":"Golden Wing","floor":8,"gold_loss":0}],"is_beta":false,"boss_relics":[],"items_purged_floors":[12],"is_endless":false,"potions_floor_spawned":[3,13,14],"killed_by":"Hexaghost","ascension_level":17}