{"gold_per_floor":[118,137,213,230,249,249,283,283,283,314,342,342,361,436,436,515,515,525,543,554,95,111,111,172,172,172,199,299,299,310,327,327,404,404,420,320,43,59,70,70,101,101,126,126,54,72,72,99,99,99,99,99,24,59,59],"floor_reached":55,"playtime":2638,"items_purged":["Strike_R","Wild Strike"],"score":1196,"play_id":"69d1548f-18b5-48e6-a484-4d3556cc2361","local_time":"20190425184548","is_ascension_mode":true,"campfire_choices":[{"data":"Bash","floor":6,"key":"SMITH"},{"data":"Clothesline","floor":8,"key":"SMITH"},{"data":"Inflame","floor":12,"key":"SMITH"},{"data":"Spot Weakness","floor":15,"key":"SMITH"},{"data":"Disarm","floor":23,"key":"SMITH"},{"data":"Shrug It Off","floor":25,"key":"SMITH"},{"data":"Shrug It Off","floor":29,"key":"SMITH"},{"data":"Offering","floor":32,"key":"SMITH"},{"data":"Limit Break","floor":40,"key":"SMITH"},{"data":"True Grit","floor":44,"key":"SMITH"},{"floor":49,"key":"RECALL"},{"data":"1","floor":52,"key":"LIFT"}],"neow_cost":"NONE","seed_source_timestamp":1061753735315462,"circlet_count":0,"master_deck":["AscendersBane","Strike_R","Strike_R","Strike_R","Strike_R","Defend_R","Defend_R","Defend_R","Defend_R","Bash+1","Impatience","Clothesline+1","Iron Wave","Shrug It Off+1","Inflame+1","Spot Weakness+1","Reaper","Shrug It Off+1","Sword Boomerang","Disarm+1","Power Through","Disarm+1","Warcry+1","Offering+1","Limit Break+1","Shrug It Off","True Grit+1","True Grit","Reaper","Disarm"],"relics":["Burning Blood","Bag of Marbles","Orichalcum","Meat on the Bone","Odd Mushroom","Velvet Choker","Red Skull","Sling","Tiny Chest","Sundial","Kunai","Runic Pyramid","Membership Card","Vajra","PreservedInsect","Bronze Scales","Girya","Singing Bowl","Oddly Smooth Stone","Bag of Preparation"],"potions_floor_usage":[7,10,24,27,30,33,33,41],"damage_taken":[{"damage":12,"enemies":"Jaw Worm","floor":1,"turns":3},{"damage":3,"enemies":"2 Louse","floor":2,"turns":3},{"damage":0,"enemies":"Small Slimes","floor":4,"turns":3},{"damage":15,"enemies":"2 Fungi Beasts","floor":5,"turns":3},{"damage":30,"enemies":"3 Sentries","floor":7,"turns":10},{"damage":12,"enemies":"Lagavulin","floor":10,"turns":4},{"damage":18,"enemies":"The Mushroom Lair","floor":11,"turns":5},{"damage":7,"enemies":"Blue Slaver","floor":13,"turns":2},{"damage":34,"enemies":"Hexaghost","floor":16,"turns":10},{"damage":24,"enemies":"3 Byrds","floor":18,"turns":6},{"damage":3,"enemies":"Shell Parasite","floor":19,"turns":3},{"damage":22,"enemies":"Shelled Parasite and Fungi","floor":20,"turns":6},{"damage":12,"enemies":"Snake Plant","floor":22,"turns":3},{"damage":31,"enemies":"Book of Stabbing","floor":24,"turns":6},{"damage":43,"enemies":"Slavers","floor":27,"turns":8},{"damage":10,"enemies":"Snecko","floor":30,"turns":5},{"damage":34,"enemies":"Chosen and Byrds","floor":31,"turns":7},{"damage":19,"enemies":"Champ","floor":33,"turns":13},{"damage":45,"enemies":"3 Darklings","floor":35,"turns":7},{"damage":27,"enemies":"3 Shapes","floor":38,"turns":6},{"damage":16,"enemies":"Sphere and 2 Shapes","floor":39,"turns":5},{"damage":46,"enemies":"Reptomancer","floor":41,"turns":9},{"damage":50,"enemies":"Jaw Worm Horde","floor":46,"turns":5},{"damage":26,"enemies":"Giant Head","floor":48,"turns":7},{"damage":31,"enemies":"Time Eater","floor":50,"turns":10},{"damage":85,"enemies":"Shield and Spear","floor":54,"turns":7},{"damage":61,"enemies":"The Heart","floor":55,"turns":5}],"seed_played":"3456606888243832351","potions_obtained":[{"floor":1,"key":"Energy Potion"},{"floor":4,"key":"AttackPotion"},{"floor":10,"key":"Ancient Potion"},{"floor":22,"key":"AttackPotion"},{"floor":24,"key":"SkillPotion"},{"floor":27,"key":"Swift Potion"},{"floor":31,"key":"SteroidPotion"},{"floor":38,"key":"Fire Potion"},{"floor":39,"key":"SpeedPotion"},{"floor":54,"key":"Poison Potion"}],"is_trial":false,"path_per_floor":["M","M","?","M","M","R","E","R","T","E","?","R","M","?","R","B",null,"M","M","M","$","M","R","E","R","T","E","?","R","M","M","R","B",null,"M","$","$","M","M","R","E","?","T","R","$","M","T","E","R","B",null,"R","$","E","B"],"character_chosen":"IRONCLAD","items_purchased":["Red Skull","Disarm","Sling","Membership Card","Vajra","Bronze Scales","Oddly Smooth Stone"],"campfire_rested":0,"item_purchase_floors":[21,21,21,37,37,45,53],"current_hp_per_floor":[66,69,69,75,66,66,42,42,42,36,36,36,47,36,36,20,65,63,66,56,56,50,50,37,37,37,55,55,55,51,56,56,55,74,80,80,80,80,78,78,70,70,70,70,70,80,80,65,65,80,80,80,80,59,0],"gold":59,"neow_bonus":"RANDOM_COLORLESS","is_prod":false,"is_daily":false,"chose_seed":false,"campfire_upgraded":10,"win_rate":0,"timestamp":1556243148,"path_taken":["M","M","?","M","M","R","E","R","T","E","?","R","M","?","R","BOSS","M","M","M","$","M","R","E","R","T","E","?","R","M","M","R","BOSS","M","?","$","M","M","R","E","?","T","R","$","M","?","E","R","BOSS","R","$","E","BOSS"],"build_version":"2019-01-23","purchased_purges":2,"victory":false,"max_hp_per_floor":[80,80,80,80,80,80,80,80,80,80,80,80,80,80,80,80,80,80,80,80,80,80,80,80,80,80,80,80,80,80,80,80,80,80,80,80,80,80,80,80,80,80,80,80,80,80,80,80,80,80,80,80,80,82,82],"card_choices":[{"not_picked":["Corruption","Feel No Pain"],"picked":"Wild Strike","floor":1},{"not_picked":["Corruption","Cleave"],"picked":"Clothesline","floor":2},{"not_picked":["Wild Strike","Warcry","Dual Wield"],"picked":"SKIP","floor":4},{"not_picked":["Havoc","Flex"],"picked":"Iron Wave","floor":5},{"not_picked":["Clash","Infernal Blade"],"picked":"Shrug It Off","floor":7},{"not_picked":["Corruption","Pommel Strike"],"picked":"Inflame","floor":10},{"not_picked":["Second Wind","Cleave"],"picked":"Spot Weakness","floor":13},{"not_picked":["Barricade","Bludgeon"],"picked":"Reaper","floor":16},{"not_picked":["Twin Strike","Anger"],"picked":"Shrug It Off","floor":18},{"not_picked":["Blood for Blood","Body Slam"],"picked":"Sword Boomerang","floor":19},{"not_picked":["Warcry+1","Perfected Strike","Headbutt"],"picked":"SKIP","floor":20},{"not_picked":["Flex","Dark Embrace","Perfected Strike"],"picked":"SKIP","floor":22},{"not_picked":["Body Slam","Seeing Red"],"picked":"Power Through","floor":24},{"not_picked":["Shockwave","Twin Strike+1"],"picked":"Disarm+1","floor":27},{"not_picked":["Iron Wave","Flex"],"picked":"Warcry+1","floor":30},{"not_picked":["Spot Weakness","Anger"],"picked":"Offering","floor":31},{"not_picked":["Dark Embrace","Impervious"],"picked":"Limit Break","floor":33},{"not_picked":["Perfected Strike","Corruption"],"picked":"Shrug It Off","floor":35},{"not_picked":["Sword Boomerang","Thunderclap"],"picked":"True Grit","floor":38},{"not_picked":["Clothesline+1","Hemokinesis"],"picked":"True Grit","floor":39},{"not_picked":["Ghostly Armor+1","Power Through"],"picked":"Reaper","floor":41},{"not_picked":["Corruption","Cleave","Body Slam"],"picked":"SKIP","floor":46},{"not_picked":["Whirlwind","Iron Wave"],"picked":"Disarm","floor":48},{"not_picked":["Feed","Battle Trance+1","Immolate"],"picked":"Singing Bowl","floor":54}],"player_experience":313229,"relics_obtained":[{"floor":7,"key":"Bag of Marbles"},{"floor":9,"key":"Orichalcum"},{"floor":10,"key":"Meat on the Bone"},{"floor":11,"key":"Odd Mushroom"},{"floor":24,"key":"Tiny Chest"},{"floor":26,"key":"Sundial"},{"floor":27,"key":"Kunai"},{"floor":41,"key":"PreservedInsect"},{"floor":47,"key":"Girya"},{"floor":48,"key":"Singing Bowl"},{"floor":54,"key":"Bag of Preparation"}],"event_choices":[{"damage_healed":0,"gold_gain":76,"player_choice":"Gained Gold","damage_taken":0,"max_hp_gain":0,"max_hp_loss":0,"event_name":"Golden Wing","floor":3,"gold_loss":0},{"damage_healed":0,"gold_gain":0,"player_choice":"Fought Mushrooms","damage_taken":0,"max_hp_gain":0,"max_hp_loss":0,"event_name":"Mushrooms","floor":11,"gold_loss":0},{"damage_healed":0,"gold_gain":75,"player_choice":"Gather Gold","damage_taken":11,"max_hp_gain":0,"max_hp_loss":0,"event_name":"World of Goop","floor":14,"gold_loss":0},{"damage_healed":0,"gold_gain":100,"player_choice":"Pray","damage_taken":0,"max_hp_gain":0,"max_hp_loss":0,"event_name":"Golden Shrine","floor":28,"gold_loss":0},{"damage_healed":0,"gold_gain":0,"player_choice":"Ignored","damage_taken":0,"max_hp_gain":0,"max_hp_loss":0,"event_name":"Tomb of Lord Red Mask","floor":42,"gold_loss":0}],"is_beta":false,"boss_relics":[{"not_picked":["Black Blood","Eternal Feather"],"picked":"Velvet Choker"},{"not_picked":["Orrery","Pandora\u0027s Box"],"picked":"Runic Pyramid"}],"items_purged_floors":[21,36],"is_endless":false,"potions_floor_spawned":[1,4,10,22,24,27,31,38,39,54],"killed_by":"The Heart","ascension_level":13}