{"gold_per_floor":[129,153,180,192,224,236,280,292,304,338,350,362,386,147,147,250,250,264,275,286,306,207,207,122,122,152,152,166,166,199,199,199,199],"floor_reached":33,"playtime":2135,"items_purged":["Strike_R"],"score":383,"play_id":"e4325e29-1e59-4425-a86e-82c492581332","local_time":"20190413213910","is_ascension_mode":true,"campfire_choices":[{"data":"True Grit","floor":6,"key":"SMITH"},{"data":"Spot Weakness","floor":8,"key":"SMITH"},{"data":"Pommel Strike","floor":12,"key":"SMITH"},{"data":"Pommel Strike","floor":15,"key":"SMITH"},{"floor":23,"key":"REST"},{"data":"Pommel Strike","floor":25,"key":"SMITH"},{"data":"Pommel Strike","floor":27,"key":"SMITH"},{"floor":32,"key":"REST"}],"neow_cost":"NONE","seed_source_timestamp":42735805805839,"circlet_count":0,"master_deck":["Strike_R","Strike_R","Strike_R+1","Defend_R","Defend_R","Defend_R","Bash","Perfected Strike+1","True Grit+1","Headbutt","Spot Weakness+1","Pommel Strike+1","Perfected Strike","Pommel Strike+1","Bloodletting+1","Perfected Strike","Pommel Strike+1","Shrug It Off","Pommel Strike+1","Infernal Blade+1","Uppercut+1"],"relics":["Burning Blood","MawBank","Pen Nib","Pocketwatch","Singing Bowl","Odd Mushroom","Whetstone","Empty Cage","Oddly Smooth Stone","Tiny Chest","Dream Catcher"],"potions_floor_usage":[7,13,21,30,33],"damage_taken":[{"damage":11,"enemies":"Jaw Worm","floor":1,"turns":4},{"damage":4,"enemies":"2 Louse","floor":2,"turns":3},{"damage":0,"enemies":"Small Slimes","floor":3,"turns":3},{"damage":10,"enemies":"Blue Slaver","floor":5,"turns":5},{"damage":26,"enemies":"3 Sentries","floor":7,"turns":7},{"damage":13,"enemies":"The Mushroom Lair","floor":10,"turns":4},{"damage":17,"enemies":"Lots of Slimes","floor":13,"turns":3},{"damage":30,"enemies":"The Guardian","floor":16,"turns":10},{"damage":2,"enemies":"Spheric Guardian","floor":18,"turns":3},{"damage":26,"enemies":"2 Thieves","floor":19,"turns":3},{"damage":27,"enemies":"Snake Plant","floor":20,"turns":2},{"damage":4,"enemies":"3 Cultists","floor":21,"turns":3},{"damage":18,"enemies":"Snecko","floor":28,"turns":3},{"damage":25,"enemies":"Slavers","floor":30,"turns":5},{"damage":82,"enemies":"Champ","floor":33,"turns":7}],"seed_played":"191346687431379833","potions_obtained":[{"floor":2,"key":"Poison Potion"},{"floor":5,"key":"BloodPotion"},{"floor":7,"key":"Fire Potion"},{"floor":20,"key":"Explosive Potion"},{"floor":21,"key":"Regen Potion"},{"floor":28,"key":"SmokeBomb"}],"is_trial":false,"path_per_floor":["M","M","M","?","M","R","E","R","T","?","?","R","M","$","R","B",null,"M","M","M","M","$","R","?","R","T","R","M","$","E","?","R","B"],"character_chosen":"IRONCLAD","items_purchased":["Perfected Strike","Pommel Strike","Whetstone","Pommel Strike"],"campfire_rested":2,"item_purchase_floors":[14,14,14,22],"current_hp_per_floor":[67,69,75,68,64,64,44,44,44,37,63,63,54,54,54,30,69,73,53,32,34,34,58,58,58,58,58,46,46,41,41,67,0],"gold":199,"neow_bonus":"RANDOM_COMMON_RELIC","is_prod":false,"is_daily":false,"chose_seed":false,"campfire_upgraded":6,"win_rate":0,"timestamp":1555159150,"path_taken":["M","M","M","?","M","R","E","R","T","?","?","R","M","$","R","BOSS","M","M","M","M","$","R","?","R","T","R","M","$","E","?","R","BOSS"],"build_version":"2019-01-23","purchased_purges":1,"victory":false,"max_hp_per_floor":[80,80,80,80,80,80,80,80,80,80,80,80,82,82,82,82,82,82,82,82,82,82,82,82,82,82,82,82,82,82,82,84,84],"card_choices":[{"not_picked":["Cleave","True Grit"],"picked":"Perfected Strike","floor":1},{"not_picked":["Heavy Blade","Thunderclap"],"picked":"True Grit","floor":2},{"not_picked":["Heavy Blade","Clothesline"],"picked":"Headbutt","floor":3},{"not_picked":["Rampage","Second Wind","Havoc"],"picked":"SKIP","floor":5},{"not_picked":["Reaper","Sentinel"],"picked":"Spot Weakness","floor":7},{"not_picked":["Intimidate","Second Wind"],"picked":"Pommel Strike","floor":10},{"not_picked":["Thunderclap","True Grit","Flex"],"picked":"Singing Bowl","floor":13},{"not_picked":["Exhume","Brutality"],"picked":"Bludgeon","floor":16},{"not_picked":["Warcry","Heavy Blade"],"picked":"Bloodletting+1","floor":18},{"not_picked":["Intimidate+1","Sword Boomerang"],"picked":"Perfected Strike","floor":19},{"not_picked":["Clothesline+1","Rupture"],"picked":"Pommel Strike","floor":20},{"not_picked":["Anger+1","Twin Strike"],"picked":"Shrug It Off","floor":21},{"not_picked":["Spot Weakness+1","Sentinel"],"picked":"Infernal Blade+1","floor":28},{"not_picked":["Havoc","Flame Barrier"],"picked":"Uppercut+1","floor":30},{"not_picked":["Shockwave","Combust","Searing Blow+1"],"picked":"Singing Bowl","floor":32}],"player_experience":322368,"relics_obtained":[{"floor":7,"key":"Pocketwatch"},{"floor":9,"key":"Singing Bowl"},{"floor":10,"key":"Odd Mushroom"},{"floor":26,"key":"Tiny Chest"},{"floor":30,"key":"Dream Catcher"}],"event_choices":[{"damage_healed":0,"gold_gain":0,"player_choice":"Success","damage_taken":7,"relics_obtained":["Pen Nib"],"max_hp_gain":0,"max_hp_loss":0,"event_name":"Scrap Ooze","floor":4,"gold_loss":0},{"damage_healed":0,"gold_gain":0,"player_choice":"Fought Mushrooms","damage_taken":0,"max_hp_gain":0,"max_hp_loss":0,"event_name":"Mushrooms","floor":10,"gold_loss":0},{"damage_healed":26,"gold_gain":0,"player_choice":"Banana","damage_taken":0,"max_hp_gain":0,"max_hp_loss":0,"event_name":"Big Fish","floor":11,"gold_loss":0},{"damage_healed":0,"gold_gain":0,"player_choice":"Obtained Relic","damage_taken":0,"relics_obtained":["Oddly Smooth Stone"],"max_hp_gain":0,"max_hp_loss":0,"event_name":"Addict","floor":24,"gold_loss":85},{"cards_removed":["Bludgeon"],"damage_healed":0,"gold_gain":0,"player_choice":"Purged","damage_taken":0,"max_hp_gain":0,"max_hp_loss":0,"event_name":"Purifier","floor":31,"gold_loss":0}],"is_beta":false,"boss_relics":[{"not_picked":["Ectoplasm","Coffee Dripper"],"picked":"Empty Cage"}],"items_purged_floors":[22],"is_endless":false,"potions_floor_spawned":[2,5,7,20,21,28],"killed_by":"Champ","ascension_level":7}