{"gold_per_floor":[119,134,209,209,55,55,88,88,156,175,175,203,203,214,214,315,315,330,343,343,359,359,389,389],"floor_reached":24,"playtime":1105,"items_purged":[],"score":358,"play_id":"a1b810d2-8c0b-4463-b1ab-1f6928ad4c85","local_time":"20190419144446","is_ascension_mode":true,"campfire_choices":[{"data":"Searing Blow","floor":6,"key":"SMITH"},{"data":"Searing Blow+1","floor":8,"key":"SMITH"},{"data":"Searing Blow+2","floor":11,"key":"SMITH"},{"data":"Searing Blow+3","floor":15,"key":"SMITH"}],"neow_cost":"NONE","seed_source_timestamp":530426403733963,"circlet_count":0,"master_deck":["AscendersBane","Strike_R","Strike_R","Strike_R","Strike_R","Defend_R","Defend_R","Defend_R","Defend_R","Bash+1","Searing Blow+4","Clothesline","Armaments","Reaper","Battle Trance","Offering","Dual Wield","Headbutt"],"relics":["Burning Blood","Question Card","Orichalcum","Self Forming Clay","Ornamental Fan","Ancient Tea Set","Runic Pyramid","Lantern","Omamori"],"potions_floor_usage":[7,19,21,23,23,24],"damage_taken":[{"damage":3,"enemies":"2 Louse","floor":1,"turns":2},{"damage":7,"enemies":"Small Slimes","floor":2,"turns":3},{"damage":36,"enemies":"3 Sentries","floor":7,"turns":10},{"damage":0,"enemies":"Cultist","floor":10,"turns":3},{"damage":21,"enemies":"Lagavulin","floor":12,"turns":5},{"damage":0,"enemies":"Large Slime","floor":14,"turns":7},{"damage":26,"enemies":"The Guardian","floor":16,"turns":8},{"damage":22,"enemies":"Spheric Guardian","floor":18,"turns":4},{"damage":14,"enemies":"3 Byrds","floor":19,"turns":7},{"damage":28,"enemies":"Snake Plant","floor":21,"turns":4},{"damage":31,"enemies":"Slavers","floor":23,"turns":7},{"damage":50,"enemies":"Sentry and Sphere","floor":24,"turns":5}],"seed_played":"-3132764449265853515","potions_obtained":[{"floor":1,"key":"Regen Potion"},{"floor":10,"key":"SteroidPotion"},{"floor":14,"key":"FearPotion"},{"floor":18,"key":"Regen Potion"},{"floor":20,"key":"GamblersBrew"},{"floor":21,"key":"Fire Potion"},{"floor":23,"key":"BloodPotion"}],"is_trial":false,"path_per_floor":["M","M","?","?","$","R","E","R","T","M","R","E","?","M","R","B",null,"M","M","?","M","?","E","M"],"character_chosen":"IRONCLAD","items_purchased":["Orichalcum"],"campfire_rested":0,"item_purchase_floors":[5],"current_hp_per_floor":[75,74,63,45,45,45,30,30,30,36,36,21,21,31,31,15,64,52,66,66,49,49,36,0],"gold":389,"neow_bonus":"UPGRADE_CARD","is_prod":false,"is_daily":false,"chose_seed":false,"campfire_upgraded":4,"win_rate":0,"timestamp":1555710286,"path_taken":["M","M","?","?","$","R","E","R","T","M","R","E","?","M","R","BOSS","M","?","?","?","?","E","M"],"build_version":"2019-01-23","purchased_purges":0,"victory":false,"max_hp_per_floor":[80,80,80,80,80,80,80,80,80,80,80,80,80,80,80,80,80,80,80,80,80,80,80,80],"card_choices":[{"not_picked":["Rage","Perfected Strike"],"picked":"Searing Blow","floor":1},{"not_picked":["Shrug It Off","Thunderclap"],"picked":"Clothesline","floor":2},{"not_picked":["Sentinel","Sword Boomerang","Inflame"],"picked":"Armaments","floor":7},{"not_picked":["Clash","Pommel Strike","Body Slam","Fiend Fire"],"picked":"SKIP","floor":10},{"not_picked":["Demon Form","Havoc","Bludgeon"],"picked":"Reaper","floor":12},{"not_picked":["Rampage","Uppercut","Shrug It Off"],"picked":"Battle Trance","floor":14},{"not_picked":["Bludgeon","Exhume","Juggernaut"],"picked":"Offering","floor":16},{"not_picked":["Burning Pact","Carnage","Fire Breathing+1"],"picked":"Dual Wield","floor":18},{"not_picked":["Clothesline","Whirlwind","Sword Boomerang+1"],"picked":"Headbutt","floor":19},{"not_picked":["Hemokinesis+1","Blood for Blood","Anger","Reckless Charge"],"picked":"SKIP","floor":21},{"not_picked":["Iron Wave","Clothesline","Entrench","Heavy Blade"],"picked":"SKIP","floor":23}],"player_experience":271039,"relics_obtained":[{"floor":7,"key":"Self Forming Clay"},{"floor":9,"key":"Ornamental Fan"},{"floor":12,"key":"Ancient Tea Set"},{"floor":23,"key":"Omamori"}],"event_choices":[{"damage_healed":0,"gold_gain":75,"player_choice":"Gather Gold","damage_taken":11,"max_hp_gain":0,"max_hp_loss":0,"event_name":"World of Goop","floor":3,"gold_loss":0},{"damage_healed":0,"gold_gain":0,"player_choice":"Success","damage_taken":18,"relics_obtained":["Question Card"],"max_hp_gain":0,"max_hp_loss":0,"event_name":"Scrap Ooze","floor":4,"gold_loss":0},{"cards_removed":["Strike_R"],"damage_healed":0,"gold_gain":0,"player_choice":"Purged","damage_taken":0,"max_hp_gain":0,"max_hp_loss":0,"event_name":"Purifier","floor":13,"gold_loss":0},{"damage_healed":0,"gold_gain":0,"player_choice":"Got Potions","damage_taken":0,"max_hp_gain":0,"max_hp_loss":0,"event_name":"Lab","floor":20,"gold_loss":0},{"damage_healed":0,"gold_gain":0,"player_choice":"Opened","damage_taken":0,"relics_obtained":["Lantern"],"max_hp_gain":0,"max_hp_loss":0,"event_name":"The Mausoleum","floor":22,"gold_loss":0}],"is_beta":false,"boss_relics":[{"not_picked":["Pandora\u0027s Box","Tiny House"],"picked":"Runic Pyramid"}],"items_purged_floors":[],"is_endless":false,"potions_floor_spawned":[1,10,14,18,21,23],"killed_by":"Sentry and Sphere","ascension_level":12}