{"gold_per_floor":[119,67,67,67,77,105,121,139,163,190,208,218,218,234,234,338,338,356,356,9,25,25,56,56,56,80,91,91],"floor_reached":28,"playtime":1684,"items_purged":[],"score":371,"play_id":"6836e70b-6584-4c13-baa4-b4f78e944790","local_time":"20190506171038","is_ascension_mode":true,"campfire_choices":[{"floor":13,"key":"REST"},{"floor":15,"key":"REST"},{"floor":25,"key":"REST"}],"neow_cost":"NONE","seed_source_timestamp":384104052068830,"circlet_count":0,"master_deck":["Defend_G","Defend_G","Defend_G","Defend_G","Strike_G","Strike_G","Strike_G","Survivor","Neutralize","Accuracy","Blade Dance+1","Leg Sweep","Cloak And Dagger","Burst","Infinite Blades+1","Blur+1","Outmaneuver+1"],"relics":["Ring of the Snake","NeowsBlessing","Vajra","Pen Nib","Orichalcum","Empty Cage","MealTicket","Oddly Smooth Stone","Matryoshka","Blood Vial","Question Card","Ancient Tea Set","Bag of Preparation"],"potions_floor_usage":[10,12,12,14,23,27],"damage_taken":[{"damage":0,"enemies":"Cultist","floor":1,"turns":1},{"damage":0,"enemies":"2 Louse","floor":5,"turns":1},{"damage":0,"enemies":"3 Sentries","floor":6,"turns":2},{"damage":0,"enemies":"Jaw Worm","floor":7,"turns":3},{"damage":12,"enemies":"Large Slime","floor":8,"turns":8},{"damage":36,"enemies":"Lagavulin","floor":10,"turns":7},{"damage":1,"enemies":"Blue Slaver","floor":11,"turns":3},{"damage":0,"enemies":"Exordium Thugs","floor":12,"turns":3},{"damage":5,"enemies":"Large Slime","floor":14,"turns":5},{"damage":35,"enemies":"The Guardian","floor":16,"turns":14},{"damage":18,"enemies":"Chosen","floor":18,"turns":6},{"damage":4,"enemies":"Shell Parasite","floor":21,"turns":5},{"damage":55,"enemies":"Slavers","floor":23,"turns":7},{"damage":11,"enemies":"Shelled Parasite and Fungi","floor":27,"turns":5},{"damage":25,"enemies":"Centurion and Healer","floor":28,"turns":4}],"seed_played":"915799194805838572","potions_obtained":[{"floor":5,"key":"FairyPotion"},{"floor":8,"key":"SkillPotion"},{"floor":10,"key":"AttackPotion"},{"floor":11,"key":"SpeedPotion"},{"floor":12,"key":"Weak Potion"},{"floor":21,"key":"Poison Potion"},{"floor":23,"key":"PowerPotion"}],"is_trial":false,"path_per_floor":["M","$","?","?","M","E","M","M","T","E","M","M","R","M","R","B",null,"M","?","$","M","$","E","T","R","T","M","M"],"character_chosen":"THE_SILENT","items_purchased":["Blade Dance","MealTicket","Oddly Smooth Stone"],"campfire_rested":3,"item_purchase_floors":[2,20,20],"current_hp_per_floor":[63,63,56,56,56,56,56,44,44,8,7,7,28,23,44,9,55,37,37,37,33,48,7,7,28,28,19,0],"gold":91,"neow_bonus":"THREE_ENEMY_KILL","is_prod":false,"is_daily":false,"chose_seed":false,"campfire_upgraded":0,"win_rate":0,"timestamp":1557155438,"path_taken":["M","$","?","?","M","E","?","M","T","E","M","M","R","M","R","BOSS","M","?","$","M","$","E","?","R","T","M","M"],"build_version":"2019-01-23","purchased_purges":0,"victory":false,"max_hp_per_floor":[70,70,70,70,70,70,70,70,70,70,70,70,70,70,70,70,70,70,70,70,70,70,70,70,70,70,70,70],"card_choices":[{"not_picked":["Acrobatics","Endless Agony"],"picked":"Accuracy","floor":1},{"not_picked":["Well Laid Plans","PiercingWail"],"picked":"Leg Sweep","floor":5},{"not_picked":["Tactician","Flying Knee","Sucker Punch"],"picked":"SKIP","floor":6},{"not_picked":["All Out Attack","Bane","Poisoned Stab"],"picked":"SKIP","floor":7},{"not_picked":["Well Laid Plans","Backstab"],"picked":"Cloak And Dagger","floor":8},{"not_picked":["Grand Finale","Deflect","Blade Dance"],"picked":"SKIP","floor":10},{"not_picked":["Setup","Sucker Punch","Flying Knee"],"picked":"SKIP","floor":11},{"not_picked":["Acrobatics","Quick Slash","Flying Knee"],"picked":"SKIP","floor":12},{"not_picked":["Outmaneuver","Wraith Form v2","Acrobatics"],"picked":"SKIP","floor":14},{"not_picked":["Night Terror","Glass Knife"],"picked":"Burst","floor":16},{"not_picked":["Masterful Stab+1","Slice"],"picked":"Infinite Blades+1","floor":18},{"not_picked":["Poisoned Stab","Underhanded Strike","All Out Attack"],"picked":"SKIP","floor":21},{"not_picked":["Concentrate+1","Accuracy+1"],"picked":"Blur+1","floor":23},{"not_picked":["Riddle With Holes","Well Laid Plans+1","Bane"],"picked":"Outmaneuver+1","floor":27}],"player_experience":407337,"relics_obtained":[{"floor":6,"key":"Vajra"},{"floor":9,"key":"Pen Nib"},{"floor":10,"key":"Orichalcum"},{"floor":23,"key":"Matryoshka"},{"floor":24,"key":"Blood Vial"},{"floor":24,"key":"Question Card"},{"floor":26,"key":"Ancient Tea Set"},{"floor":26,"key":"Bag of Preparation"}],"event_choices":[{"cards_removed":["Strike_G"],"damage_healed":0,"gold_gain":0,"player_choice":"Card Removal","damage_taken":7,"max_hp_gain":0,"max_hp_loss":0,"event_name":"Golden Wing","floor":3,"gold_loss":0},{"damage_healed":0,"gold_gain":0,"player_choice":"Upgraded","damage_taken":0,"max_hp_gain":0,"max_hp_loss":0,"event_name":"Upgrade Shrine","floor":4,"gold_loss":0,"cards_upgraded":["Blade Dance"]},{"damage_healed":0,"gold_gain":0,"player_choice":"Ignored","damage_taken":0,"max_hp_gain":0,"max_hp_loss":0,"event_name":"Ghosts","floor":19,"gold_loss":0}],"is_beta":false,"boss_relics":[{"not_picked":["Fusion Hammer","HoveringKite"],"picked":"Empty Cage"}],"items_purged_floors":[],"is_endless":false,"potions_floor_spawned":[5,8,10,11,12,21,23],"killed_by":"Centurion and Healer","ascension_level":7}