{"gold_per_floor":[110,126,126,146,146,177,197,216,216,216,226,15,44,44,44,146,146,159,173,198,222,137,169,169,169,248,259,275,275],"floor_reached":29,"playtime":1310,"items_purged":["Defend_R"],"score":268,"play_id":"71196a54-43a4-4693-8ac4-b7a68d91c00d","local_time":"20190317165028","is_ascension_mode":true,"campfire_choices":[{"floor":10,"key":"REST"},{"floor":15,"key":"REST"},{"floor":25,"key":"REST"}],"neow_cost":"NONE","seed_source_timestamp":351017293407212,"circlet_count":0,"master_deck":["Strike_R","Strike_R+1","Strike_R+1","Strike_R","Defend_R","Defend_R","Defend_R","Bash","Armaments+1","True Grit","Heavy Blade","Flex+1","Seeing Red+1","Sentinel","Rupture","Demon Form","Power Through","Juggernaut","Sentinel+1","Shrug It Off"],"relics":["Black Blood","Dead Branch","Whetstone","Anchor","Potion Belt","Blue Candle","Gambling Chip","Nloth\u0027s Gift","Gremlin Horn"],"potions_floor_usage":[6,8,13,16,23,23,28],"damage_taken":[{"damage":7,"enemies":"Small Slimes","floor":1,"turns":5},{"damage":2,"enemies":"Jaw Worm","floor":2,"turns":4},{"damage":0,"enemies":"Cultist","floor":4,"turns":4},{"damage":52,"enemies":"Lagavulin","floor":6,"turns":9},{"damage":5,"enemies":"Looter","floor":7,"turns":4},{"damage":41,"enemies":"Gremlin Gang","floor":8,"turns":7},{"damage":2,"enemies":"Red Slaver","floor":11,"turns":4},{"damage":26,"enemies":"Gremlin Nob","floor":13,"turns":5},{"damage":9,"enemies":"The Guardian","floor":16,"turns":9},{"damage":17,"enemies":"Shell Parasite","floor":18,"turns":7},{"damage":13,"enemies":"Spheric Guardian","floor":19,"turns":8},{"damage":55,"enemies":"Book of Stabbing","floor":23,"turns":8},{"damage":38,"enemies":"Snake Plant","floor":27,"turns":7},{"damage":27,"enemies":"Snecko","floor":28,"turns":5},{"damage":14,"enemies":"Gremlin Leader","floor":29,"turns":2}],"seed_played":"3297349919847944715","potions_obtained":[{"floor":2,"key":"Poison Potion"},{"floor":7,"key":"SteroidPotion"},{"floor":11,"key":"FearPotion"},{"floor":13,"key":"SpeedPotion"},{"floor":14,"key":"AttackPotion"},{"floor":14,"key":"EssenceOfSteel"},{"floor":16,"key":"FearPotion"}],"is_trial":false,"path_per_floor":["M","M","?","M","?","E","M","M","T","R","M","$","E","?","R","B",null,"M","M","T","T","?","E","?","R","T","M","M","E"],"character_chosen":"IRONCLAD","items_purchased":["Demon Form"],"campfire_rested":3,"item_purchase_floors":[12],"current_hp_per_floor":[87,88,81,87,87,41,42,7,7,33,37,37,17,17,43,40,88,81,78,78,78,78,33,33,59,59,31,14,0],"gold":275,"neow_bonus":"TEN_PERCENT_HP_BONUS","is_prod":false,"is_daily":false,"chose_seed":false,"campfire_upgraded":0,"win_rate":0,"timestamp":1552863028,"path_taken":["M","M","?","M","?","E","M","?","T","R","M","$","E","?","R","BOSS","M","?","?","?","?","E","?","R","T","M","?","E"],"build_version":"2019-01-23","purchased_purges":1,"victory":false,"max_hp_per_floor":[88,88,88,88,88,88,88,88,88,88,88,88,88,88,88,88,88,88,88,88,88,88,88,88,88,88,88,88,88],"card_choices":[{"not_picked":["Rupture","Perfected Strike"],"picked":"Armaments","floor":1},{"not_picked":["Fire Breathing","Havoc"],"picked":"True Grit","floor":2},{"not_picked":["Burning Pact","Entrench"],"picked":"Heavy Blade","floor":4},{"not_picked":["Sword Boomerang","Intimidate"],"picked":"Flex","floor":6},{"not_picked":["Wild Strike","Evolve"],"picked":"Seeing Red","floor":7},{"not_picked":["Headbutt","Sword Boomerang"],"picked":"Sentinel","floor":8},{"not_picked":["Flex","Fire Breathing"],"picked":"Rupture","floor":11},{"not_picked":["Second Wind","Infernal Blade"],"picked":"Power Through","floor":13},{"not_picked":["Berserk","Immolate"],"picked":"Juggernaut","floor":16},{"not_picked":["Clash","Anger","Reckless Charge+1"],"picked":"SKIP","floor":18},{"not_picked":["Thunderclap+1","Wild Strike+1"],"picked":"Sentinel+1","floor":19},{"not_picked":["Bludgeon","Headbutt+1","Pommel Strike"],"picked":"SKIP","floor":23},{"not_picked":["Pommel Strike","Dropkick+1","Clothesline+1"],"picked":"SKIP","floor":27},{"not_picked":["Fire Breathing+1","Exhume"],"picked":"Shrug It Off","floor":28}],"player_experience":240050,"relics_obtained":[{"floor":6,"key":"Dead Branch"},{"floor":9,"key":"Whetstone"},{"floor":13,"key":"Anchor"},{"floor":20,"key":"War Paint"},{"floor":21,"key":"Potion Belt"},{"floor":23,"key":"Gambling Chip"},{"floor":26,"key":"Gremlin Horn"}],"event_choices":[{"cards_removed":["Strike_R"],"damage_healed":0,"gold_gain":0,"player_choice":"Card Removal","damage_taken":7,"max_hp_gain":0,"max_hp_loss":0,"event_name":"Golden Wing","floor":3,"gold_loss":0},{"damage_healed":0,"gold_gain":0,"player_choice":"Upgraded","damage_taken":0,"max_hp_gain":0,"max_hp_loss":0,"event_name":"Upgrade Shrine","floor":5,"gold_loss":0,"cards_upgraded":["Armaments"]},{"damage_healed":0,"gold_gain":0,"player_choice":"Got Potions","damage_taken":0,"max_hp_gain":0,"max_hp_loss":0,"event_name":"Lab","floor":14,"gold_loss":0},{"damage_healed":0,"gold_gain":0,"player_choice":"Obtained Relic","damage_taken":0,"relics_obtained":["Blue Candle"],"max_hp_gain":0,"max_hp_loss":0,"event_name":"Addict","floor":22,"gold_loss":85},{"damage_healed":0,"gold_gain":0,"player_choice":"Traded Relic","damage_taken":0,"relics_obtained":["Nloth\u0027s Gift"],"max_hp_gain":0,"max_hp_loss":0,"event_name":"N\u0027loth","floor":24,"relics_lost":["War Paint"],"gold_loss":0}],"is_beta":false,"boss_relics":[{"not_picked":["Lizard Tail","Empty Cage"],"picked":"Black Blood"}],"items_purged_floors":[12],"is_endless":false,"potions_floor_spawned":[2,7,11,13,16,19],"killed_by":"Gremlin Leader","ascension_level":1}