{"gold_per_floor":[118,66,80,96,110,110,110,140,140,140,170,185,201,201,201,297,297,311,329,329,329,352,352,277,312,312,312,340,357,357,367,367,465,465,476,324,343,218,235,235,235,255,255,268,268,268,268,278,278,278],"floor_reached":50,"playtime":2959,"items_purged":["Strike_R","Strike_R","Brutality"],"score":462,"play_id":"fe6f954a-7d86-4990-84bf-e644abb952b3","local_time":"20181202103007","is_ascension_mode":false,"campfire_choices":[{"data":"Body Slam","floor":6,"key":"SMITH"},{"data":"Shrug It Off","floor":10,"key":"SMITH"},{"data":"Shrug It Off","floor":15,"key":"SMITH"},{"data":"Flame Barrier","floor":23,"key":"SMITH"},{"floor":30,"key":"REST"},{"floor":32,"key":"REST"},{"data":"Body Slam","floor":40,"key":"SMITH"},{"floor":46,"key":"REST"},{"floor":49,"key":"RECALL"}],"neow_cost":"NONE","seed_source_timestamp":113557076173608,"circlet_count":0,"master_deck":["Strike_R+1","Strike_R+1","Defend_R+1","Defend_R+1","Defend_R+1","Defend_R+1","Bash+1","Body Slam+1","Shrug It Off+1","Battle Trance+1","Shrug It Off+1","Shrug It Off+1","Impervious+1","Flame Barrier+1","Body Slam+1","Impervious+1","Body Slam+1"],"relics":["Velvet Choker","Mark of the Bloom"],"potions_floor_usage":[11,12,13,18,28,33,37,39,50],"damage_taken":[{"damage":3,"enemies":"Jaw Worm","floor":1,"turns":3},{"damage":0,"enemies":"Small Slimes","floor":3,"turns":3},{"damage":0,"enemies":"2 Louse","floor":4,"turns":2},{"damage":0,"enemies":"Looter","floor":5,"turns":3},{"damage":2,"enemies":"Lagavulin","floor":11,"turns":5},{"damage":0,"enemies":"Blue Slaver","floor":12,"turns":1},{"damage":0,"enemies":"3 Louse","floor":13,"turns":2},{"damage":43,"enemies":"The Guardian","floor":16,"turns":14},{"damage":2,"enemies":"3 Byrds","floor":18,"turns":8},{"damage":0,"enemies":"Shell Parasite","floor":19,"turns":5},{"damage":4,"enemies":"Colosseum Slavers","floor":21,"turns":7},{"damage":37,"enemies":"Masked Bandits","floor":25,"turns":6},{"damage":19,"enemies":"Gremlin Leader","floor":28,"turns":6},{"damage":0,"enemies":"Shelled Parasite and Fungi","floor":29,"turns":5},{"damage":26,"enemies":"Cultist and Chosen","floor":31,"turns":7},{"damage":92,"enemies":"Collector","floor":33,"turns":17},{"damage":0,"enemies":"Orb Walker","floor":35,"turns":3},{"damage":2,"enemies":"3 Darklings","floor":37,"turns":3},{"damage":16,"enemies":"Transient","floor":39,"turns":5},{"damage":0,"enemies":"4 Shapes","floor":42,"turns":3},{"damage":0,"enemies":"3 Darklings","floor":44,"turns":2},{"damage":25,"enemies":"Sphere and 2 Shapes","floor":48,"turns":5},{"damage":42,"enemies":"Time Eater","floor":50,"turns":10}],"seed_played":"1214962286587004510","potions_obtained":[{"floor":1,"key":"Poison Potion"},{"floor":3,"key":"Fire Potion"},{"floor":11,"key":"LiquidBronze"},{"floor":16,"key":"SkillPotion"},{"floor":25,"key":"GamblersBrew"},{"floor":31,"key":"Fire Potion"},{"floor":33,"key":"Explosive Potion"},{"floor":35,"key":"Fire Potion"},{"floor":39,"key":"FearPotion"}],"is_trial":false,"path_per_floor":["M","$","M","M","M","R","?","?","T","R","E","M","M","?","R","B",null,"M","M","?","?","T","R","$","?","T","?","E","M","R","M","R","B",null,"M","$","M","$","M","R","?","M","T","M","?","R","T","M","R","B"],"character_chosen":"IRONCLAD","items_purchased":["Shrug It Off","Body Slam"],"campfire_rested":3,"item_purchase_floors":[2,36],"current_hp_per_floor":[77,77,77,77,77,77,77,77,77,77,75,75,75,75,75,32,80,78,78,69,65,65,65,65,28,28,28,9,9,33,7,31,58,80,80,80,78,78,62,62,62,62,62,62,62,62,62,37,37,0],"gold":278,"neow_bonus":"BOSS_RELIC","is_prod":false,"is_daily":false,"chose_seed":false,"campfire_upgraded":5,"win_rate":0,"timestamp":1543743007,"path_taken":["M","$","M","M","M","R","?","?","T","R","E","M","M","?","R","BOSS","M","M","?","?","?","R","$","?","T","?","E","M","R","M","R","BOSS","M","$","M","?","M","R","?","M","T","M","?","R","?","?","R","BOSS"],"build_version":"2018-11-15","purchased_purges":3,"victory":false,"max_hp_per_floor":[80,80,80,80,80,80,80,80,80,80,80,80,80,80,80,80,80,80,80,80,80,80,80,80,80,80,80,80,80,80,80,80,80,80,80,80,80,80,80,80,80,80,80,80,80,80,80,80,80,80],"card_choices":[{"not_picked":["Corruption","Clothesline"],"picked":"Body Slam","floor":1},{"not_picked":["Inflame","Anger"],"picked":"Battle Trance","floor":3},{"not_picked":["Rampage","Flex","Iron Wave"],"picked":"SKIP","floor":4},{"not_picked":["Iron Wave","Headbutt"],"picked":"Shrug It Off","floor":5},{"not_picked":["Bludgeon","Twin Strike","Disarm"],"picked":"SKIP","floor":11},{"not_picked":["Power Through","Heavy Blade"],"picked":"Shrug It Off","floor":12},{"not_picked":["Armaments","Thunderclap","Headbutt"],"picked":"SKIP","floor":13},{"not_picked":["Immolate","Fiend Fire"],"picked":"Impervious","floor":16},{"not_picked":["Wild Strike+1","Perfected Strike"],"picked":"Flame Barrier","floor":18},{"not_picked":["Twin Strike","Cleave","Intimidate+1"],"picked":"SKIP","floor":19},{"not_picked":["Havoc+1","Headbutt+1"],"picked":"Body Slam","floor":25},{"not_picked":["Dual Wield+1","Impervious","Searing Blow"],"picked":"SKIP","floor":28},{"not_picked":["Thunderclap","Sword Boomerang","True Grit+1"],"picked":"SKIP","floor":29},{"not_picked":["Rupture","Perfected Strike","Sword Boomerang"],"picked":"SKIP","floor":31},{"not_picked":["Offering","Berserk"],"picked":"Impervious","floor":33},{"not_picked":["Heavy Blade+1","Intimidate+1","Pommel Strike"],"picked":"SKIP","floor":35},{"not_picked":["Iron Wave","Clothesline+1","Body Slam"],"picked":"SKIP","floor":37},{"not_picked":["Perfected Strike","Intimidate","Shockwave"],"picked":"SKIP","floor":39},{"not_picked":["Feel No Pain+1","Bloodletting","Clash"],"picked":"SKIP","floor":42},{"not_picked":["Sword Boomerang+1","Thunderclap","Reaper"],"picked":"SKIP","floor":44},{"not_picked":["Headbutt+1","Iron Wave+1","Wild Strike+1"],"picked":"SKIP","floor":48}],"player_experience":314225,"relics_obtained":[],"event_choices":[{"damage_healed":0,"gold_gain":0,"player_choice":"Ignored","damage_taken":0,"max_hp_gain":0,"max_hp_loss":0,"event_name":"Liars Game","floor":7,"gold_loss":0},{"damage_healed":0,"gold_gain":30,"player_choice":"Searched \u00271\u0027 times","damage_taken":0,"max_hp_gain":0,"max_hp_loss":0,"event_name":"Dead Adventurer","floor":8,"gold_loss":0},{"damage_healed":0,"gold_gain":0,"player_choice":"Ignored","damage_taken":0,"max_hp_gain":0,"max_hp_loss":0,"event_name":"Golden Idol","floor":14,"gold_loss":0},{"damage_healed":0,"gold_gain":0,"player_choice":"Stopped","damage_taken":9,"max_hp_gain":0,"max_hp_loss":0,"event_name":"Cursed Tome","floor":20,"gold_loss":0},{"damage_healed":0,"gold_gain":0,"player_choice":"Fight","damage_taken":0,"max_hp_gain":0,"max_hp_loss":0,"event_name":"Colosseum","floor":21,"gold_loss":0},{"damage_healed":0,"gold_gain":0,"player_choice":"Fled From Nobs","damage_taken":0,"max_hp_gain":0,"max_hp_loss":0,"event_name":"Colosseum","floor":21,"gold_loss":0},{"damage_healed":0,"gold_gain":0,"player_choice":"Fought Bandits","damage_taken":0,"max_hp_gain":0,"max_hp_loss":0,"event_name":"Masked Bandits","floor":25,"gold_loss":0},{"damage_healed":0,"gold_gain":0,"cards_transformed":["Strike_R"],"player_choice":"Transformed","damage_taken":0,"max_hp_gain":0,"max_hp_loss":0,"event_name":"Transmorgrifier","floor":27,"gold_loss":0,"cards_obtained":["Brutality"]},{"damage_healed":0,"gold_gain":0,"player_choice":"Upgrade","damage_taken":0,"relics_obtained":["Mark of the Bloom"],"max_hp_gain":0,"max_hp_loss":0,"event_name":"MindBloom","floor":41,"gold_loss":0,"cards_upgraded":["Strike_R","Strike_R","Defend_R","Defend_R","Defend_R","Defend_R","Bash","Shrug It Off","Battle Trance","Impervious","Impervious","Body Slam"]},{"damage_healed":0,"gold_gain":0,"player_choice":"Ignored","damage_taken":0,"max_hp_gain":0,"max_hp_loss":0,"event_name":"Tomb of Lord Red Mask","floor":45,"gold_loss":0}],"is_beta":false,"boss_relics":[{"not_picked":[]},{"not_picked":["Mark of Pain","Lizard Tail","Empty Cage"]}],"items_purged_floors":[24,36,38],"is_endless":false,"potions_floor_spawned":[1,3,11,16,25,31,33,35,39],"killed_by":"Time Eater","ascension_level":0}