{"gold_per_floor":[109,127,140,153,228,256,278,290,328,353,365,391,403,428,440,551,563,587,610,636,648,675,716,728,755,794,23,36,51,69,97,97,198,198,210,226,242,242,45,72,72,86,86,96,110,121,24,34,34,34,34,34,34,34],"floor_reached":54,"playtime":11571,"items_purged":["Defend_R","Defend_R"],"score":835,"play_id":"a9f6aabe-8a47-4be1-b278-daf9ba7fd032","local_time":"20190317162833","is_ascension_mode":true,"campfire_choices":[{"floor":8.0,"key":"REST"},{"data":"Armaments","floor":11.0,"key":"SMITH"},{"data":"Blind","floor":15.0,"key":"SMITH"},{"floor":24.0,"key":"REST"},{"data":"Double Tap","floor":32.0,"key":"SMITH"},{"floor":41,"key":"RECALL"},{"floor":49,"key":"REST"},{"data":"Limit Break","floor":52,"key":"SMITH"}],"neow_cost":"NONE","seed_source_timestamp":0,"circlet_count":0,"master_deck":["Strike_R","Strike_R","Strike_R","Strike_R","Strike_R","Defend_R","Defend_R","Bash","Blind+1","Flex","Inflame","Battle Trance","Armaments+1","Limit Break+1","Clash","Heavy Blade","Thunderclap","Perfected Strike","Reaper","True Grit","Shrug It Off","Iron Wave","Necronomicurse","Twin Strike+1","Pommel Strike","Shockwave+1","Master of Strategy","Second Wind","Evolve+1","Heavy Blade","Double Tap+1","Demon Form","Ghostly Armor","Flex","Headbutt","Trip","Whirlwind+1","Heavy Blade+1","Impatience","Impervious"],"special_seed":0,"relics":["Burning Blood","MawBank","Anchor","Sozu","Necronomicon","Lantern","Boot","Ornamental Fan","Self Forming Clay","Potion Belt","Velvet Choker","Bag of Marbles"],"potions_floor_usage":[33],"damage_taken":[{"damage":6.0,"enemies":"2 Louse","floor":1.0,"turns":2.0},{"damage":5.0,"enemies":"Cultist","floor":2.0,"turns":5.0},{"damage":0.0,"enemies":"Small Slimes","floor":3.0,"turns":3.0},{"damage":8.0,"enemies":"3 Louse","floor":4.0,"turns":4.0},{"damage":49.0,"enemies":"Lagavulin","floor":6.0,"turns":7.0},{"damage":10.0,"enemies":"Red Slaver","floor":7.0,"turns":4.0},{"damage":6.0,"enemies":"Exordium Wildlife","floor":10.0,"turns":4.0},{"damage":0.0,"enemies":"3 Louse","floor":12.0,"turns":2.0},{"damage":0.0,"enemies":"2 Fungi Beasts","floor":14.0,"turns":3.0},{"damage":50.0,"enemies":"Slime Boss","floor":16.0,"turns":10.0},{"damage":17.0,"enemies":"2 Thieves","floor":18.0,"turns":4.0},{"damage":5.0,"enemies":"Shell Parasite","floor":19.0,"turns":5.0},{"damage":6.0,"enemies":"Snecko","floor":20.0,"turns":4.0},{"damage":30.0,"enemies":"Shelled Parasite and Fungi","floor":22.0,"turns":3.0},{"damage":29.0,"enemies":"Book of Stabbing","floor":23.0,"turns":4.0},{"damage":11.0,"enemies":"Snake Plant","floor":25.0,"turns":2.0},{"damage":6.0,"enemies":"Centurion and Healer","floor":28.0,"turns":4.0},{"damage":0.0,"enemies":"Cultist and Chosen","floor":29.0,"turns":4.0},{"damage":2.0,"enemies":"3 Cultists","floor":30.0,"turns":3.0},{"damage":28.0,"enemies":"Slavers","floor":31.0,"turns":3.0},{"damage":55,"enemies":"Collector","floor":33,"turns":10},{"damage":0,"enemies":"Orb Walker","floor":35,"turns":2},{"damage":3,"enemies":"3 Darklings","floor":36,"turns":4},{"damage":0,"enemies":"Jaw Worm Horde","floor":37,"turns":3},{"damage":0,"enemies":"Giant Head","floor":40,"turns":5},{"damage":30,"enemies":"Writhing Mass","floor":42,"turns":5},{"damage":40,"enemies":"4 Shapes","floor":44,"turns":4},{"damage":8,"enemies":"Maw","floor":45,"turns":5},{"damage":28,"enemies":"Transient","floor":46,"turns":5},{"damage":16,"enemies":"Sphere and 2 Shapes","floor":48,"turns":4},{"damage":64,"enemies":"Awakened One","floor":50,"turns":8},{"damage":81,"enemies":"Shield and Spear","floor":54,"turns":5}],"seed_played":"-3816320122089764012","potions_obtained":[{"floor":6.0,"key":"FearPotion"},{"floor":12.0,"key":"Energy Potion"},{"floor":14.0,"key":"BloodPotion"},{"floor":16.0,"key":"GamblersBrew"}],"is_trial":false,"path_per_floor":["M","M","M","M","?","E","M","R","T","M","R","M","$","M","R","B",null,"M","M","M","?","M","E","R","M","T","$","M","M","M","E","R","B",null,"M","M","M","?","$","E","R","M","T","M","M","M","$","M","R","B",null,"R","$","E"],"character_chosen":"IRONCLAD","items_purchased":["Ornamental Fan","Self Forming Clay","Master of Strategy","Second Wind","Trip","Impatience"],"campfire_rested":3,"item_purchase_floors":[27,27,27,27,39,47],"current_hp_per_floor":[80,80,80,78,70,27,23,47,47,47,47,53,53,59,59,15,80,74,75,75,59,42,27,51,46,46,46,62,73,80,58,58,27,80,80,80,80,80,80,80,80,56,56,58,56,46,46,36,60,35,80,80,80,0],"gold":34,"neow_bonus":"RANDOM_COLORLESS","is_prod":false,"is_daily":false,"chose_seed":false,"campfire_upgraded":4,"win_rate":0,"timestamp":1552807713,"path_taken":["M","M","M","M","?","E","?","R","T","M","R","M","?","?","R","BOSS","M","M","M","?","M","E","R","M","T","$","M","M","M","E","R","BOSS","M","M","M","?","$","E","R","M","T","M","M","M","$","M","R","BOSS","R","$","E"],"build_version":"2019-01-23","purchased_purges":2,"victory":false,"max_hp_per_floor":[80,80,80,80,80,80,80,80,80,80,80,80,80,80,80,80,80,80,80,80,80,80,80,80,80,80,80,80,80,80,80,80,80,80,80,80,80,80,80,80,80,80,80,80,80,80,80,80,80,80,80,80,80,80],"card_choices":[{"not_picked":["Armaments","Sword Boomerang"],"picked":"Flex","floor":1.0},{"not_picked":["Thunderclap","Armaments"],"picked":"Inflame","floor":2.0},{"not_picked":["Cleave","Rage"],"picked":"Battle Trance","floor":3.0},{"not_picked":["Clash","Clothesline"],"picked":"Armaments","floor":4.0},{"not_picked":["Dropkick","Anger"],"picked":"Limit Break","floor":6.0},{"not_picked":["Body Slam","Cleave"],"picked":"Clash","floor":7.0},{"not_picked":["Iron Wave","Sever Soul"],"picked":"Heavy Blade","floor":10.0},{"not_picked":["Headbutt","Armaments"],"picked":"Thunderclap","floor":12.0},{"not_picked":["Searing Blow","True Grit"],"picked":"Perfected Strike","floor":14.0},{"not_picked":["Dark Embrace","Fiend Fire"],"picked":"Reaper","floor":16.0},{"not_picked":["Hemokinesis","Fire Breathing"],"picked":"True Grit","floor":18.0},{"not_picked":["Heavy Blade","Havoc+1"],"picked":"Shrug It Off","floor":19.0},{"not_picked":["Seeing Red","Anger"],"picked":"Iron Wave","floor":20.0},{"not_picked":["Blood for Blood","Combust"],"picked":"Twin Strike+1","floor":22.0},{"not_picked":["Clash","Feel No Pain"],"picked":"Pommel Strike","floor":23.0},{"not_picked":["Blood for Blood","Entrench+1"],"picked":"Shockwave+1","floor":25.0},{"not_picked":["Cleave","Twin Strike","Havoc"],"picked":"SKIP","floor":28.0},{"not_picked":["Body Slam","Disarm+1"],"picked":"Evolve+1","floor":29.0},{"not_picked":["Armaments","Cleave"],"picked":"Heavy Blade","floor":30.0},{"not_picked":["Armaments+1","Entrench"],"picked":"Double Tap","floor":31.0},{"not_picked":["Barricade","Offering"],"picked":"Demon Form","floor":33},{"not_picked":["Sever Soul+1","Anger"],"picked":"Ghostly Armor","floor":35},{"not_picked":["Clash+1","Clothesline+1"],"picked":"Flex","floor":36},{"not_picked":["Reckless Charge","Heavy Blade"],"picked":"Headbutt","floor":37},{"not_picked":["Sentinel+1","Sword Boomerang","True Grit+1"],"picked":"SKIP","floor":40},{"not_picked":["Seeing Red+1","Havoc","Shrug It Off"],"picked":"SKIP","floor":42},{"not_picked":["Pommel Strike","Wild Strike+1"],"picked":"Whirlwind+1","floor":44},{"not_picked":["Headbutt+1","Sword Boomerang+1"],"picked":"Heavy Blade+1","floor":45},{"not_picked":["Body Slam","Iron Wave+1","Twin Strike+1"],"picked":"SKIP","floor":46},{"not_picked":["Infernal Blade+1","Headbutt"],"picked":"Impervious","floor":48}],"player_experience":99635,"relics_obtained":[{"floor":6.0,"key":"MawBank"},{"floor":9.0,"key":"Anchor"},{"floor":21.0,"key":"Necronomicon"},{"floor":23.0,"key":"Lantern"},{"floor":26.0,"key":"Boot"},{"floor":31.0,"key":"Potion Belt"},{"floor":40,"key":"Bag of Marbles"}],"event_choices":[{"damage_healed":0.0,"max_hp_gain":0.0,"max_hp_loss":0.0,"gold_gain":75.0,"event_name":"FaceTrader","player_choice":"Touch","floor":5.0,"gold_loss":0.0,"damage_taken":8.0},{"damage_healed":0.0,"max_hp_gain":0.0,"max_hp_loss":0.0,"gold_gain":0.0,"event_name":"Cursed Tome","player_choice":"Obtained Book","floor":21.0,"gold_loss":0.0,"damage_taken":16.0},{"damage_healed":0,"gold_gain":0,"player_choice":"Ignored","damage_taken":0,"max_hp_gain":0,"max_hp_loss":0,"event_name":"NoteForYourself","floor":38,"gold_loss":0}],"is_beta":false,"boss_relics":[{"not_picked":["Pandora\u0027s Box","White Beast Statue"],"picked":"Sozu"},{"not_picked":["Empty Cage","Calling Bell"],"picked":"Velvet Choker"}],"items_purged_floors":[27,39],"is_endless":false,"potions_floor_spawned":[6,12,14,16,19,20,28,30,40,42,45,46],"killed_by":"Shield and Spear","ascension_level":1}