{"gold_per_floor":[113,123,140,140,157,182,182,182,250,261,271,271,64,81,81,185,185,198,210,225,225,237,237,237,15,15,0,0],"floor_reached":28,"playtime":1273,"items_purged":["Strike_G","Strike_G"],"score":255,"play_id":"0c59303d-46b1-4c2d-9c9e-d4e349cc0c4b","local_time":"20190319113241","is_ascension_mode":true,"campfire_choices":[{"floor":8.0,"key":"REST"},{"floor":12.0,"key":"REST"},{"data":"Footwork","floor":15.0,"key":"SMITH"},{"data":"Glass Knife","floor":23,"key":"SMITH"}],"neow_cost":"TEN_PERCENT_HP_LOSS","seed_source_timestamp":0,"circlet_count":0,"master_deck":["Defend_G","Defend_G","Defend_G","Defend_G","Defend_G","Strike_G","Survivor","Neutralize","Poisoned Stab","Dagger Spray","Poisoned Stab","Bane","Footwork+1","Deadly Poison+1","Malaise+1","Footwork","Acrobatics+1","Backflip+1","Glass Knife+1","Dodge and Roll+1","Blade Dance+1","Deflect+1","Bane","Choke","Dodge and Roll+1","Footwork"],"special_seed":0,"relics":["Ring of the Snake","Bird Faced Urn","The Specimen","Toxic Egg 2","Runic Pyramid","Meat on the Bone"],"potions_floor_usage":[20,22,28],"damage_taken":[{"damage":4.0,"enemies":"Small Slimes","floor":1.0,"turns":5.0},{"damage":0.0,"enemies":"2 Louse","floor":2.0,"turns":2.0},{"damage":0.0,"enemies":"Cultist","floor":3.0,"turns":3.0},{"damage":0.0,"enemies":"Gremlin Gang","floor":5.0,"turns":3.0},{"damage":49.0,"enemies":"Gremlin Nob","floor":6.0,"turns":5.0},{"damage":0.0,"enemies":"2 Fungi Beasts","floor":10.0,"turns":4.0},{"damage":9.0,"enemies":"3 Louse","floor":11.0,"turns":3.0},{"damage":1.0,"enemies":"Large Slime","floor":14.0,"turns":5.0},{"damage":1.0,"enemies":"The Guardian","floor":16.0,"turns":12.0},{"damage":19.0,"enemies":"2 Thieves","floor":18.0,"turns":4.0},{"damage":0,"enemies":"3 Byrds","floor":19,"turns":6},{"damage":5,"enemies":"Shelled Parasite and Fungi","floor":20,"turns":7},{"damage":12,"enemies":"Snake Plant","floor":22,"turns":7},{"damage":40,"enemies":"Slavers","floor":28,"turns":3}],"seed_played":"-6992706311863256407","potions_obtained":[{"floor":5.0,"key":"FairyPotion"},{"floor":10.0,"key":"Weak Potion"},{"floor":14.0,"key":"SpeedPotion"},{"floor":16.0,"key":"Poison Potion"},{"floor":19,"key":"Energy Potion"}],"is_trial":false,"path_per_floor":["M","M","M","?","M","E","?","R","T","M","M","R","$","M","R","B",null,"M","M","M","?","M","R","?","$","T","?","E"],"character_chosen":"THE_SILENT","items_purchased":["Footwork","Acrobatics+1","Dodge and Roll+1","Footwork"],"campfire_rested":2,"item_purchase_floors":[13,13,25,25],"current_hp_per_floor":[59,59,59,59,59,10,10,28,28,30,23,41,41,44,44,47,63,44,48,47,47,39,39,28,28,28,28,0],"gold":0,"neow_bonus":"ONE_RARE_RELIC","is_prod":false,"is_daily":false,"chose_seed":false,"campfire_upgraded":2,"win_rate":0,"timestamp":1553020361,"path_taken":["M","M","M","?","M","E","?","R","T","M","M","R","$","M","R","BOSS","M","M","M","?","M","R","?","$","T","?","E"],"build_version":"2019-01-23","purchased_purges":2,"victory":false,"max_hp_per_floor":[63,63,63,63,63,63,63,63,63,63,63,63,63,63,63,63,63,63,63,63,63,63,63,68,68,68,68,68],"card_choices":[{"not_picked":["Deflect","Prepared"],"picked":"Poisoned Stab","floor":1.0},{"not_picked":["Dagger Throw","Deflect"],"picked":"Dagger Spray","floor":2.0},{"not_picked":["Underhanded Strike","Acrobatics"],"picked":"Poisoned Stab","floor":3.0},{"not_picked":["Dodge and Roll","Sucker Punch"],"picked":"Bane","floor":5.0},{"not_picked":["Dagger Spray","Caltrops"],"picked":"Footwork","floor":6.0},{"not_picked":["Concentrate+1","Prepared+1"],"picked":"Deadly Poison+1","floor":10.0},{"not_picked":["Footwork","PiercingWail+1"],"picked":"Malaise+1","floor":11.0},{"not_picked":["Deflect+1","Escape Plan+1"],"picked":"Backflip+1","floor":14.0},{"not_picked":["Wraith Form v2","A Thousand Cuts"],"picked":"Glass Knife","floor":16.0},{"not_picked":["Tactician+1","All Out Attack+1"],"picked":"Dodge and Roll+1","floor":18},{"not_picked":["Riddle With Holes+1","Acrobatics+1"],"picked":"Blade Dance+1","floor":19},{"not_picked":["Predator","Sucker Punch"],"picked":"Deflect+1","floor":20},{"not_picked":["Sucker Punch","Choke","All Out Attack"],"picked":"SKIP","floor":22}],"player_experience":44280,"relics_obtained":[{"floor":6.0,"key":"The Specimen"},{"floor":9.0,"key":"Toxic Egg 2"},{"floor":26,"key":"Meat on the Bone"}],"event_choices":[{"damage_healed":0.0,"max_hp_gain":0.0,"max_hp_loss":0.0,"gold_gain":0.0,"event_name":"Liars Game","player_choice":"Ignored","floor":4.0,"gold_loss":0.0,"damage_taken":0.0},{"damage_healed":0.0,"max_hp_gain":0.0,"max_hp_loss":0.0,"gold_gain":0.0,"event_name":"Shining Light","player_choice":"Ignored","floor":7.0,"gold_loss":0.0,"damage_taken":0.0},{"damage_healed":0,"gold_gain":0,"cards_transformed":["Strike_G","Strike_G"],"player_choice":"Became Test Subject","damage_taken":0,"max_hp_gain":0,"max_hp_loss":0,"event_name":"Drug Dealer","floor":21,"gold_loss":0,"cards_obtained":["Bane","Choke"]},{"damage_healed":0,"gold_gain":0,"player_choice":"Shed Blood","damage_taken":16,"max_hp_gain":5,"max_hp_loss":0,"event_name":"Forgotten Altar","floor":24,"gold_loss":0},{"damage_healed":0,"gold_gain":0,"player_choice":"Paid Fearfully","damage_taken":0,"max_hp_gain":0,"max_hp_loss":0,"event_name":"Masked Bandits","floor":27,"gold_loss":15}],"is_beta":false,"boss_relics":[{"not_picked":["Black Star","White Beast Statue"],"picked":"Runic Pyramid"}],"items_purged_floors":[13,25],"is_endless":false,"potions_floor_spawned":[5,10,14,16,19],"killed_by":"Slavers","ascension_level":3}