{"gold_per_floor":[117,129,129,145,163,163,182,200,280,292,318,196,214,214,214,319,319,334,344,344,394,394],"floor_reached":22,"playtime":1709,"items_purged":["Strike_R"],"score":182,"play_id":"83ee57b9-61ce-4537-a4c2-2f5886dba658","local_time":"20190105223817","is_ascension_mode":false,"campfire_choices":[{"data":"Pommel Strike","floor":6,"key":"SMITH"},{"data":"Perfected Strike","floor":15,"key":"SMITH"}],"neow_cost":"NONE","seed_source_timestamp":363083565231789,"circlet_count":0,"master_deck":["Strike_R","Strike_R","Defend_R","Defend_R","Defend_R","Defend_R","Bash","Rage","Pommel Strike+1","Fire Breathing","Perfected Strike","Pommel Strike","Perfected Strike+1","Shockwave","Entrench","Shrug It Off","Rampage+1","Barricade","True Grit","Flame Barrier","Thunderclap+1","Perfected Strike+1"],"relics":["Burning Blood","Molten Egg 2","Odd Mushroom","Orrery","SsserpentHead"],"potions_floor_usage":[21,22],"damage_taken":[{"damage":5,"enemies":"Jaw Worm","floor":1,"turns":6},{"damage":0,"enemies":"Small Slimes","floor":2,"turns":3},{"damage":4,"enemies":"Cultist","floor":4,"turns":4},{"damage":10,"enemies":"3 Louse","floor":5,"turns":4},{"damage":14,"enemies":"Looter","floor":7,"turns":3},{"damage":7,"enemies":"Blue Slaver","floor":8,"turns":3},{"damage":3,"enemies":"3 Louse","floor":10,"turns":4},{"damage":35,"enemies":"The Mushroom Lair","floor":11,"turns":5},{"damage":2,"enemies":"Looter","floor":13,"turns":2},{"damage":27,"enemies":"Slime Boss","floor":16,"turns":9},{"damage":34,"enemies":"3 Byrds","floor":18,"turns":5},{"damage":38,"enemies":"Spheric Guardian","floor":19,"turns":6},{"damage":7,"enemies":"Snake Plant","floor":21,"turns":2},{"damage":24,"enemies":"Centurion and Healer","floor":22,"turns":6}],"seed_played":"7881339450062691495","potions_obtained":[{"floor":1,"key":"EssenceOfSteel"},{"floor":2,"key":"Block Potion"},{"floor":5,"key":"SmokeBomb"}],"is_trial":false,"path_per_floor":["M","M","?","M","M","R","M","M","T","M","?","$","M","?","R","B",null,"M","M","?","M","M"],"character_chosen":"IRONCLAD","items_purchased":["Shrug It Off"],"campfire_rested":0,"item_purchase_floors":[12],"current_hp_per_floor":[80,80,80,80,76,76,68,67,67,70,41,41,45,50,50,29,85,57,25,25,24,0],"gold":394,"neow_bonus":"TRANSFORM_CARD","is_prod":false,"is_daily":false,"chose_seed":false,"campfire_upgraded":2,"win_rate":0.0,"timestamp":1546745897,"path_taken":["M","M","?","M","M","R","M","M","T","M","?","$","M","?","R","BOSS","M","M","?","?","M"],"build_version":"2018-12-20","purchased_purges":1,"victory":false,"max_hp_per_floor":[80,80,80,80,80,80,80,80,80,80,80,80,80,85,85,85,85,85,85,85,85,85],"card_choices":[{"not_picked":["Dual Wield","Feel No Pain"],"picked":"Pommel Strike","floor":1},{"not_picked":["Metallicize","Second Wind"],"picked":"Fire Breathing","floor":2},{"not_picked":["Iron Wave","Sword Boomerang"],"picked":"Perfected Strike","floor":4},{"not_picked":["Blood for Blood","Anger"],"picked":"Pommel Strike","floor":5},{"not_picked":["Armaments","Headbutt"],"picked":"Perfected Strike","floor":7},{"not_picked":["Clash","Iron Wave","Power Through"],"picked":"SKIP","floor":8},{"not_picked":["Rupture","Perfected Strike+1"],"picked":"Shockwave","floor":10},{"not_picked":["Clothesline+1","Bloodletting"],"picked":"Entrench","floor":11},{"not_picked":["Shrug It Off","Second Wind"],"picked":"Rampage+1","floor":13},{"not_picked":["Brutality","Juggernaut"],"picked":"Barricade","floor":16},{"not_picked":["Twin Strike+1","Clash+1"],"picked":"True Grit","floor":17},{"not_picked":["Clash+1","Berserk"],"picked":"Flame Barrier","floor":17},{"not_picked":["True Grit","Clothesline+1"],"picked":"Thunderclap+1","floor":17},{"not_picked":["Armaments","Shrug It Off"],"picked":"Perfected Strike+1","floor":18},{"not_picked":["Sever Soul+1","Blood for Blood+1","Clothesline+1"],"picked":"SKIP","floor":19}],"player_experience":103601,"relics_obtained":[{"floor":9,"key":"Molten Egg 2"},{"floor":11,"key":"Odd Mushroom"}],"event_choices":[{"cards_removed":["Strike_R"],"damage_healed":0,"gold_gain":0,"player_choice":"Forget","damage_taken":0,"max_hp_gain":0,"max_hp_loss":0,"event_name":"Living Wall","floor":3,"gold_loss":0},{"damage_healed":0,"gold_gain":0,"player_choice":"Fought Mushrooms","damage_taken":0,"max_hp_gain":0,"max_hp_loss":0,"event_name":"Mushrooms","floor":11,"gold_loss":0},{"damage_healed":0,"gold_gain":0,"player_choice":"Donut","damage_taken":0,"max_hp_gain":5,"max_hp_loss":0,"event_name":"Big Fish","floor":14,"gold_loss":0},{"damage_healed":0,"gold_gain":0,"player_choice":"Trade","damage_taken":0,"relics_obtained":["SsserpentHead"],"max_hp_gain":0,"max_hp_loss":0,"event_name":"FaceTrader","floor":20,"gold_loss":0}],"is_beta":false,"boss_relics":[{"not_picked":["Ectoplasm","Runic Dome"],"picked":"Orrery"}],"items_purged_floors":[12],"is_endless":false,"potions_floor_spawned":[1,2,5,11,21],"killed_by":"Centurion and Healer","ascension_level":0}