{"gold_per_floor":[117,117,137,62,62,62,86,99,152,176,251,275,275,275,275,406,406,421,198,217,241,241,276,276],"floor_reached":24,"playtime":1264,"items_purged":[],"score":308,"play_id":"48627bf9-7104-44be-a046-c0728f4341c5","local_time":"20190321144248","is_ascension_mode":false,"campfire_choices":[{"data":"Bash","floor":6,"key":"SMITH"},{"data":"Whirlwind","floor":13,"key":"SMITH"},{"floor":15,"key":"REST"}],"neow_cost":"","seed_source_timestamp":0,"circlet_count":0,"master_deck":["Strike_R","Strike_R","Strike_R","Strike_R","Strike_R","Defend_R","Defend_R","Defend_R+1","Defend_R+1","Bash+1","Iron Wave","Cleave","Whirlwind+1","Shrug It Off","Dropkick","Pummel","Berserk","Twin Strike","Inflame","Inflame","Pummel+1","Ghostly Armor"],"relics":["Burning Blood","Golden Idol","War Paint","Pen Nib","Black Star","Membership Card","Vajra","Girya","Bottled Flame"],"potions_floor_usage":[16,16,20,21],"damage_taken":[{"damage":6,"enemies":"Cultist","floor":1,"turns":3},{"damage":0,"enemies":"2 Louse","floor":3,"turns":3},{"damage":1,"enemies":"Jaw Worm","floor":7,"turns":3},{"damage":0,"enemies":"3 Louse","floor":8,"turns":1},{"damage":13,"enemies":"Gremlin Gang","floor":10,"turns":3},{"damage":16,"enemies":"Large Slime","floor":12,"turns":6},{"damage":8,"enemies":"Slime Boss","floor":16,"turns":8},{"damage":28,"enemies":"Shell Parasite","floor":18,"turns":5},{"damage":5,"enemies":"2 Thieves","floor":20,"turns":2},{"damage":34,"enemies":"Centurion and Healer","floor":21,"turns":5},{"damage":28,"enemies":"Gremlin Leader","floor":23,"turns":5},{"damage":16,"enemies":"Snake Plant","floor":24,"turns":3}],"seed_played":"8283978409732635407","potions_obtained":[{"floor":3,"key":"LiquidBronze"},{"floor":7,"key":"Ancient Potion"},{"floor":10,"key":"Regen Potion"},{"floor":12,"key":"PowerPotion"},{"floor":18,"key":"Fruit Juice"},{"floor":20,"key":"Weak Potion"}],"is_trial":true,"path_per_floor":["M","$","M","$","?","R","M","M","T","M","?","M","R","?","R","B",null,"M","$","M","M","?","E","M"],"character_chosen":"IRONCLAD","items_purchased":["Whirlwind","Membership Card","Inflame"],"campfire_rested":1,"item_purchase_floors":[4,19,19],"current_hp_per_floor":[80,80,80,80,60,60,65,71,71,64,53,43,43,31,55,68,80,58,58,64,36,36,14,0],"gold":276,"neow_bonus":"","is_prod":false,"is_daily":false,"chose_seed":false,"campfire_upgraded":2,"win_rate":0,"timestamp":1553179368,"path_taken":["M","?","?","$","?","R","M","M","T","M","?","M","R","?","R","BOSS","M","$","M","M","?","E","M"],"build_version":"2019-01-23","purchased_purges":0,"victory":false,"max_hp_per_floor":[80,80,80,80,80,80,80,80,80,80,80,80,80,80,80,80,80,80,80,85,85,85,85,85],"card_choices":[{"not_picked":["Headbutt","Havoc"],"picked":"Iron Wave","floor":1},{"not_picked":["Thunderclap","Pommel Strike"],"picked":"Cleave","floor":3},{"not_picked":["Heavy Blade","Sword Boomerang"],"picked":"Shrug It Off","floor":7},{"not_picked":["Heavy Blade","Berserk"],"picked":"Dropkick","floor":8},{"not_picked":["Cleave","True Grit","Warcry"],"picked":"SKIP","floor":10},{"not_picked":["Perfected Strike","Flex"],"picked":"Pummel","floor":12},{"not_picked":["Exhume","Limit Break"],"picked":"Berserk","floor":16},{"not_picked":["Shrug It Off","Rage"],"picked":"Twin Strike","floor":18},{"not_picked":["Havoc","Cleave"],"picked":"Inflame","floor":20},{"not_picked":["Corruption","Pommel Strike"],"picked":"Pummel+1","floor":21},{"not_picked":["Whirlwind","Carnage"],"picked":"Ghostly Armor","floor":23}],"player_experience":1602714,"relics_obtained":[{"floor":9,"key":"War Paint"},{"floor":23,"key":"Girya"},{"floor":23,"key":"Bottled Flame"}],"event_choices":[{"damage_healed":0,"gold_gain":0,"player_choice":"Take Damage","damage_taken":20,"relics_obtained":["Golden Idol"],"max_hp_gain":0,"max_hp_loss":0,"event_name":"Golden Idol","floor":5,"gold_loss":0},{"damage_healed":0,"gold_gain":75,"player_choice":"Gather Gold","damage_taken":11,"max_hp_gain":0,"max_hp_loss":0,"event_name":"World of Goop","floor":11,"gold_loss":0},{"damage_healed":0,"gold_gain":0,"player_choice":"Success","damage_taken":12,"relics_obtained":["Pen Nib"],"max_hp_gain":0,"max_hp_loss":0,"event_name":"Scrap Ooze","floor":14,"gold_loss":0},{"damage_healed":0,"gold_gain":0,"player_choice":"Opened","damage_taken":0,"relics_obtained":["Vajra"],"max_hp_gain":0,"max_hp_loss":0,"event_name":"The Mausoleum","floor":22,"gold_loss":0}],"is_beta":false,"boss_relics":[{"not_picked":["Lizard Tail","Velvet Choker"],"picked":"Black Star"}],"items_purged_floors":[],"is_endless":true,"potions_floor_spawned":[3,7,10,12,18,20],"killed_by":"Snake Plant","ascension_level":0}