{"gold_per_floor":[19,19,19,36,47,75,75,106,130,142,173,185,208,236,248,361,373,405,405,36,49,49,81,81,81,104,104,104,120,120,131,131,131],"floor_reached":33,"playtime":1510,"items_purged":["Strike_R"],"score":346,"play_id":"bc07c9e0-d147-482c-960f-0cbb6690f45d","local_time":"20190327182532","is_ascension_mode":true,"campfire_choices":[{"data":"Bash","floor":7,"key":"SMITH"},{"data":"True Grit","floor":10,"key":"SMITH"},{"data":"Uppercut","floor":12,"key":"SMITH"},{"data":"Rampage","floor":15,"key":"SMITH"},{"floor":25,"key":"REST"},{"data":"Corruption","floor":27,"key":"SMITH"},{"data":"Metallicize","floor":30,"key":"SMITH"},{"floor":32,"key":"REST"}],"neow_cost":"NO_GOLD","seed_source_timestamp":302597571392245,"circlet_count":0,"master_deck":["Strike_R","Strike_R","Defend_R","Defend_R","Defend_R","Defend_R","Bash+1","Rampage+1","True Grit+1","Headbutt","Iron Wave","Corruption+1","Uppercut+1","Twin Strike","Headbutt","Reaper","Shockwave","Armaments","True Grit","Seeing Red","Disarm","Dropkick","Rampage","Reaper","Metallicize+1","Twin Strike+1","RitualDagger","Twin Strike+1","Disarm","Shrug It Off+1","Battle Trance+1"],"relics":["Burning Blood","Turnip","Blood Vial","Ancient Tea Set","MawBank","Orrery","Bird Faced Urn","Regal Pillow","Oddly Smooth Stone"],"potions_floor_usage":[16,19,19,21,23],"damage_taken":[{"damage":10,"enemies":"2 Louse","floor":1,"turns":3},{"damage":1,"enemies":"Cultist","floor":4,"turns":3},{"damage":0,"enemies":"Jaw Worm","floor":5,"turns":4},{"damage":23,"enemies":"Lagavulin","floor":6,"turns":7},{"damage":27,"enemies":"Gremlin Nob","floor":8,"turns":4},{"damage":4,"enemies":"3 Louse","floor":11,"turns":3},{"damage":0,"enemies":"Exordium Wildlife","floor":13,"turns":3},{"damage":9,"enemies":"Red Slaver","floor":14,"turns":5},{"damage":47,"enemies":"Hexaghost","floor":16,"turns":8},{"damage":8,"enemies":"Chosen","floor":18,"turns":6},{"damage":12,"enemies":"2 Thieves","floor":19,"turns":4},{"damage":35,"enemies":"Centurion and Healer","floor":21,"turns":9},{"damage":70,"enemies":"Gremlin Leader","floor":23,"turns":10},{"damage":24,"enemies":"Cultist and Chosen","floor":29,"turns":9},{"damage":6,"enemies":"Snake Plant","floor":31,"turns":5},{"damage":96,"enemies":"Automaton","floor":33,"turns":10}],"seed_played":"5431082948363716219","potions_obtained":[{"floor":1,"key":"Explosive Potion"},{"floor":4,"key":"SkillPotion"},{"floor":6,"key":"EssenceOfSteel"},{"floor":19,"key":"EssenceOfSteel"},{"floor":21,"key":"SteroidPotion"},{"floor":31,"key":"Fire Potion"}],"is_trial":false,"path_per_floor":["M","?","?","M","M","E","R","E","T","R","M","R","M","M","R","B",null,"M","M","$","M","?","E","?","R","T","R","?","M","R","M","R","B"],"character_chosen":"IRONCLAD","items_purchased":["Rampage","Reaper","Metallicize"],"campfire_rested":2,"item_purchase_floors":[20,20,20],"current_hp_per_floor":[76,69,69,74,80,63,63,44,44,44,48,48,56,55,55,16,64,70,66,66,47,41,18,18,42,42,42,42,42,42,50,80,0],"gold":131,"neow_bonus":"ONE_RARE_RELIC","is_prod":false,"is_daily":false,"chose_seed":false,"campfire_upgraded":6,"win_rate":0,"timestamp":1553732732,"path_taken":["M","?","?","?","M","E","R","E","T","R","M","R","M","?","R","BOSS","M","M","$","M","?","E","?","R","T","R","?","M","R","M","R","BOSS"],"build_version":"2019-01-23","purchased_purges":1,"victory":false,"max_hp_per_floor":[80,80,80,80,80,80,80,80,80,80,80,80,80,80,80,80,80,80,80,80,80,80,80,80,80,80,80,80,80,80,80,80,80],"card_choices":[{"not_picked":["Dropkick","Corruption"],"picked":"Rampage","floor":1},{"not_picked":["Searing Blow","Thunderclap"],"picked":"True Grit","floor":4},{"not_picked":["Cleave","Shrug It Off"],"picked":"Headbutt","floor":5},{"not_picked":["Clash","Infernal Blade"],"picked":"Iron Wave","floor":6},{"not_picked":["Rage","Combust"],"picked":"Corruption","floor":8},{"not_picked":["Dual Wield","Bloodletting"],"picked":"Uppercut","floor":11},{"not_picked":["Heavy Blade","Clash"],"picked":"Twin Strike","floor":13},{"not_picked":["Warcry","Wild Strike"],"picked":"Headbutt","floor":14},{"not_picked":["Exhume","Double Tap"],"picked":"Reaper","floor":16},{"not_picked":["Carnage","Iron Wave"],"picked":"Shockwave","floor":17},{"not_picked":["Burning Pact","Havoc"],"picked":"Armaments","floor":17},{"not_picked":["Thunderclap","Perfected Strike"],"picked":"True Grit","floor":17},{"not_picked":["Infernal Blade","Hemokinesis"],"picked":"Seeing Red","floor":17},{"not_picked":["Cleave","Clash"],"picked":"Disarm","floor":18},{"not_picked":["Headbutt","Reckless Charge"],"picked":"Dropkick","floor":19},{"not_picked":["Sever Soul+1","Heavy Blade"],"picked":"Twin Strike+1","floor":21},{"not_picked":["Wild Strike+1","Brutality"],"picked":"Twin Strike+1","floor":23},{"not_picked":["Clash","Heavy Blade+1"],"picked":"Shrug It Off+1","floor":29},{"not_picked":["Sword Boomerang+1","Thunderclap"],"picked":"Battle Trance+1","floor":31}],"player_experience":340765,"relics_obtained":[{"floor":6,"key":"Blood Vial"},{"floor":8,"key":"Ancient Tea Set"},{"floor":9,"key":"MawBank"},{"floor":23,"key":"Bird Faced Urn"},{"floor":26,"key":"Regal Pillow"}],"event_choices":[{"cards_removed":["Strike_R"],"damage_healed":0,"gold_gain":0,"player_choice":"Card Removal","damage_taken":7,"max_hp_gain":0,"max_hp_loss":0,"event_name":"Golden Wing","floor":2,"gold_loss":0},{"cards_removed":["Strike_R"],"damage_healed":0,"gold_gain":0,"player_choice":"Purged","damage_taken":0,"max_hp_gain":0,"max_hp_loss":0,"event_name":"Purifier","floor":3,"gold_loss":0},{"damage_healed":0,"gold_gain":0,"player_choice":"Joined the Cult","damage_taken":6,"max_hp_gain":0,"max_hp_loss":0,"event_name":"Nest","floor":22,"gold_loss":0,"cards_obtained":["RitualDagger"]},{"damage_healed":0,"gold_gain":0,"player_choice":"Read","damage_taken":0,"max_hp_gain":0,"max_hp_loss":0,"event_name":"The Library","floor":24,"gold_loss":0,"cards_obtained":["Disarm"]},{"damage_healed":0,"gold_gain":0,"player_choice":"Opened","damage_taken":0,"relics_obtained":["Oddly Smooth Stone"],"max_hp_gain":0,"max_hp_loss":0,"event_name":"The Mausoleum","floor":28,"gold_loss":0}],"is_beta":false,"boss_relics":[{"not_picked":["Runic Pyramid","Ectoplasm"],"picked":"Orrery"}],"items_purged_floors":[20],"is_endless":false,"potions_floor_spawned":[1,4,6,11,19,21,31],"killed_by":"Automaton","ascension_level":5}