{"gold_per_floor":[112,132,145,70,82,82,117,117,117,138,157,157,196,210,210,210],"floor_reached":16,"playtime":622,"items_purged":["Strike_R"],"score":177,"play_id":"256039f3-6fa2-43c3-873e-6ffe5ff48f15","local_time":"20190502223041","is_ascension_mode":true,"campfire_choices":[{"data":"Uppercut","floor":6.0,"key":"SMITH"},{"data":"Armaments","floor":12.0,"key":"SMITH"},{"data":"Iron Wave","floor":15.0,"key":"SMITH"}],"neow_cost":"NONE","seed_source_timestamp":1688717077560085,"circlet_count":0,"master_deck":["AscendersBane","Strike_R","Strike_R","Strike_R","Strike_R","Defend_R","Defend_R","Defend_R","Defend_R","Bash","Uppercut+1","True Grit","Pommel Strike","Iron Wave+1","Shrug It Off","Armaments+1"],"special_seed":0,"relics":["Burning Blood","Regal Pillow","Golden Idol","PreservedInsect","Letter Opener"],"potions_floor_usage":[],"damage_taken":[{"damage":0.0,"enemies":"2 Louse","floor":1.0,"turns":3.0},{"damage":4.0,"enemies":"Jaw Worm","floor":2.0,"turns":4.0},{"damage":6.0,"enemies":"Cultist","floor":3.0,"turns":3.0},{"damage":11.0,"enemies":"2 Fungi Beasts","floor":5.0,"turns":3.0},{"damage":31.0,"enemies":"3 Sentries","floor":7.0,"turns":6.0},{"damage":13.0,"enemies":"3 Louse","floor":10.0,"turns":4.0},{"damage":0.0,"enemies":"Large Slime","floor":11.0,"turns":6.0},{"damage":3.0,"enemies":"Gremlin Nob","floor":13.0,"turns":3.0},{"damage":29.0,"enemies":"Exordium Thugs","floor":14.0,"turns":7.0},{"damage":40,"enemies":"The Guardian","floor":16,"turns":8}],"seed_played":"-6844269151493434099","potions_obtained":[{"floor":2.0,"key":"Poison Potion"},{"floor":3.0,"key":"Strength Potion"},{"floor":7.0,"key":"BloodPotion"}],"is_trial":false,"path_per_floor":["M","M","M","$","M","R","E","?","T","M","M","R","E","M","R","B"],"character_chosen":"IRONCLAD","items_purchased":[],"campfire_rested":0,"item_purchase_floors":[],"current_hp_per_floor":[78,80,80,80,75,75,50,50,50,43,49,49,52,29,29,0],"gold":210,"neow_bonus":"THREE_CARDS","is_prod":false,"is_daily":false,"chose_seed":false,"campfire_upgraded":3,"win_rate":0,"timestamp":1556803841,"path_taken":["M","M","M","$","M","R","E","?","T","M","M","R","E","M","R","BOSS"],"build_version":"2019-01-23","purchased_purges":1,"victory":false,"max_hp_per_floor":[80,80,80,80,80,80,80,74,74,74,74,74,74,74,74,74],"card_choices":[{"not_picked":["Sword Boomerang","Headbutt"],"picked":"Uppercut","floor":0.0},{"not_picked":["Clash","Flame Barrier"],"picked":"True Grit","floor":1.0},{"not_picked":["Power Through","Clothesline"],"picked":"Pommel Strike","floor":2.0},{"not_picked":["Havoc","Flex"],"picked":"Iron Wave","floor":3.0},{"not_picked":["Metallicize","Cleave"],"picked":"Shrug It Off","floor":5.0},{"not_picked":["Flex","Brutality"],"picked":"Armaments","floor":7.0},{"not_picked":["Body Slam","Iron Wave","Wild Strike"],"picked":"SKIP","floor":10.0},{"not_picked":["Fire Breathing","Exhume","Carnage"],"picked":"SKIP","floor":11.0},{"not_picked":["Wild Strike","Hemokinesis","Intimidate"],"picked":"SKIP","floor":13.0},{"not_picked":["Carnage","Combust","Rampage"],"picked":"SKIP","floor":14.0}],"player_experience":475725,"relics_obtained":[{"floor":7.0,"key":"Regal Pillow"},{"floor":9.0,"key":"PreservedInsect"},{"floor":13.0,"key":"Letter Opener"}],"event_choices":[{"damage_healed":0.0,"max_hp_gain":0.0,"max_hp_loss":6.0,"gold_gain":0.0,"event_name":"Golden Idol","player_choice":"Lose Max HP","floor":8.0,"gold_loss":0.0,"damage_taken":0.0,"relics_obtained":["Golden Idol"]}],"is_beta":false,"boss_relics":[],"items_purged_floors":[4],"is_endless":false,"potions_floor_spawned":[2,3,7,11],"killed_by":"The Guardian","ascension_level":11}