{"gold_per_floor":[118,118,138,63,81,107,19,19,19,29,29,29,29],"floor_reached":13,"playtime":466,"items_purged":["Strike_R"],"score":154,"play_id":"8a635bbb-ceba-49af-9622-7e8ee45ee7cf","local_time":"20190501150631","is_ascension_mode":true,"campfire_choices":[{"floor":11,"key":"REST"}],"neow_cost":"NONE","seed_source_timestamp":47687863893692,"circlet_count":0,"master_deck":["AscendersBane","Strike_R","Strike_R","Strike_R","Defend_R","Defend_R","Defend_R","Defend_R","Bash+1","Uppercut","Armaments","Shockwave"],"relics":["Burning Blood","Dodecahedron","Mummified Hand"],"potions_floor_usage":[6,6],"damage_taken":[{"damage":16,"enemies":"Jaw Worm","floor":1,"turns":6},{"damage":1,"enemies":"Cultist","floor":3,"turns":3},{"damage":5,"enemies":"Small Slimes","floor":5,"turns":4},{"damage":33,"enemies":"Lagavulin","floor":6,"turns":8},{"damage":28,"enemies":"Exordium Thugs","floor":10,"turns":8},{"damage":55,"enemies":"3 Sentries","floor":13,"turns":6}],"seed_played":"-4802697315290014131","potions_obtained":[{"floor":1,"key":"SkillPotion"},{"floor":5,"key":"Poison Potion"}],"is_trial":false,"path_per_floor":["M","?","M","$","M","E","$","?","T","M","R","$","E"],"character_chosen":"IRONCLAD","items_purchased":["Shockwave"],"campfire_rested":1,"item_purchase_floors":[7],"current_hp_per_floor":[65,65,70,70,71,44,44,44,44,22,46,46,0],"gold":29,"neow_bonus":"TEN_PERCENT_HP_BONUS","is_prod":false,"is_daily":false,"chose_seed":false,"campfire_upgraded":0,"win_rate":0,"timestamp":1556748391,"path_taken":["M","?","M","?","?","E","?","?","T","M","R","$","E"],"build_version":"2019-01-23","purchased_purges":1,"victory":false,"max_hp_per_floor":[82,82,82,82,82,82,82,82,82,82,82,82,82],"card_choices":[{"not_picked":["Flex","Warcry"],"picked":"Uppercut","floor":1},{"not_picked":["Havoc","Flex","Reckless Charge"],"picked":"SKIP","floor":3},{"not_picked":["Seeing Red","Whirlwind"],"picked":"Armaments","floor":5},{"not_picked":["Warcry","Thunderclap","Fire Breathing"],"picked":"SKIP","floor":6},{"not_picked":["Iron Wave","Sword Boomerang","Flex"],"picked":"SKIP","floor":10}],"player_experience":524247,"relics_obtained":[{"floor":6,"key":"Dodecahedron"},{"floor":9,"key":"Mummified Hand"}],"event_choices":[{"damage_healed":0,"gold_gain":0,"player_choice":"Forge","damage_taken":0,"max_hp_gain":0,"max_hp_loss":0,"event_name":"Accursed Blacksmith","floor":2,"gold_loss":0,"cards_upgraded":["Bash"]},{"cards_removed":["Strike_R"],"damage_healed":0,"gold_gain":0,"player_choice":"Offered Basic","damage_taken":0,"max_hp_gain":0,"max_hp_loss":0,"event_name":"Bonfire Elementals","floor":8,"gold_loss":0}],"is_beta":false,"boss_relics":[],"items_purged_floors":[4],"is_endless":false,"potions_floor_spawned":[1,5],"killed_by":"3 Sentries","ascension_level":17}