{"gold_per_floor":[116,128,78,78,93,93,128,128,128,153,165,182,197,207,207,310,310,320,335,435,435,29,29,29,59,131,131,159,159,171,186,186,284,284,302,314,314,328,338,338,365,376,376,74,74,26,26,40,40,40],"floor_reached":50,"playtime":2206,"items_purged":["Strike_R","Defend_R"],"score":759,"play_id":"9568e3ef-58f4-4e9d-a05d-40b3afa0ee3a","local_time":"20190114154436","is_ascension_mode":true,"campfire_choices":[{"data":"Power Through","floor":6,"key":"SMITH"},{"data":"Body Slam","floor":8,"key":"SMITH"},{"data":"Evolve","floor":15,"key":"SMITH"},{"floor":23,"key":"REST"},{"floor":24,"key":"REST"},{"data":"Armaments","floor":32,"key":"SMITH"},{"floor":40,"key":"REST"},{"floor":45,"key":"REST"},{"floor":47,"key":"REST"},{"floor":49,"key":"REST"}],"neow_cost":"NONE","seed_source_timestamp":761168416949453,"circlet_count":0,"master_deck":["Strike_R","Strike_R","Strike_R","Strike_R","Defend_R","Defend_R","Bash","Power Through+1","Body Slam+1","Cleave","Whirlwind","Evolve+1","Thunderclap","Headbutt","Immolate","Rampage","Power Through","Headbutt","J.A.X.+1","Armaments+1","RitualDagger","Flex+1","True Grit","Intimidate+1","Cleave+1","Fiend Fire","Fiend Fire","Shrug It Off+1"],"relics":["Burning Blood","NeowsBlessing","Thread and Needle","Pantograph","Bag of Preparation","Mark of Pain","WingedGreaves","Pear","StoneCalendar","Blue Candle","Bag of Marbles","Nloth\u0027s Gift","Philosopher\u0027s Stone","Vajra","Bottled Lightning","Brimstone"],"potions_floor_usage":[20,31,33,33,41,41,50,50],"damage_taken":[{"damage":0,"enemies":"Cultist","floor":1,"turns":1},{"damage":0,"enemies":"Jaw Worm","floor":2,"turns":1},{"damage":0,"enemies":"2 Louse","floor":5,"turns":1},{"damage":36,"enemies":"Lagavulin","floor":7,"turns":7},{"damage":11,"enemies":"3 Sentries","floor":10,"turns":8},{"damage":7,"enemies":"Exordium Thugs","floor":11,"turns":4},{"damage":14,"enemies":"Blue Slaver","floor":12,"turns":4},{"damage":7,"enemies":"Looter","floor":13,"turns":3},{"damage":0,"enemies":"3 Louse","floor":14,"turns":3},{"damage":23,"enemies":"Slime Boss","floor":16,"turns":8},{"damage":8,"enemies":"Chosen","floor":18,"turns":4},{"damage":2,"enemies":"Spheric Guardian","floor":19,"turns":3},{"damage":23,"enemies":"Colosseum Slavers","floor":20,"turns":3},{"damage":57,"enemies":"Colosseum Nobs","floor":20,"turns":5},{"damage":17,"enemies":"Slavers","floor":25,"turns":2},{"damage":20,"enemies":"Gremlin Leader","floor":28,"turns":5},{"damage":0,"enemies":"Centurion and Healer","floor":30,"turns":4},{"damage":0,"enemies":"Shelled Parasite and Fungi","floor":31,"turns":4},{"damage":60,"enemies":"Collector","floor":33,"turns":7},{"damage":11,"enemies":"3 Shapes","floor":35,"turns":1},{"damage":0,"enemies":"3 Darklings","floor":36,"turns":2},{"damage":0,"enemies":"Jaw Worm Horde","floor":38,"turns":1},{"damage":23,"enemies":"Sphere and 2 Shapes","floor":39,"turns":3},{"damage":42,"enemies":"Giant Head","floor":41,"turns":7},{"damage":48,"enemies":"Writhing Mass","floor":42,"turns":4},{"damage":28,"enemies":"Transient","floor":48,"turns":5},{"damage":149,"enemies":"Awakened One","floor":50,"turns":7}],"seed_played":"-6109435496959928298","potions_obtained":[{"floor":2,"key":"Dexterity Potion"},{"floor":7,"key":"EssenceOfSteel"},{"floor":11,"key":"SmokeBomb"},{"floor":18,"key":"Block Potion"},{"floor":28,"key":"Block Potion"},{"floor":35,"key":"Fire Potion"},{"floor":39,"key":"Swift Potion"},{"floor":41,"key":"Fruit Juice"}],"is_trial":false,"path_per_floor":["M","M","?","?","M","R","E","R","T","E","M","M","M","M","R","B",null,"M","M","?","?","$","R","R","E","T","?","E","?","M","M","R","B",null,"M","M","?","M","M","R","E","M","T","$","R","$","R","M","R","B"],"character_chosen":"IRONCLAD","items_purchased":["Pear","Armaments","Block Potion","Brimstone","Strength Potion"],"campfire_rested":6,"item_purchase_floors":[22,22,22,44,46],"current_hp_per_floor":[78,80,80,85,85,85,55,55,55,50,49,41,40,46,46,54,77,75,79,11,11,21,49,77,66,66,60,46,46,52,58,58,29,79,74,80,80,86,69,95,64,22,22,22,52,52,82,60,90,0],"gold":40,"neow_bonus":"THREE_ENEMY_KILL","is_prod":false,"is_daily":false,"chose_seed":false,"campfire_upgraded":4,"win_rate":0,"timestamp":1547480676,"path_taken":["M","?","?","?","M","R","E","R","T","E","M","M","M","?","R","BOSS","M","M","?","?","$","R","R","E","T","?","E","?","M","?","R","BOSS","M","M","?","M","M","R","E","M","T","$","R","?","R","?","R","BOSS"],"build_version":"2019-01-10","purchased_purges":2,"victory":false,"max_hp_per_floor":[80,80,80,85,85,85,85,85,85,85,85,85,85,85,85,85,85,85,85,85,85,95,95,95,95,95,95,95,95,95,95,95,95,95,95,95,95,95,95,95,100,100,100,100,100,100,100,100,100,100],"card_choices":[{"not_picked":["Armaments","Warcry","Clothesline"],"picked":"SKIP","floor":1},{"not_picked":["Havoc","Second Wind"],"picked":"Power Through","floor":2},{"not_picked":["Metallicize","Flex"],"picked":"Body Slam","floor":5},{"not_picked":["Reaper","Warcry"],"picked":"Cleave","floor":7},{"not_picked":["Power Through","Pummel"],"picked":"Whirlwind","floor":10},{"not_picked":["Cleave","Sword Boomerang"],"picked":"Evolve","floor":11},{"not_picked":["Twin Strike","Pommel Strike"],"picked":"Thunderclap","floor":12},{"not_picked":["Blood for Blood","Dropkick"],"picked":"Headbutt","floor":13},{"not_picked":["Warcry","Clash","Intimidate"],"picked":"SKIP","floor":14},{"not_picked":["Berserk","Dark Embrace"],"picked":"Immolate","floor":16},{"not_picked":["Combust+1","Anger"],"picked":"Rampage","floor":18},{"not_picked":["Perfected Strike","Havoc"],"picked":"Power Through","floor":19},{"not_picked":["Juggernaut","Twin Strike+1"],"picked":"Headbutt","floor":20},{"not_picked":["Clash","Clothesline","Perfected Strike"],"picked":"SKIP","floor":25},{"not_picked":["Berserk","Anger"],"picked":"Flex+1","floor":28},{"not_picked":["Havoc","Searing Blow+1"],"picked":"True Grit","floor":30},{"not_picked":["Clothesline","Ghostly Armor"],"picked":"Intimidate+1","floor":31},{"not_picked":["Barricade","Entrench+1","Warcry"],"picked":"SKIP","floor":35},{"not_picked":["Perfected Strike","Rupture+1"],"picked":"Cleave+1","floor":36},{"not_picked":["Clothesline+1","Flex+1"],"picked":"Fiend Fire","floor":38},{"not_picked":["Body Slam","Anger","Perfected Strike"],"picked":"SKIP","floor":39},{"not_picked":["Juggernaut","True Grit"],"picked":"Fiend Fire","floor":41},{"not_picked":["Warcry+1","Headbutt","Clash+1"],"picked":"SKIP","floor":42},{"not_picked":["Twin Strike","Brutality"],"picked":"Shrug It Off+1","floor":48}],"player_experience":79879,"relics_obtained":[{"floor":7,"key":"Thread and Needle"},{"floor":9,"key":"Pantograph"},{"floor":10,"key":"Bag of Preparation"},{"floor":20,"key":"WingedGreaves"},{"floor":20,"key":"Mercury Hourglass"},{"floor":25,"key":"StoneCalendar"},{"floor":26,"key":"Blue Candle"},{"floor":28,"key":"Bag of Marbles"},{"floor":41,"key":"Vajra"},{"floor":43,"key":"Bottled Lightning"}],"event_choices":[{"cards_removed":["Defend_R"],"damage_healed":0,"gold_gain":0,"player_choice":"Card Removal","damage_taken":0,"max_hp_gain":0,"max_hp_loss":0,"event_name":"The Cleric","floor":3,"gold_loss":50},{"damage_healed":0,"gold_gain":0,"player_choice":"Donut","damage_taken":0,"max_hp_gain":5,"max_hp_loss":0,"event_name":"Big Fish","floor":4,"gold_loss":0},{"damage_healed":0,"gold_gain":0,"player_choice":"Fight","damage_taken":0,"max_hp_gain":0,"max_hp_loss":0,"event_name":"Colosseum","floor":20,"gold_loss":0},{"damage_healed":0,"gold_gain":0,"player_choice":"Fought Nobs","damage_taken":0,"max_hp_gain":0,"max_hp_loss":0,"event_name":"Colosseum","floor":20,"gold_loss":0},{"damage_healed":0,"gold_gain":0,"player_choice":"Obtain J.A.X.","damage_taken":0,"max_hp_gain":0,"max_hp_loss":0,"event_name":"Drug Dealer","floor":21,"gold_loss":0,"cards_obtained":["J.A.X."]},{"damage_healed":0,"gold_gain":0,"player_choice":"Joined the Cult","damage_taken":6,"max_hp_gain":0,"max_hp_loss":0,"event_name":"Nest","floor":27,"gold_loss":0,"cards_obtained":["RitualDagger"]},{"damage_healed":0,"gold_gain":0,"player_choice":"Traded Relic","damage_taken":0,"relics_obtained":["Nloth\u0027s Gift"],"max_hp_gain":0,"max_hp_loss":0,"event_name":"N\u0027loth","floor":29,"relics_lost":["Mercury Hourglass"],"gold_loss":0},{"damage_healed":0,"gold_gain":0,"player_choice":"Upgraded","damage_taken":0,"max_hp_gain":0,"max_hp_loss":0,"event_name":"Upgrade Shrine","floor":37,"gold_loss":0,"cards_upgraded":["J.A.X."]}],"is_beta":false,"boss_relics":[{"not_picked":["Busted Crown","Velvet Choker"],"picked":"Mark of Pain"},{"not_picked":["Runic Pyramid","Orrery"],"picked":"Philosopher\u0027s Stone"}],"items_purged_floors":[22,44],"is_endless":false,"potions_floor_spawned":[2,7,11,14,16,18,19,20,28,35,39,41],"killed_by":"Awakened One","ascension_level":8}