{"gold_per_floor":[12,12,67,143,158,192,210,210,261,261,279,70,88,106,106,182,182,194,209,60,60,60,60,72,72,72,84,84,94,108,127,127,127],"floor_reached":33,"playtime":2096,"items_purged":[],"score":477,"play_id":"48183c7f-81b8-4992-9fa6-2f4172d13321","local_time":"20190319190201","is_ascension_mode":true,"campfire_choices":[{"floor":8,"key":"REST"},{"data":"Feed","floor":10,"key":"SMITH"},{"data":"Evolve","floor":15,"key":"SMITH"},{"data":"Disarm","floor":23,"key":"SMITH"},{"data":"Battle Trance","floor":25,"key":"SMITH"},{"data":"Reaper","floor":28,"key":"SMITH"},{"floor":32,"key":"REST"}],"neow_cost":"NO_GOLD","seed_source_timestamp":692151673869136,"circlet_count":0,"master_deck":["AscendersBane","Strike_R","Strike_R","Strike_R","Defend_R","Defend_R","Defend_R","Defend_R","Bash","Evolve+1","Feed+1","Battle Trance+1","Cleave","Shrug It Off","Cleave","Reaper+1","Thunderclap+1","Disarm+1","Inflame+1"],"relics":["Burning Blood","Tiny Chest","Lantern","Dream Catcher","Red Skull","Busted Crown","Strawberry"],"potions_floor_usage":[16,16,24,33,33],"damage_taken":[{"damage":7,"enemies":"2 Louse","floor":1,"turns":3},{"damage":20,"enemies":"Jaw Worm","floor":5,"turns":5},{"damage":62,"enemies":"Gremlin Nob","floor":6,"turns":6},{"damage":1,"enemies":"Cultist","floor":7,"turns":3},{"damage":7,"enemies":"Looter","floor":11,"turns":3},{"damage":5,"enemies":"3 Louse","floor":13,"turns":3},{"damage":8,"enemies":"Exordium Wildlife","floor":14,"turns":5},{"damage":56,"enemies":"Slime Boss","floor":16,"turns":8},{"damage":59,"enemies":"Shell Parasite","floor":18,"turns":10},{"damage":15,"enemies":"2 Thieves","floor":19,"turns":3},{"damage":12,"enemies":"Chosen and Byrds","floor":24,"turns":5},{"damage":22,"enemies":"Centurion and Healer","floor":27,"turns":8},{"damage":19,"enemies":"Sentry and Sphere","floor":29,"turns":4},{"damage":13,"enemies":"Chosen and Byrds","floor":30,"turns":6},{"damage":42,"enemies":"Snake Plant","floor":31,"turns":6},{"damage":126,"enemies":"Champ","floor":33,"turns":15}],"seed_played":"6860657095345099264","potions_obtained":[{"floor":5,"key":"Dexterity Potion"},{"floor":7,"key":"Regen Potion"},{"floor":11,"key":"Explosive Potion"},{"floor":19,"key":"Ancient Potion"},{"floor":29,"key":"EssenceOfSteel"}],"is_trial":false,"path_per_floor":["M","?","T","?","M","E","M","R","T","R","M","$","M","M","R","B",null,"M","M","$","?","$","R","M","R","T","M","R","M","M","M","R","B"],"character_chosen":"IRONCLAD","items_purchased":["Red Skull","Shrug It Off","Disarm","Regen Potion"],"campfire_rested":2,"item_purchase_floors":[12,12,20,20],"current_hp_per_floor":[70,75,75,75,64,11,19,46,46,46,49,49,54,56,56,25,87,45,50,50,50,50,50,77,77,84,78,78,65,74,53,94,0],"gold":127,"neow_bonus":"TRANSFORM_TWO_CARDS","is_prod":false,"is_daily":false,"chose_seed":false,"campfire_upgraded":5,"win_rate":0,"timestamp":1553022121,"path_taken":["M","?","?","?","M","E","M","R","T","R","M","$","M","M","R","BOSS","M","M","$","?","$","R","M","R","T","?","R","M","M","M","R","BOSS"],"build_version":"2019-01-23","purchased_purges":0,"victory":false,"max_hp_per_floor":[78,83,83,83,86,89,92,92,92,92,96,96,100,104,104,108,108,112,116,116,116,116,116,120,120,127,131,131,131,135,139,139,139],"card_choices":[{"not_picked":["Warcry","Rupture","Feel No Pain"],"picked":"SKIP","floor":1},{"not_picked":["Perfected Strike","Corruption","Havoc"],"picked":"SKIP","floor":5},{"not_picked":["Exhume","True Grit"],"picked":"Battle Trance","floor":6},{"not_picked":["Carnage","Entrench"],"picked":"Cleave","floor":7},{"not_picked":["Perfected Strike","Reckless Charge","Body Slam"],"picked":"SKIP","floor":11},{"not_picked":["Wild Strike","Reckless Charge","Headbutt"],"picked":"SKIP","floor":13},{"not_picked":["Flex","Armaments"],"picked":"Cleave","floor":14},{"not_picked":["Brutality","Berserk"],"picked":"Reaper","floor":16},{"not_picked":[],"picked":"Thunderclap+1","floor":18},{"not_picked":["Seeing Red"],"picked":"SKIP","floor":19},{"not_picked":["Twin Strike"],"picked":"SKIP","floor":24},{"not_picked":[],"picked":"Inflame+1","floor":27},{"not_picked":["Clash+1"],"picked":"SKIP","floor":29},{"not_picked":["Rampage"],"picked":"SKIP","floor":30},{"not_picked":["Whirlwind"],"picked":"SKIP","floor":31}],"player_experience":1593362,"relics_obtained":[{"floor":3,"key":"Tiny Chest"},{"floor":6,"key":"Lantern"},{"floor":9,"key":"Dream Catcher"},{"floor":26,"key":"Strawberry"}],"event_choices":[{"damage_healed":0,"gold_gain":0,"player_choice":"Donut","damage_taken":0,"max_hp_gain":5,"max_hp_loss":0,"event_name":"Big Fish","floor":2,"gold_loss":0},{"damage_healed":0,"gold_gain":76,"player_choice":"Gained Gold","damage_taken":0,"max_hp_gain":0,"max_hp_loss":0,"event_name":"Golden Wing","floor":4,"gold_loss":0},{"damage_healed":0,"gold_gain":0,"player_choice":"Bought 0 Potions","damage_taken":0,"max_hp_gain":0,"max_hp_loss":0,"event_name":"The Woman in Blue","floor":21,"gold_loss":0}],"is_beta":false,"boss_relics":[{"not_picked":["Lizard Tail","Velvet Choker"],"picked":"Busted Crown"}],"items_purged_floors":[],"is_endless":false,"potions_floor_spawned":[5,7,11,14,19,29,31],"killed_by":"Champ","ascension_level":14}