{"gold_per_floor":[110,124,139,4,19,53,53,64,64,76,105,28,28,53,53,153,153,170,189,202,217,230,256,0,0],"floor_reached":25,"playtime":1847,"items_purged":[],"score":299,"play_id":"c6003db6-3f01-48ea-bae7-5cd8823e004c","local_time":"20190413222548","is_ascension_mode":true,"campfire_choices":[{"data":"Doppelganger","floor":7,"key":"SMITH"},{"data":"Noxious Fumes","floor":13,"key":"SMITH"},{"floor":15,"key":"REST"}],"neow_cost":"NONE","seed_source_timestamp":344383462665000,"circlet_count":0,"master_deck":["Defend_G","Defend_G","Defend_G","Defend_G","Defend_G","Strike_G","Strike_G","Strike_G","Strike_G","Strike_G","Survivor","Neutralize","Escape Plan","Blade Dance","Noxious Fumes+1","Blade Dance","Doppelganger+1","Prepared","Blade Dance","Venomology","Footwork","Bouncing Flask","After Image","Accuracy+1","Dodge and Roll","Cloak And Dagger","Finisher+1","Noxious Fumes+1","Accuracy"],"relics":["Ring of the Snake","NeowsBlessing","Ancient Tea Set","Question Card","Bottled Tornado","Art of War","Dodecahedron","Coffee Dripper","Matryoshka","Meat on the Bone"],"potions_floor_usage":[6,6,14,16,16,18,18,20,20,21,22,23,23,25,25],"damage_taken":[{"damage":0,"enemies":"Jaw Worm","floor":1,"turns":1},{"damage":0,"enemies":"Cultist","floor":2,"turns":1},{"damage":0,"enemies":"2 Louse","floor":3,"turns":1},{"damage":0,"enemies":"Large Slime","floor":5,"turns":6},{"damage":19,"enemies":"Gremlin Nob","floor":6,"turns":4},{"damage":6,"enemies":"3 Louse","floor":8,"turns":3},{"damage":3,"enemies":"Blue Slaver","floor":10,"turns":4},{"damage":14,"enemies":"Lagavulin","floor":11,"turns":8},{"damage":17,"enemies":"3 Sentries","floor":14,"turns":7},{"damage":11,"enemies":"The Guardian","floor":16,"turns":8},{"damage":27,"enemies":"Chosen","floor":18,"turns":5},{"damage":0,"enemies":"3 Byrds","floor":19,"turns":5},{"damage":40,"enemies":"Snake Plant","floor":20,"turns":6},{"damage":7,"enemies":"Centurion and Healer","floor":21,"turns":7},{"damage":0,"enemies":"Shelled Parasite and Fungi","floor":22,"turns":4},{"damage":0,"enemies":"Book of Stabbing","floor":23,"turns":7},{"damage":0,"enemies":"Slavers","floor":25,"turns":1}],"seed_played":"1612639975378507354","potions_obtained":[{"floor":1,"key":"AttackPotion"},{"floor":5,"key":"EssenceOfSteel"},{"floor":8,"key":"GamblersBrew"},{"floor":11,"key":"Weak Potion"},{"floor":16,"key":"Regen Potion"},{"floor":20,"key":"AttackPotion"},{"floor":21,"key":"Swift Potion"},{"floor":23,"key":"PowerPotion"}],"is_trial":false,"path_per_floor":["M","M","M","?","M","E","R","M","T","M","E","$","R","E","R","B",null,"M","M","M","M","M","E","$","E"],"character_chosen":"THE_SILENT","items_purchased":["Footwork","Meat on the Bone"],"campfire_rested":1,"item_purchase_floors":[12,24],"current_hp_per_floor":[70,70,70,70,70,51,51,45,45,42,28,28,28,11,32,21,70,51,51,11,4,4,4,4,4],"gold":0,"neow_bonus":"THREE_ENEMY_KILL","is_prod":false,"is_daily":false,"chose_seed":false,"campfire_upgraded":2,"win_rate":0,"timestamp":1555187148,"path_taken":["M","M","M","?","M","E","R","M","T","M","E","?","R","E","R","BOSS","M","M","M","M","M","E","$","E"],"build_version":"2019-01-23","purchased_purges":0,"victory":false,"max_hp_per_floor":[70,70,70,70,70,70,70,70,70,70,70,70,70,70,70,70,70,70,70,70,70,70,70,70,70],"card_choices":[{"not_picked":["Riddle With Holes","Flying Knee"],"picked":"Escape Plan","floor":1},{"not_picked":["Prepared","Dagger Throw"],"picked":"Blade Dance","floor":2},{"not_picked":["Reflex","Slice"],"picked":"Noxious Fumes","floor":3},{"not_picked":["Poisoned Stab","Acrobatics"],"picked":"Blade Dance","floor":5},{"not_picked":["Dagger Spray","Underhanded Strike"],"picked":"Doppelganger","floor":6},{"not_picked":["Underhanded Strike","Dagger Throw","Eviscerate"],"picked":"Prepared","floor":8},{"not_picked":["Sucker Punch","Heel Hook","Riddle With Holes"],"picked":"Blade Dance","floor":10},{"not_picked":["Cloak And Dagger","Prepared","Sucker Punch"],"picked":"Venomology","floor":11},{"not_picked":["Expertise","Outmaneuver","Storm of Steel"],"picked":"Bouncing Flask","floor":14},{"not_picked":["Wraith Form v2","Burst","Bullet Time"],"picked":"After Image","floor":16},{"not_picked":["Quick Slash","Noxious Fumes","Calculated Gamble"],"picked":"Accuracy+1","floor":18},{"not_picked":["Flying Knee+1","Underhanded Strike+1","Quick Slash"],"picked":"Dodge and Roll","floor":19},{"not_picked":["Bane+1","Sucker Punch+1","Caltrops+1"],"picked":"Cloak And Dagger","floor":20},{"not_picked":["Dash","Choke","Well Laid Plans+1"],"picked":"Finisher+1","floor":21},{"not_picked":["Quick Slash","Skewer+1","Acrobatics"],"picked":"Noxious Fumes+1","floor":22},{"not_picked":["Well Laid Plans","Caltrops+1","Distraction"],"picked":"Accuracy","floor":23}],"player_experience":421988,"relics_obtained":[{"floor":6,"key":"Question Card"},{"floor":9,"key":"Bottled Tornado"},{"floor":11,"key":"Art of War"},{"floor":14,"key":"Dodecahedron"},{"floor":23,"key":"Matryoshka"}],"event_choices":[{"damage_healed":0,"gold_gain":0,"player_choice":"Paid Gold","damage_taken":0,"relics_obtained":["Ancient Tea Set"],"max_hp_gain":0,"max_hp_loss":0,"event_name":"WeMeetAgain","floor":4,"gold_loss":135}],"is_beta":false,"boss_relics":[{"not_picked":["Orrery","White Beast Statue"],"picked":"Coffee Dripper"}],"items_purged_floors":[],"is_endless":false,"potions_floor_spawned":[1,5,8,11,16,20,21,23],"killed_by":"Slavers","ascension_level":2}