{"gold_per_floor":[116,66,241,241,166,166,176,210,240,255,271,271,296,314,314,314],"floor_reached":16,"playtime":888,"items_purged":["Doubt"],"score":110,"play_id":"fe677dc4-e76d-4dd6-b890-59b3554048dd","local_time":"20180915121531","is_ascension_mode":false,"campfire_choices":[{"data":"Shockwave","floor":6,"key":"SMITH"},{"data":"Dual Wield","floor":15,"key":"SMITH"}],"neow_cost":"NONE","seed_source_timestamp":135912852534855,"circlet_count":0,"master_deck":["Strike_R","Strike_R","Strike_R","Defend_R","Defend_R","Defend_R","Bash","Shockwave+1","Dropkick","Armaments","Flex","Dual Wield+1"],"relics":["Burning Blood","Matryoshka","Tiny Chest","Frozen Egg 2","CultistMask","Shuriken"],"potions_floor_usage":[13,16],"damage_taken":[{"damage":0,"enemies":"2 Louse","floor":1,"turns":3},{"damage":12,"enemies":"Jaw Worm","floor":7,"turns":7},{"damage":16,"enemies":"Lagavulin","floor":8,"turns":6},{"damage":0,"enemies":"Small Slimes","floor":10,"turns":4},{"damage":19,"enemies":"Exordium Thugs","floor":11,"turns":4},{"damage":19,"enemies":"3 Sentries","floor":13,"turns":10},{"damage":8,"enemies":"3 Louse","floor":14,"turns":4},{"damage":38,"enemies":"The Guardian","floor":16,"turns":7}],"seed_played":"9088741521820678492","potions_obtained":[{"floor":1,"key":"SneckoOil"},{"floor":8,"key":"SpeedPotion"},{"floor":13,"key":"Poison Potion"},{"floor":14,"key":"LiquidBronze"}],"is_trial":false,"path_per_floor":["M","?","?","?","$","R","M","E","T","M","M","?","E","M","R"],"character_chosen":"IRONCLAD","items_purchased":[],"campfire_rested":0,"item_purchase_floors":[],"current_hp_per_floor":[80,80,80,73,73,73,67,57,57,63,50,50,37,35,35,0],"gold":314,"neow_bonus":"TRANSFORM_CARD","is_prod":false,"is_daily":false,"chose_seed":false,"campfire_upgraded":2,"win_rate":0,"timestamp":1537038931,"path_taken":["M","?","?","?","?","R","M","E","T","?","?","?","E","M","R","BOSS"],"build_version":"2018-09-06","purchased_purges":1,"victory":false,"max_hp_per_floor":[80,80,80,80,80,80,80,80,80,80,80,80,80,80,80,80],"card_choices":[{"not_picked":["Combust","Second Wind","Anger"],"picked":"SKIP","floor":1},{"not_picked":["Anger","Armaments"],"picked":"Dropkick","floor":7},{"not_picked":["Brutality","Fire Breathing"],"picked":"Armaments","floor":8},{"not_picked":["Pommel Strike","Shrug It Off"],"picked":"Flex","floor":10},{"not_picked":["Thunderclap","Flame Barrier","Ghostly Armor"],"picked":"SKIP","floor":11},{"not_picked":["Reckless Charge","Infernal Blade"],"picked":"Dual Wield","floor":13},{"not_picked":["True Grit","Cleave","Juggernaut+1"],"picked":"SKIP","floor":14}],"player_experience":226013,"relics_obtained":[{"floor":8,"key":"Matryoshka"},{"floor":9,"key":"Tiny Chest"},{"floor":9,"key":"Frozen Egg 2"},{"floor":13,"key":"Shuriken"}],"event_choices":[{"event_name":"The Cleric","player_choice":"Card Removal","floor":2,"damage_taken":0},{"event_name":"Liars Game","player_choice":"agreed","floor":3,"damage_taken":0},{"event_name":"Golden Wing","player_choice":"Card Removal","floor":4,"damage_taken":0},{"event_name":"FaceTrader","player_choice":"Trade","floor":12,"damage_taken":0}],"is_beta":false,"boss_relics":[],"items_purged_floors":[5],"is_endless":false,"potions_floor_spawned":[1,8,13,14],"killed_by":"The Guardian","ascension_level":0}