{"gold_per_floor":[119,119,144,164,178,205,205,205,205,233,245,270,282,326,338,447,459,485,477,489,516,628,640,46,46,46,46,62,79,105,117,117,117],"floor_reached":33,"playtime":1339,"items_purged":["Defend_B"],"score":339,"play_id":"b829c0bc-1f7c-4f0e-b820-bdf2ba2f2a62","local_time":"20190406091615","is_ascension_mode":true,"campfire_choices":[{"data":"Genetic Algorithm","floor":7,"key":"SMITH"},{"floor":11,"key":"REST"},{"floor":15,"key":"REST"},{"floor":23,"key":"REST"},{"floor":25,"key":"REST"},{"floor":27,"key":"RECALL"},{"floor":32,"key":"REST"}],"neow_cost":"NONE","seed_source_timestamp":55326206820108,"circlet_count":0,"master_deck":["Strike_B+1","Strike_B","Strike_B","Defend_B+1","Defend_B","Defend_B","Zap+1","Dualcast","FTL","Auto Shields","Sweeping Beam","Genetic Algorithm+1","Redo","Melter","Defragment+1","BootSequence+1","Dramatic Entrance","FTL","Panache","Sunder","Hologram+1"],"relics":["Cracked Core","NeowsBlessing","Oddly Smooth Stone","Kunai","Singing Bowl","MawBank","Pear","Strawberry","Lizard Tail","Sling","Cables","Happy Flower"],"potions_floor_usage":[6,14,18,21,21,21,21,29,30],"damage_taken":[{"damage":0,"enemies":"Small Slimes","floor":1,"turns":1},{"damage":0,"enemies":"Jaw Worm","floor":4,"turns":1},{"damage":0,"enemies":"Cultist","floor":5,"turns":1},{"damage":18,"enemies":"Lagavulin","floor":6,"turns":7},{"damage":10,"enemies":"3 Sentries","floor":10,"turns":6},{"damage":2,"enemies":"Blue Slaver","floor":12,"turns":3},{"damage":28,"enemies":"Gremlin Nob","floor":14,"turns":5},{"damage":53,"enemies":"Hexaghost","floor":16,"turns":12},{"damage":38,"enemies":"3 Byrds","floor":18,"turns":6},{"damage":13,"enemies":"2 Thieves","floor":19,"turns":4},{"damage":23,"enemies":"Snecko","floor":21,"turns":5},{"damage":24,"enemies":"Snake Plant","floor":28,"turns":4},{"damage":18,"enemies":"3 Cultists","floor":29,"turns":4},{"damage":43,"enemies":"Slavers","floor":30,"turns":5},{"damage":17,"enemies":"Sentry and Sphere","floor":31,"turns":4},{"damage":81,"enemies":"Champ","floor":33,"turns":11}],"seed_played":"2010273438956584968","potions_obtained":[{"floor":1,"key":"SteroidPotion"},{"floor":10,"key":"GamblersBrew"},{"floor":12,"key":"AttackPotion"},{"floor":14,"key":"SpeedPotion"},{"floor":19,"key":"EntropicBrew"},{"floor":28,"key":"Block Potion"},{"floor":29,"key":"SpeedPotion"}],"is_trial":false,"path_per_floor":["M","?","T","M","M","E","R","?","T","E","R","M","?","E","R","B",null,"M","M","?","M","?","R","$","R","T","R","M","M","E","M","R","B"],"character_chosen":"DEFECT","items_purchased":["Sling","Dramatic Entrance","FTL","Panache"],"campfire_rested":5,"item_purchase_floors":[24,24,24,24],"current_hp_per_floor":[75,60,60,60,60,42,42,42,42,32,54,52,62,43,71,20,96,58,47,47,24,24,53,53,82,82,82,58,42,52,35,65,0],"gold":117,"neow_bonus":"THREE_ENEMY_KILL","is_prod":false,"is_daily":false,"chose_seed":false,"campfire_upgraded":1,"win_rate":0,"timestamp":1554567375,"path_taken":["M","?","?","M","?","E","R","?","T","E","R","M","?","E","R","BOSS","M","?","?","?","?","R","$","R","T","R","M","M","E","?","R","BOSS"],"build_version":"2019-01-23","purchased_purges":1,"victory":false,"max_hp_per_floor":[75,75,75,75,75,75,75,75,75,75,75,75,85,94,94,96,96,96,98,98,98,98,98,98,98,98,98,98,100,102,102,102,102],"card_choices":[{"not_picked":["Scrape","Barrage"],"picked":"FTL","floor":1},{"not_picked":["Conserve Battery","Storm"],"picked":"Auto Shields","floor":4},{"not_picked":["Skim","Force Field"],"picked":"Sweeping Beam","floor":5},{"not_picked":["Undo","Gash"],"picked":"Genetic Algorithm","floor":6},{"not_picked":["Go for the Eyes","Chill"],"picked":"Redo","floor":10},{"not_picked":["Creative AI","Barrage"],"picked":"Melter","floor":12},{"not_picked":["Amplify","Reprogram","Biased Cognition"],"picked":"Singing Bowl","floor":14},{"not_picked":["Creative AI","Hyperbeam","Reboot"],"picked":"Singing Bowl","floor":16},{"not_picked":["Streamline","Recycle+1"],"picked":"Defragment+1","floor":18},{"not_picked":["Chill","Sweeping Beam+1","Aggregate+1"],"picked":"Singing Bowl","floor":19},{"not_picked":["Barrage","Go for the Eyes"],"picked":"BootSequence+1","floor":21},{"not_picked":["Streamline","Turbo"],"picked":"Sunder","floor":28},{"not_picked":["Reinforced Body","Turbo","Storm"],"picked":"Singing Bowl","floor":29},{"not_picked":["Reprogram","Hello World+1","Chaos"],"picked":"Singing Bowl","floor":30},{"not_picked":["Storm","Skim"],"picked":"Hologram+1","floor":31}],"player_experience":406901,"relics_obtained":[{"floor":3,"key":"Oddly Smooth Stone"},{"floor":6,"key":"Kunai"},{"floor":9,"key":"Singing Bowl"},{"floor":10,"key":"MawBank"},{"floor":14,"key":"Strawberry"},{"floor":26,"key":"Cables"},{"floor":30,"key":"Happy Flower"}],"event_choices":[{"damage_healed":0,"gold_gain":0,"player_choice":"Entered Light","damage_taken":15,"max_hp_gain":0,"max_hp_loss":0,"event_name":"Shining Light","floor":2,"gold_loss":0,"cards_upgraded":["Strike_B","Defend_B"]},{"damage_healed":0,"gold_gain":0,"player_choice":"Grow","damage_taken":0,"max_hp_gain":0,"max_hp_loss":0,"event_name":"Living Wall","floor":8,"gold_loss":0,"cards_upgraded":["Zap"]},{"damage_healed":0,"gold_gain":0,"player_choice":"Gave Potion","damage_taken":0,"relics_obtained":["Pear"],"max_hp_gain":0,"max_hp_loss":0,"event_name":"WeMeetAgain","floor":13,"gold_loss":0},{"cards_removed":["Strike_B"],"damage_healed":0,"gold_gain":0,"player_choice":"Offered Basic","damage_taken":0,"max_hp_gain":0,"max_hp_loss":0,"event_name":"Bonfire Elementals","floor":20,"gold_loss":0},{"damage_healed":0,"gold_gain":100,"player_choice":"Pray","damage_taken":0,"max_hp_gain":0,"max_hp_loss":0,"event_name":"Golden Shrine","floor":22,"gold_loss":0}],"is_beta":false,"boss_relics":[{"not_picked":["Astrolabe","Cursed Key"],"picked":"Lizard Tail"}],"items_purged_floors":[24],"is_endless":false,"potions_floor_spawned":[1,10,12,14,19,28,29],"killed_by":"Champ","ascension_level":2}