{"gold_per_floor":[211,228,246,256,269,299,318,318,368,401,0,18,33,59,59,157,157,171,182,24,24,24,24,44,59,127,144,34,34,60,80,80,183,183,194,194,294,307,155,155,167,167,167,167,194,76,76,103,103,103],"floor_reached":51,"playtime":3504,"items_purged":["Consume","Turbo"],"score":939,"play_id":"d3e3f604-cea0-4c50-b479-5308e02ce91b","local_time":"20190407212835","is_ascension_mode":true,"campfire_choices":[{"data":"Coolheaded","floor":8,"key":"SMITH"},{"floor":15,"key":"REST"},{"data":"Defragment","floor":23,"key":"SMITH"},{"data":"Go for the Eyes","floor":29,"key":"SMITH"},{"data":"Zap","floor":32,"key":"SMITH"},{"data":"Dualcast","floor":40,"key":"SMITH"},{"data":"Biased Cognition","floor":42,"key":"SMITH"},{"data":"Panacea","floor":49,"key":"SMITH"}],"neow_cost":"NONE","seed_source_timestamp":98177824185981,"circlet_count":0,"master_deck":["Strike_B+1","Strike_B+1","Strike_B+1","Strike_B+1","Defend_B+1","Defend_B+1","Defend_B+1","Defend_B+1","Zap+1","Dualcast+1","Ball Lightning","Steam","Conserve Battery+1","Glacier+1","Go for the Eyes+1","Coolheaded+1","Compile Driver+1","Leap","Ball Lightning","Biased Cognition+1","Defragment+1","Redo+1","Chaos+1","Ball Lightning+1","Skim","Turbo+1","Turbo+1","Blizzard+1","Panacea+1"],"relics":["Cracked Core","Gremlin Horn","War Paint","Pocketwatch","Membership Card","Singing Bowl","Whetstone","Odd Mushroom","Orrery","Cables","Letter Opener","DataDisk","Symbiotic Virus","Busted Crown","Du-Vu Doll","MealTicket","Smiling Mask","Bronze Scales","Oddly Smooth Stone"],"potions_floor_usage":[5,10,14,14,37,45,45,50],"damage_taken":[{"damage":0,"enemies":"Small Slimes","floor":1,"turns":2},{"damage":0,"enemies":"2 Louse","floor":2,"turns":2},{"damage":2,"enemies":"Jaw Worm","floor":3,"turns":3},{"damage":3,"enemies":"2 Fungi Beasts","floor":4,"turns":4},{"damage":7,"enemies":"3 Louse","floor":5,"turns":4},{"damage":19,"enemies":"Gremlin Nob","floor":6,"turns":5},{"damage":2,"enemies":"Large Slime","floor":7,"turns":4},{"damage":13,"enemies":"3 Sentries","floor":10,"turns":7},{"damage":0,"enemies":"2 Fungi Beasts","floor":12,"turns":3},{"damage":0,"enemies":"Blue Slaver","floor":13,"turns":3},{"damage":0,"enemies":"The Mushroom Lair","floor":14,"turns":3},{"damage":2,"enemies":"The Guardian","floor":16,"turns":12},{"damage":10,"enemies":"3 Byrds","floor":18,"turns":5},{"damage":0,"enemies":"Shell Parasite","floor":19,"turns":5},{"damage":0,"enemies":"Sentry and Sphere","floor":24,"turns":4},{"damage":3,"enemies":"Snecko","floor":25,"turns":5},{"damage":0,"enemies":"Snake Plant","floor":27,"turns":4},{"damage":3,"enemies":"Gremlin Leader","floor":30,"turns":7},{"damage":0,"enemies":"Shelled Parasite and Fungi","floor":31,"turns":5},{"damage":13,"enemies":"Automaton","floor":33,"turns":9},{"damage":13,"enemies":"3 Darklings","floor":35,"turns":5},{"damage":12,"enemies":"Mind Bloom Boss Battle","floor":37,"turns":5},{"damage":3,"enemies":"Orb Walker","floor":38,"turns":2},{"damage":0,"enemies":"Transient","floor":41,"turns":5},{"damage":0,"enemies":"Nemesis","floor":45,"turns":7},{"damage":15,"enemies":"Awakened One","floor":50,"turns":11}],"seed_played":"-415027133038326301","potions_obtained":[{"floor":4,"key":"FocusPotion"},{"floor":6,"key":"AttackPotion"},{"floor":7,"key":"Dexterity Potion"},{"floor":12,"key":"Strength Potion"},{"floor":13,"key":"SteroidPotion"},{"floor":14,"key":"Weak Potion"},{"floor":19,"key":"FairyPotion"},{"floor":38,"key":"SkillPotion"},{"floor":41,"key":"Energy Potion"},{"floor":45,"key":"AttackPotion"}],"is_trial":false,"path_per_floor":["M","M","M","M","M","E","M","R","T","E","$","M","M","?","R","B",null,"M","M","$","?","?","R","M","M","T","M","$","R","E","M","R","B",null,"M","?","?","M","$","R","M","R","T","?","E","$","?","T","R","B",null],"character_chosen":"DEFECT","items_purchased":["Membership Card","Singing Bowl","Whetstone","Biased Cognition","Cables","DataDisk","MealTicket","Panacea","Bronze Scales"],"campfire_rested":1,"item_purchase_floors":[11,11,11,20,20,28,39,46,46],"current_hp_per_floor":[68,68,66,63,56,37,35,35,35,22,22,22,24,26,49,49,79,71,71,71,71,71,71,73,72,72,72,72,72,71,71,71,60,88,75,75,63,60,60,60,60,60,60,60,60,75,75,75,75,60],"gold":103,"neow_bonus":"HUNDRED_GOLD","is_prod":false,"is_daily":false,"chose_seed":false,"campfire_upgraded":7,"win_rate":0,"timestamp":1554640115,"path_taken":["M","M","M","M","M","E","M","R","T","E","$","M","M","?","R","BOSS","M","M","$","?","?","R","M","M","T","M","$","R","E","M","R","BOSS","M","?","?","M","$","R","M","R","T","?","E","$","?","?","R","BOSS"],"build_version":"2019-01-23","purchased_purges":2,"victory":true,"max_hp_per_floor":[75,75,75,75,75,75,75,75,75,75,75,75,77,79,79,81,87,89,89,89,89,89,89,91,93,93,93,93,93,95,95,95,97,97,97,97,97,97,97,97,97,97,97,97,97,97,97,97,97,97],"card_choices":[{"not_picked":["Steam","Turbo"],"picked":"Ball Lightning","floor":1},{"not_picked":["Storm","Turbo"],"picked":"Steam","floor":2},{"not_picked":["Rebound","Sweeping Beam"],"picked":"Conserve Battery","floor":3},{"not_picked":["Turbo","Hello World"],"picked":"Glacier","floor":4},{"not_picked":["Hologram","Echo Form"],"picked":"Go for the Eyes","floor":5},{"not_picked":["Heatsinks","FTL"],"picked":"Turbo","floor":6},{"not_picked":["Reinforced Body","Storm"],"picked":"Coolheaded","floor":7},{"not_picked":["Beam Cell","Conserve Battery"],"picked":"Compile Driver","floor":10},{"not_picked":["Sweeping Beam","Stack"],"picked":"Leap","floor":12},{"not_picked":["Reprogram","Gash","Double Energy"],"picked":"Singing Bowl","floor":13},{"not_picked":["Hologram","Machine Learning","Recycle"],"picked":"Singing Bowl","floor":14},{"not_picked":["Hyperbeam","Echo Form","Machine Learning"],"picked":"Singing Bowl","floor":16},{"not_picked":["Coolheaded","Compile Driver","Fusion"],"picked":"Singing Bowl","floor":17},{"not_picked":["Rip and Tear","Gash"],"picked":"Ball Lightning","floor":17},{"not_picked":["Scrape","Rebound","Coolheaded"],"picked":"Singing Bowl","floor":17},{"not_picked":["Storm","Leap"],"picked":"Consume","floor":17},{"not_picked":["Recycle","Gash","Steam"],"picked":"Singing Bowl","floor":17},{"not_picked":["Gash","Ball Lightning","Streamline+1"],"picked":"Singing Bowl","floor":18},{"not_picked":["Leap","Redo"],"picked":"Cold Snap","floor":19},{"not_picked":["Machine Learning","Streamline","Rebound"],"picked":"Singing Bowl","floor":24},{"not_picked":["Cold Snap","Lockon","Redo"],"picked":"Singing Bowl","floor":25},{"not_picked":["Beam Cell","Reprogram+1"],"picked":"Redo+1","floor":27},{"not_picked":["Meteor Strike","Static Discharge+1","Self Repair"],"picked":"Singing Bowl","floor":30},{"not_picked":["FTL","Reinforced Body"],"picked":"Chaos+1","floor":31},{"not_picked":["Multi-Cast","Echo Form","Machine Learning"],"picked":"Singing Bowl","floor":33},{"not_picked":[],"picked":"Ball Lightning+1","floor":35},{"not_picked":[],"picked":"Skim","floor":37},{"not_picked":[],"picked":"Turbo+1","floor":38},{"not_picked":[],"picked":"Turbo+1","floor":41},{"not_picked":[],"picked":"Blizzard+1","floor":45}],"player_experience":291112,"relics_obtained":[{"floor":6,"key":"Gremlin Horn"},{"floor":9,"key":"War Paint"},{"floor":10,"key":"Pocketwatch"},{"floor":14,"key":"Odd Mushroom"},{"floor":26,"key":"Letter Opener"},{"floor":30,"key":"Symbiotic Virus"},{"floor":37,"key":"Du-Vu Doll"},{"floor":45,"key":"Smiling Mask"},{"floor":48,"key":"Oddly Smooth Stone"}],"event_choices":[{"damage_healed":0,"gold_gain":0,"player_choice":"Fought Mushrooms","damage_taken":0,"max_hp_gain":0,"max_hp_loss":0,"event_name":"Mushrooms","floor":14,"gold_loss":0},{"damage_healed":0,"gold_gain":0,"player_choice":"Read","damage_taken":0,"max_hp_gain":0,"max_hp_loss":0,"event_name":"The Library","floor":21,"gold_loss":0,"cards_obtained":["Defragment"]},{"damage_healed":0,"gold_gain":0,"player_choice":"Simplicity","damage_taken":0,"max_hp_gain":0,"max_hp_loss":0,"event_name":"Back to Basics","floor":22,"gold_loss":0,"cards_upgraded":["Strike_B","Strike_B","Strike_B","Defend_B","Defend_B","Defend_B","Defend_B"]},{"damage_healed":0,"gold_gain":0,"player_choice":"Ignored","damage_taken":0,"max_hp_gain":0,"max_hp_loss":0,"event_name":"Tomb of Lord Red Mask","floor":36,"gold_loss":0},{"damage_healed":0,"gold_gain":0,"player_choice":"Fight","damage_taken":0,"max_hp_gain":0,"max_hp_loss":0,"event_name":"MindBloom","floor":37,"gold_loss":0},{"damage_healed":0,"gold_gain":0,"player_choice":"Ignored","damage_taken":0,"max_hp_gain":0,"max_hp_loss":0,"event_name":"Mysterious Sphere","floor":44,"gold_loss":0},{"cards_removed":["Cold Snap"],"damage_healed":0,"gold_gain":0,"player_choice":"Removed Attack","damage_taken":0,"max_hp_gain":0,"max_hp_loss":0,"event_name":"Falling","floor":47,"gold_loss":0}],"is_beta":false,"boss_relics":[{"not_picked":["Sozu","Coffee Dripper"],"picked":"Orrery"},{"not_picked":["Runic Dome","Pandora\u0027s Box"],"picked":"Busted Crown"}],"items_purged_floors":[28,39],"is_endless":false,"potions_floor_spawned":[4,6,7,12,13,14,19,24,38,41,45],"ascension_level":6}