{"gold_per_floor":[114,127,127,144,144,144,177,234,234,234,244,254,254,272,272,370,370,385,385,109,62,62,97,97,112,112,123,123,151,76,175,175,277,277,289,71,0,10,10,10,10],"floor_reached":41,"playtime":3365,"items_purged":["Pain","Writhe"],"score":452,"play_id":"b8d9863c-de7d-4302-8033-065042ff5417","local_time":"20190309004537","is_ascension_mode":false,"campfire_choices":[{"data":"Zap","floor":6,"key":"SMITH"},{"floor":10,"key":"REST"},{"floor":15,"key":"REST"},{"data":"Coolheaded","floor":24,"key":"SMITH"},{"floor":28,"key":"REST"},{"floor":32,"key":"REST"},{"data":"Chaos","floor":40,"key":"SMITH"}],"neow_cost":"NONE","seed_source_timestamp":398017699253485,"circlet_count":0,"master_deck":["Strike_B","Strike_B","Strike_B","Strike_B","Defend_B+1","Defend_B+1","Defend_B","Defend_B","Zap+1","Dualcast","Redo","Stack","FTL+1","Cold Snap+1","Conserve Battery","Echo Form","Cold Snap+1","Seek","Parasite","Stack","Zap","Coolheaded+1","Streamline+1","Glacier","Blizzard+1","Rebound+1","Doom and Gloom+1","Rebound+1","Consume","Cold Snap+1","Electrodynamics+1","Reprogram","Self Repair+1","Chaos+1","Hologram+1","Finesse"],"relics":["Cracked Core","Bag of Preparation","Molten Egg 2","Sundial","Gremlin Horn","CultistMask","Calling Bell","Dream Catcher","Pantograph","Torii","Lee\u0027s Waffle","Meat on the Bone","Frozen Egg 2","Orichalcum","Inserter","Red Mask"],"potions_floor_usage":[8,16,16,23,27,29,41],"damage_taken":[{"damage":0,"enemies":"Small Slimes","floor":1,"turns":2},{"damage":0,"enemies":"Cultist","floor":2,"turns":2},{"damage":3,"enemies":"Jaw Worm","floor":4,"turns":3},{"damage":30,"enemies":"Lagavulin","floor":7,"turns":6},{"damage":17,"enemies":"Gremlin Nob","floor":8,"turns":4},{"damage":0,"enemies":"3 Louse","floor":11,"turns":3},{"damage":0,"enemies":"Large Slime","floor":12,"turns":3},{"damage":3,"enemies":"Exordium Thugs","floor":14,"turns":5},{"damage":26,"enemies":"Hexaghost","floor":16,"turns":10},{"damage":10,"enemies":"3 Byrds","floor":18,"turns":6},{"damage":27,"enemies":"Slavers","floor":23,"turns":5},{"damage":6,"enemies":"Spheric Guardian","floor":25,"turns":6},{"damage":9,"enemies":"Centurion and Healer","floor":27,"turns":7},{"damage":30,"enemies":"Book of Stabbing","floor":29,"turns":10},{"damage":67,"enemies":"Collector","floor":33,"turns":10},{"damage":16,"enemies":"Orb Walker","floor":35,"turns":3},{"damage":12,"enemies":"3 Darklings","floor":38,"turns":6},{"damage":85,"enemies":"Giant Head","floor":41,"turns":8}],"seed_played":"-2657257481025814640","potions_obtained":[{"floor":7,"key":"FocusPotion"},{"floor":11,"key":"Weak Potion"},{"floor":14,"key":"SneckoOil"},{"floor":18,"key":"PowerPotion"},{"floor":22,"key":"PowerPotion"},{"floor":22,"key":"Poison Potion"},{"floor":22,"key":"GamblersBrew"},{"floor":25,"key":"Swift Potion"}],"is_trial":false,"path_per_floor":["M","M","?","M","?","R","E","?","T","R","M","M","?","M","R","B",null,"M","?","$","$","?","E","R","M","T","M","R","E","$","?","R","B",null,"M","$","?","M","?","R","E"],"character_chosen":"DEFECT","items_purchased":["Lee\u0027s Waffle","Streamline+1","Consume","Self Repair+1","Chaos"],"campfire_rested":4,"item_purchase_floors":[20,21,30,36,36],"current_hp_per_floor":[75,75,75,72,57,57,27,10,10,32,32,32,32,29,51,25,75,65,65,82,82,82,55,55,49,49,52,76,46,46,46,70,27,82,66,66,66,64,64,64,0],"gold":10,"neow_bonus":"RANDOM_COMMON_RELIC","is_prod":false,"is_daily":false,"chose_seed":false,"campfire_upgraded":3,"win_rate":0.0,"timestamp":1552059937,"path_taken":["M","M","?","?","?","R","E","?","T","R","M","M","?","?","R","BOSS","M","?","?","$","?","E","R","?","T","M","R","E","$","?","R","BOSS","M","$","?","M","?","R","E"],"build_version":"2019-01-23","purchased_purges":2,"victory":false,"max_hp_per_floor":[75,75,75,75,75,75,75,75,75,75,75,75,75,75,75,75,75,75,75,82,82,82,82,82,82,82,82,82,82,82,82,82,82,82,82,82,82,82,82,82,82],"card_choices":[{"not_picked":["Steam","Sweeping Beam"],"picked":"Redo","floor":1},{"not_picked":["Barrage","Gash"],"picked":"Streamline","floor":2},{"not_picked":["Rip and Tear","Double Energy"],"picked":"Stack","floor":4},{"not_picked":["Gash","Skim"],"picked":"FTL","floor":7},{"not_picked":["Ball Lightning+1","Streamline+1"],"picked":"Cold Snap+1","floor":8},{"not_picked":["Redo","Barrage+1"],"picked":"Conserve Battery","floor":11},{"not_picked":["Steam Power","Barrage+1"],"picked":"Echo Form","floor":12},{"not_picked":["Tempest","Barrage+1"],"picked":"Cold Snap+1","floor":14},{"not_picked":["Reboot","Fission"],"picked":"Seek","floor":16},{"not_picked":["Cold Snap+1","Steam"],"picked":"Stack","floor":18},{"not_picked":["Blizzard+1","BootSequence+1"],"picked":"Glacier","floor":23},{"not_picked":["Conserve Battery+1","Rebound+1"],"picked":"Blizzard+1","floor":25},{"not_picked":["Beam Cell+1","Genetic Algorithm"],"picked":"Rebound+1","floor":27},{"not_picked":["Streamline+1","Gash+1"],"picked":"Doom and Gloom+1","floor":28},{"not_picked":["Seek","Hello World+1"],"picked":"Rebound+1","floor":29},{"not_picked":["Double Energy","Go for the Eyes+1"],"picked":"Cold Snap+1","floor":32},{"not_picked":["Machine Learning+1","Rainbow"],"picked":"Electrodynamics+1","floor":33},{"not_picked":["Scrape+1","Stack+1"],"picked":"Reprogram","floor":35},{"not_picked":["Force Field","Steam Power"],"picked":"Hologram+1","floor":38},{"not_picked":["PanicButton","Flash of Steel+1"],"picked":"Finesse","floor":39}],"player_experience":37159,"relics_obtained":[{"floor":7,"key":"Molten Egg 2"},{"floor":8,"key":"Sundial"},{"floor":9,"key":"Gremlin Horn"},{"floor":17,"key":"Dream Catcher"},{"floor":17,"key":"Pantograph"},{"floor":17,"key":"Torii"},{"floor":23,"key":"Meat on the Bone"},{"floor":26,"key":"Frozen Egg 2"},{"floor":29,"key":"Orichalcum"}],"event_choices":[{"cards_removed":["Streamline"],"damage_healed":5,"gold_gain":0,"player_choice":"Offered Common","damage_taken":0,"max_hp_gain":0,"max_hp_loss":0,"event_name":"Bonfire Elementals","floor":3,"gold_loss":0},{"cards_removed":["Streamline"],"damage_healed":5,"gold_gain":0,"player_choice":"Offered Special","damage_taken":0,"max_hp_gain":0,"max_hp_loss":0,"event_name":"Bonfire Elementals","floor":3,"gold_loss":0},{"damage_healed":0,"gold_gain":0,"player_choice":"Entered Light","damage_taken":15,"max_hp_gain":0,"max_hp_loss":0,"event_name":"Shining Light","floor":5,"gold_loss":0,"cards_upgraded":["Defend_B","Defend_B"]},{"damage_healed":0,"gold_gain":0,"player_choice":"Searched \u00271\u0027 times","damage_taken":0,"max_hp_gain":0,"max_hp_loss":0,"event_name":"Dead Adventurer","floor":8,"gold_loss":0},{"damage_healed":0,"gold_gain":0,"player_choice":"Trade","damage_taken":0,"relics_obtained":["CultistMask"],"max_hp_gain":0,"max_hp_loss":0,"event_name":"FaceTrader","floor":13,"gold_loss":0},{"damage_healed":0,"gold_gain":0,"player_choice":"2 cards matched","damage_taken":0,"max_hp_gain":0,"max_hp_loss":0,"event_name":"Match and Keep!","floor":19,"gold_loss":0,"cards_obtained":["Zap","Coolheaded"]},{"damage_healed":0,"gold_gain":0,"player_choice":"Got Potions","damage_taken":0,"max_hp_gain":0,"max_hp_loss":0,"event_name":"Lab","floor":22,"gold_loss":0},{"damage_healed":0,"gold_gain":99,"player_choice":"Stole From Cult","damage_taken":0,"max_hp_gain":0,"max_hp_loss":0,"event_name":"Nest","floor":31,"gold_loss":0},{"damage_healed":0,"gold_gain":0,"player_choice":"Paid","damage_taken":0,"relics_obtained":["Red Mask"],"max_hp_gain":0,"max_hp_loss":0,"event_name":"Tomb of Lord Red Mask","floor":37,"gold_loss":71},{"damage_healed":0,"gold_gain":0,"player_choice":"Memory 1","damage_taken":0,"max_hp_gain":0,"max_hp_loss":0,"event_name":"SensoryStone","floor":39,"gold_loss":0}],"is_beta":false,"boss_relics":[{"not_picked":["Ectoplasm","Tiny House"],"picked":"Calling Bell"},{"not_picked":["Black Star","Sozu"],"picked":"Inserter"}],"items_purged_floors":[20,36],"is_endless":false,"potions_floor_spawned":[7,11,14,18,25],"killed_by":"Giant Head","ascension_level":0}