{"gold_per_floor":[114,126,126,145,160,160,192,192,238,238,238,263,283,298,298,397,397,414,414,426,29,45,75,92,127,127,127,52,65,92,106,106,106],"floor_reached":33,"playtime":2119,"items_purged":["Defend_R"],"score":541,"play_id":"ad21bc9d-b2ff-4e28-9e20-320d0857b8e5","local_time":"20190115184837","is_ascension_mode":true,"campfire_choices":[{"data":"Whirlwind","floor":6,"key":"SMITH"},{"data":"Defend_R","floor":8,"key":"SMITH"},{"data":"Dropkick","floor":10,"key":"SMITH"},{"data":"Clash","floor":15,"key":"SMITH"},{"data":"Rampage","floor":27,"key":"SMITH"},{"data":"Double Tap","floor":32,"key":"SMITH"}],"neow_cost":"NONE","seed_source_timestamp":858649328895371,"circlet_count":0,"master_deck":["AscendersBane","Defend_R","Defend_R","Defend_R+1","Bash","Trip","Armaments+1","Dropkick+1","Whirlwind+1","Headbutt","Clash+1","Iron Wave","Double Tap+1","Bite","Bite","Bite","Bite","Bite","Clash","Ghostly Armor+1","Flex+1","Flex","Rampage+1","Headbutt","Shrug It Off+1"],"relics":["Burning Blood","Bottled Lightning","PreservedInsect","Sozu","Sling","Bag of Preparation","Charon\u0027s Ashes","Shuriken","Blue Candle","Smiling Mask"],"potions_floor_usage":[12,16,16],"damage_taken":[{"damage":6,"enemies":"Cultist","floor":1,"turns":3},{"damage":2,"enemies":"2 Louse","floor":2,"turns":3},{"damage":0,"enemies":"Small Slimes","floor":4,"turns":3},{"damage":8,"enemies":"3 Louse","floor":5,"turns":3},{"damage":40,"enemies":"Lagavulin","floor":7,"turns":5},{"damage":20,"enemies":"3 Sentries","floor":12,"turns":4},{"damage":6,"enemies":"Looter","floor":13,"turns":2},{"damage":15,"enemies":"Exordium Wildlife","floor":14,"turns":4},{"damage":9,"enemies":"The Guardian","floor":16,"turns":11},{"damage":7,"enemies":"3 Byrds","floor":18,"turns":4},{"damage":15,"enemies":"Shell Parasite","floor":20,"turns":3},{"damage":10,"enemies":"Snecko","floor":22,"turns":3},{"damage":0,"enemies":"Slavers","floor":23,"turns":2},{"damage":6,"enemies":"3 Cultists","floor":24,"turns":3},{"damage":29,"enemies":"Gremlin Leader","floor":25,"turns":4},{"damage":10,"enemies":"Centurion and Healer","floor":29,"turns":4},{"damage":16,"enemies":"Book of Stabbing","floor":30,"turns":3},{"damage":24,"enemies":"Snake Plant","floor":31,"turns":3},{"damage":74,"enemies":"Automaton","floor":33,"turns":6}],"seed_played":"-4714993659557048286","potions_obtained":[{"floor":7,"key":"FearPotion"},{"floor":13,"key":"Dexterity Potion"},{"floor":14,"key":"SkillPotion"}],"is_trial":false,"path_per_floor":["M","M","?","M","M","R","E","R","T","R","?","E","M","M","R","B",null,"M","?","M","$","M","E","M","E","T","R","$","M","E","M","R","B"],"character_chosen":"IRONCLAD","items_purchased":["Sling","Bag of Preparation","Clash"],"campfire_rested":0,"item_purchase_floors":[21,21,21],"current_hp_per_floor":[72,76,76,80,78,78,44,44,44,44,44,32,34,27,27,26,67,68,68,75,75,78,80,80,61,61,61,61,67,63,47,47,0],"gold":106,"neow_bonus":"RANDOM_COLORLESS","is_prod":false,"is_daily":false,"chose_seed":false,"campfire_upgraded":6,"win_rate":0,"timestamp":1547578117,"path_taken":["M","?","?","M","M","R","E","R","T","R","?","E","M","M","R","BOSS","M","?","M","$","M","E","M","E","T","R","$","M","E","M","R","BOSS"],"build_version":"2019-01-10","purchased_purges":1,"victory":false,"max_hp_per_floor":[80,80,80,80,80,80,80,80,80,80,80,80,80,80,80,80,80,80,80,80,80,80,80,80,80,80,80,80,80,80,80,80,80],"card_choices":[{"not_picked":["Clothesline","Pommel Strike"],"picked":"Armaments","floor":1},{"not_picked":["Headbutt","Clothesline"],"picked":"Dropkick","floor":2},{"not_picked":["Reaper","Pommel Strike"],"picked":"Whirlwind","floor":4},{"not_picked":["Shockwave","Havoc"],"picked":"Headbutt","floor":5},{"not_picked":["Headbutt","Fiend Fire","True Grit"],"picked":"SKIP","floor":7},{"not_picked":["Clothesline","Infernal Blade"],"picked":"Clash","floor":12},{"not_picked":["Armaments","Thunderclap","Twin Strike"],"picked":"SKIP","floor":13},{"not_picked":["Perfected Strike","Blood for Blood"],"picked":"Iron Wave","floor":14},{"not_picked":["Reaper","Impervious"],"picked":"Double Tap","floor":16},{"not_picked":["Ghostly Armor","Thunderclap","Perfected Strike"],"picked":"SKIP","floor":18},{"not_picked":["Pommel Strike","Heavy Blade","Pummel"],"picked":"SKIP","floor":20},{"not_picked":["Wild Strike","True Grit"],"picked":"Ghostly Armor+1","floor":22},{"not_picked":["True Grit","Intimidate+1"],"picked":"Flex+1","floor":23},{"not_picked":["Wild Strike+1","Sentinel+1"],"picked":"Flex","floor":24},{"not_picked":["Barricade","Offering"],"picked":"Rampage","floor":25},{"not_picked":["Thunderclap","Burning Pact"],"picked":"Headbutt","floor":29},{"not_picked":["Iron Wave","Armaments","Clothesline"],"picked":"SKIP","floor":30},{"not_picked":["Twin Strike","Feed"],"picked":"Shrug It Off+1","floor":31}],"player_experience":690920,"relics_obtained":[{"floor":7,"key":"Bottled Lightning"},{"floor":9,"key":"Blood Vial"},{"floor":12,"key":"PreservedInsect"},{"floor":23,"key":"Charon\u0027s Ashes"},{"floor":25,"key":"Shuriken"},{"floor":26,"key":"Blue Candle"},{"floor":30,"key":"Smiling Mask"}],"event_choices":[{"damage_healed":0,"gold_gain":0,"player_choice":"Grow","damage_taken":0,"max_hp_gain":0,"max_hp_loss":0,"event_name":"Living Wall","floor":3,"gold_loss":0,"cards_upgraded":["Armaments"]},{"damage_healed":0,"gold_gain":0,"player_choice":"Ignored","damage_taken":0,"max_hp_gain":0,"max_hp_loss":0,"event_name":"Golden Idol","floor":11,"gold_loss":0},{"damage_healed":0,"gold_gain":0,"player_choice":"Became a vampire (Vial)","damage_taken":0,"max_hp_gain":0,"max_hp_loss":0,"event_name":"Vampires","floor":19,"relics_lost":["Blood Vial"],"gold_loss":0,"cards_obtained":["Bite","Bite","Bite","Bite","Bite"]}],"is_beta":false,"boss_relics":[{"not_picked":["Velvet Choker","White Beast Statue"],"picked":"Sozu"}],"items_purged_floors":[28],"is_endless":false,"potions_floor_spawned":[7,13,14,18,23,25,29],"killed_by":"Automaton","ascension_level":10}