{"gold_per_floor":[118,129,33,33,44,58,58,86,86,86,99,118,118],"floor_reached":13,"playtime":519,"items_purged":[],"score":96,"play_id":"b1920d66-649e-4b97-b99d-4930246172e7","local_time":"20190325223747","is_ascension_mode":true,"campfire_choices":[{"floor":7,"key":"REST"},{"floor":10,"key":"REST"}],"neow_cost":"NONE","seed_source_timestamp":605660329890828,"circlet_count":0,"master_deck":["Strike_B","Strike_B","Strike_B","Strike_B","Defend_B","Defend_B","Defend_B","Defend_B","Zap","Dualcast","Defragment","conspire:Rain","Dramatic Entrance","Tempest","Undo","Seek","Fusion","Defragment"],"relics":["Cracked Core","DataDisk","Molten Egg 2"],"potions_floor_usage":[8,11,12],"damage_taken":[{"damage":6,"enemies":"conspire:RoseBush","floor":1,"turns":2},{"damage":13,"enemies":"Small Slimes","floor":2,"turns":3},{"damage":12,"enemies":"Jaw Worm","floor":5,"turns":2},{"damage":12,"enemies":"Looter","floor":6,"turns":3},{"damage":38,"enemies":"Lagavulin","floor":8,"turns":7},{"damage":14,"enemies":"3 Louse","floor":11,"turns":3},{"damage":21,"enemies":"Exordium Thugs","floor":12,"turns":4},{"damage":24,"enemies":"Blue Slaver","floor":13,"turns":4}],"seed_played":"-8474965932520334617","potions_obtained":[{"floor":1,"key":"SpeedPotion"},{"floor":8,"key":"LiquidBronze"},{"floor":11,"key":"Explosive Potion"},{"floor":12,"key":"Swift Potion"}],"is_trial":false,"path_per_floor":["M","M","$","?","M","M","R","E","T","R","M","M","M"],"character_chosen":"DEFECT","items_purchased":["Dramatic Entrance"],"campfire_rested":2,"item_purchase_floors":[3],"current_hp_per_floor":[76,63,63,63,51,39,63,25,25,49,35,14,0],"gold":118,"neow_bonus":"TEN_PERCENT_HP_BONUS","is_prod":false,"is_daily":false,"chose_seed":false,"campfire_upgraded":0,"win_rate":0,"timestamp":1553578667,"path_taken":["M","M","$","?","M","M","R","E","T","R","M","M","M"],"build_version":"2019-01-23","purchased_purges":0,"victory":false,"max_hp_per_floor":[82,82,82,82,82,82,82,82,82,82,82,82,82],"card_choices":[{"not_picked":["Blizzard","Hello World"],"picked":"Defragment","floor":1},{"not_picked":["Skim","Compile Driver"],"picked":"conspire:Rain","floor":2},{"not_picked":["Beam Cell","Chaos"],"picked":"Tempest","floor":5},{"not_picked":["White Noise","Cold Snap"],"picked":"Undo","floor":6},{"not_picked":["Compile Driver","Hello World"],"picked":"Seek","floor":8},{"not_picked":["Coolheaded","Turbo"],"picked":"Fusion","floor":11},{"not_picked":["Loop","Cold Snap+1"],"picked":"Defragment","floor":12}],"player_experience":372821,"relics_obtained":[{"floor":8,"key":"DataDisk"},{"floor":9,"key":"Molten Egg 2"}],"event_choices":[{"damage_healed":0,"gold_gain":0,"player_choice":"Leave","damage_taken":0,"max_hp_gain":0,"max_hp_loss":0,"event_name":"The Cleric","floor":4,"gold_loss":0}],"is_beta":false,"boss_relics":[],"items_purged_floors":[],"is_endless":false,"potions_floor_spawned":[1,8,11,12],"killed_by":"Blue Slaver","ascension_level":2}