{"gold_per_floor":[113,113,54,54,19,46,61,91,117,134,148,148,182,201,201,273,273,291,324,43,56,69,69,69],"floor_reached":24,"playtime":1097,"items_purged":["Strike_R"],"score":400,"play_id":"b80e0ea1-070c-4f61-991b-b797bb25b512","local_time":"20190429150722","is_ascension_mode":true,"campfire_choices":[{"data":"Corruption","floor":12,"key":"SMITH"},{"floor":15,"key":"REST"},{"floor":23,"key":"REST"}],"neow_cost":"NONE","seed_source_timestamp":142011174296155,"circlet_count":0,"master_deck":["AscendersBane","Strike_R","Strike_R","Strike_R","Strike_R","Defend_R","Defend_R+1","Defend_R+1","Defend_R","Bash+1","Spot Weakness+1","Clothesline","Twin Strike","Ghostly Armor","Corruption+1","Wild Strike+1","Shrug It Off","True Grit","Shockwave","Dark Embrace","Flame Barrier","Headbutt+1","Offering","Armaments","Flame Barrier"],"relics":["Burning Blood","War Paint","Molten Egg 2","Bag of Preparation","Bronze Scales","Runic Pyramid","Red Mask"],"potions_floor_usage":[6,8,13,19,24],"damage_taken":[{"damage":9,"enemies":"Jaw Worm","floor":1,"turns":4},{"damage":27,"enemies":"3 Sentries","floor":6,"turns":8},{"damage":8,"enemies":"Small Slimes","floor":7,"turns":3},{"damage":10,"enemies":"Gremlin Nob","floor":8,"turns":3},{"damage":0,"enemies":"2 Louse","floor":10,"turns":3},{"damage":11,"enemies":"Exordium Wildlife","floor":11,"turns":4},{"damage":5,"enemies":"Lagavulin","floor":13,"turns":6},{"damage":35,"enemies":"Gremlin Gang","floor":14,"turns":4},{"damage":40,"enemies":"Slime Boss","floor":16,"turns":9},{"damage":15,"enemies":"3 Byrds","floor":18,"turns":4},{"damage":28,"enemies":"Masked Bandits","floor":19,"turns":4},{"damage":6,"enemies":"Spheric Guardian","floor":21,"turns":4},{"damage":36,"enemies":"Cultist and Chosen","floor":22,"turns":8},{"damage":37,"enemies":"Gremlin Leader","floor":24,"turns":2}],"seed_played":"-155048257188029175","potions_obtained":[{"floor":1,"key":"Fire Potion"},{"floor":7,"key":"Swift Potion"},{"floor":10,"key":"Weak Potion"},{"floor":16,"key":"Fire Potion"},{"floor":21,"key":"LiquidBronze"}],"is_trial":false,"path_per_floor":["M","?","$","?","?","E","M","E","T","M","M","R","E","M","R","B",null,"M","?","$","M","M","R","E"],"character_chosen":"IRONCLAD","items_purchased":["Clothesline","Offering","SkillPotion"],"campfire_rested":2,"item_purchase_floors":[3,20,20],"current_hp_per_floor":[72,77,77,51,72,51,49,45,45,51,46,46,47,18,44,10,68,59,37,37,37,7,33,0],"gold":69,"neow_bonus":"TEN_PERCENT_HP_BONUS","is_prod":false,"is_daily":false,"chose_seed":false,"campfire_upgraded":1,"win_rate":0,"timestamp":1556575642,"path_taken":["M","?","$","?","?","E","M","E","T","M","?","R","E","?","R","BOSS","M","?","$","M","M","R","E"],"build_version":"2019-01-23","purchased_purges":1,"victory":false,"max_hp_per_floor":[82,87,87,87,87,87,87,87,87,87,87,87,87,87,87,87,87,87,87,87,87,87,87,87],"card_choices":[{"not_picked":["Shrug It Off","Reckless Charge"],"picked":"Spot Weakness","floor":1},{"not_picked":["Fire Breathing","Inflame"],"picked":"Twin Strike","floor":6},{"not_picked":["Body Slam","Twin Strike"],"picked":"Ghostly Armor","floor":7},{"not_picked":["Rampage","Iron Wave"],"picked":"Corruption","floor":8},{"not_picked":["Clash+1","Clothesline+1"],"picked":"Wild Strike+1","floor":10},{"not_picked":["Carnage+1","Armaments"],"picked":"Shrug It Off","floor":11},{"not_picked":["Pommel Strike+1","Thunderclap+1"],"picked":"True Grit","floor":13},{"not_picked":["Flex","Ghostly Armor"],"picked":"Shockwave","floor":14},{"not_picked":["Berserk","Impervious"],"picked":"Dark Embrace","floor":16},{"not_picked":["Perfected Strike+1","Body Slam+1"],"picked":"Flame Barrier","floor":18},{"not_picked":["Pummel+1","Thunderclap+1"],"picked":"Headbutt+1","floor":19},{"not_picked":["Heavy Blade+1","Cleave+1"],"picked":"Armaments","floor":21},{"not_picked":["Shrug It Off","Twin Strike+1"],"picked":"Flame Barrier","floor":22}],"player_experience":502831,"relics_obtained":[{"floor":6,"key":"War Paint"},{"floor":8,"key":"Molten Egg 2"},{"floor":9,"key":"Bag of Preparation"},{"floor":13,"key":"Bronze Scales"},{"floor":19,"key":"Red Mask"}],"event_choices":[{"damage_healed":0,"gold_gain":0,"player_choice":"Donut","damage_taken":0,"max_hp_gain":5,"max_hp_loss":0,"event_name":"Big Fish","floor":2,"gold_loss":0},{"damage_healed":0,"gold_gain":0,"player_choice":"Entered Light","damage_taken":26,"max_hp_gain":0,"max_hp_loss":0,"event_name":"Shining Light","floor":4,"gold_loss":0,"cards_upgraded":["Bash","Defend_R"]},{"damage_healed":21,"gold_gain":0,"player_choice":"Healed","damage_taken":0,"max_hp_gain":0,"max_hp_loss":0,"event_name":"The Cleric","floor":5,"gold_loss":35},{"damage_healed":0,"gold_gain":0,"player_choice":"Fought Bandits","damage_taken":0,"max_hp_gain":0,"max_hp_loss":0,"event_name":"Masked Bandits","floor":19,"gold_loss":0}],"is_beta":false,"boss_relics":[{"not_picked":["Fusion Hammer","Runic Dome"],"picked":"Runic Pyramid"}],"items_purged_floors":[20],"is_endless":false,"potions_floor_spawned":[1,7,10,16,21],"killed_by":"Gremlin Leader","ascension_level":17}