{"gold_per_floor":[119,119,119,139,139,179,194,119,146,189,212,132,132,166,166,290,353,373,273,273,298,178,178,221,265,291,303,364,391,263,284,284,284],"floor_reached":33,"playtime":1279,"items_purged":["Defend_B","Defend_B","Strike_B","Zap","Coolheaded"],"score":306,"play_id":"b5a4951d-1056-4816-92b7-7eafc69ddaef","local_time":"20190222224424","is_ascension_mode":false,"campfire_choices":[{"floor":15,"key":"REST"},{"data":"Beam Cell","floor":23,"key":"SMITH"},{"floor":32,"key":"REST"}],"neow_cost":"NONE","seed_source_timestamp":191911749441482,"circlet_count":0,"master_deck":["Strike_B","Strike_B","Defend_B+1","Defend_B+1","Dualcast+1","Beam Cell+1","Ball Lightning","Glacier","Coolheaded+1"],"relics":["Cracked Core","NeowsBlessing","Golden Idol","Bag of Preparation","War Paint","The Courier","Orichalcum","Tiny House","Bottled Lightning","Red Mask","MawBank","Ancient Tea Set"],"potions_floor_usage":[16,18,24,25,33],"damage_taken":[{"damage":0,"enemies":"Cultist","floor":1,"turns":1},{"damage":0,"enemies":"2 Louse","floor":4,"turns":1},{"damage":0,"enemies":"3 Sentries","floor":6,"turns":2},{"damage":1,"enemies":"Jaw Worm","floor":7,"turns":4},{"damage":20,"enemies":"Gremlin Nob","floor":10,"turns":4},{"damage":3,"enemies":"Red Slaver","floor":11,"turns":3},{"damage":15,"enemies":"3 Sentries","floor":14,"turns":7},{"damage":19,"enemies":"The Guardian","floor":16,"turns":14},{"damage":22,"enemies":"2 Thieves","floor":18,"turns":4},{"damage":16,"enemies":"Shell Parasite","floor":21,"turns":6},{"damage":29,"enemies":"Book of Stabbing","floor":24,"turns":5},{"damage":0,"enemies":"Masked Bandits","floor":25,"turns":3},{"damage":0,"enemies":"Centurion and Healer","floor":29,"turns":11},{"damage":5,"enemies":"Cultist and Chosen","floor":31,"turns":6},{"damage":40,"enemies":"Collector","floor":33,"turns":8}],"seed_played":"8003835952040742925","potions_obtained":[{"floor":1,"key":"Explosive Potion"},{"floor":6,"key":"Swift Potion"},{"floor":11,"key":"Strength Potion"},{"floor":14,"key":"Ancient Potion"},{"floor":16,"key":"SpeedPotion"},{"floor":17,"key":"Strength Potion"},{"floor":24,"key":"AttackPotion"},{"floor":25,"key":"Strength Potion"}],"is_trial":false,"path_per_floor":["M","?","?","M","?","E","M","$","T","E","M","$","?","E","R","B",null,"M","$","?","M","$","R","E","?","T","?","T","M","$","M","R","B"],"character_chosen":"DEFECT","items_purchased":[],"campfire_rested":2,"item_purchase_floors":[],"current_hp_per_floor":[75,68,50,50,55,55,54,54,54,34,31,31,31,16,40,21,85,63,63,63,47,47,47,18,18,18,18,18,18,18,13,38,0],"gold":284,"neow_bonus":"THREE_ENEMY_KILL","is_prod":false,"is_daily":false,"chose_seed":false,"campfire_upgraded":1,"win_rate":0,"timestamp":1550904264,"path_taken":["M","?","?","M","?","E","?","?","T","E","?","$","?","E","R","BOSS","M","$","?","M","$","R","E","?","T","?","?","M","?","?","R","BOSS"],"build_version":"2019-01-23","purchased_purges":5,"victory":false,"max_hp_per_floor":[75,75,75,75,80,80,80,80,80,80,80,80,80,80,80,80,85,85,85,85,85,85,85,85,85,85,85,85,85,85,85,85,85],"card_choices":[{"not_picked":["Self Repair","Cold Snap","BootSequence"],"picked":"SKIP","floor":1},{"not_picked":["Streamline","Steam","FTL"],"picked":"SKIP","floor":4},{"not_picked":["Force Field","Rainbow","Redo"],"picked":"SKIP","floor":6},{"not_picked":["Chaos","Streamline","Hologram"],"picked":"SKIP","floor":7},{"not_picked":["Cold Snap","Conserve Battery"],"picked":"Beam Cell","floor":10},{"not_picked":["Steam","Storm"],"picked":"Coolheaded","floor":11},{"not_picked":["Coolheaded","Static Discharge","Storm"],"picked":"SKIP","floor":14},{"not_picked":["Loop","Turbo","Steam Power"],"picked":"SKIP","floor":18},{"not_picked":["Loop","Sweeping Beam"],"picked":"Glacier","floor":21},{"not_picked":["Biased Cognition","Go for the Eyes+1"],"picked":"Coolheaded+1","floor":24},{"not_picked":["Fusion","Redo","Beam Cell+1"],"picked":"SKIP","floor":29},{"not_picked":["Leap","Cold Snap","Capacitor"],"picked":"SKIP","floor":31}],"player_experience":447873,"relics_obtained":[{"floor":6,"key":"Bag of Preparation"},{"floor":9,"key":"War Paint"},{"floor":10,"key":"The Courier"},{"floor":14,"key":"Orichalcum"},{"floor":24,"key":"Bottled Lightning"},{"floor":25,"key":"Red Mask"},{"floor":26,"key":"MawBank"},{"floor":28,"key":"Ancient Tea Set"}],"event_choices":[{"cards_removed":["Strike_B"],"damage_healed":0,"gold_gain":0,"player_choice":"Card Removal","damage_taken":7,"max_hp_gain":0,"max_hp_loss":0,"event_name":"Golden Wing","floor":2,"gold_loss":0},{"damage_healed":0,"gold_gain":0,"player_choice":"Take Damage","damage_taken":18,"relics_obtained":["Golden Idol"],"max_hp_gain":0,"max_hp_loss":0,"event_name":"Golden Idol","floor":3,"gold_loss":0},{"damage_healed":0,"gold_gain":0,"player_choice":"Donut","damage_taken":0,"max_hp_gain":5,"max_hp_loss":0,"event_name":"Big Fish","floor":5,"gold_loss":0},{"damage_healed":0,"gold_gain":0,"player_choice":"Ignored","damage_taken":0,"max_hp_gain":0,"max_hp_loss":0,"event_name":"Liars Game","floor":13,"gold_loss":0},{"damage_healed":0,"gold_gain":0,"player_choice":"Read","damage_taken":0,"max_hp_gain":0,"max_hp_loss":0,"event_name":"The Library","floor":20,"gold_loss":0,"cards_obtained":["Ball Lightning"]},{"damage_healed":0,"gold_gain":0,"player_choice":"Fought Bandits","damage_taken":0,"max_hp_gain":0,"max_hp_loss":0,"event_name":"Masked Bandits","floor":25,"gold_loss":0},{"damage_healed":0,"gold_gain":0,"player_choice":"Ignored","damage_taken":0,"max_hp_gain":0,"max_hp_loss":0,"event_name":"Vampires","floor":27,"gold_loss":0}],"is_beta":false,"boss_relics":[{"not_picked":["Inserter","Calling Bell"],"picked":"Tiny House"}],"items_purged_floors":[8,12,19,22,30],"is_endless":false,"potions_floor_spawned":[1,6,11,14,16,24,25],"killed_by":"Collector","ascension_level":0}