{"gold_per_floor":[117,117,117,130,55,89,103,103,103,103,129,29,55,66,66,162,162,174,174,185,203,203,230,86,146,146,61,61,79,113,137,137,137],"floor_reached":33,"playtime":955,"items_purged":["Strike_R","Defend_R"],"score":371,"play_id":"ecb46de8-4d58-4829-ab17-d31002318849","local_time":"20180922101204","is_ascension_mode":false,"campfire_choices":[{"data":"Clash","floor":8,"key":"SMITH"},{"data":"Dropkick","floor":10,"key":"SMITH"},{"data":"Defend_R","floor":15,"key":"SMITH"},{"data":"Strike_R","floor":32,"key":"PURGE"}],"neow_cost":"NONE","seed_source_timestamp":733276427451033,"circlet_count":0,"master_deck":["Strike_R","Strike_R+1","Defend_R","Defend_R+1","Defend_R+1","Bash+1","Clash+1","Dropkick+1","Double Tap","Flex","Dropkick+1","Combust"],"relics":["Burning Blood","NeowsBlessing","Meat on the Bone","Singing Bowl","PreservedInsect","Boot","Busted Crown","MawBank","Oddly Smooth Stone","Tiny Chest","Dead Branch","Strawberry","Peace Pipe","Smiling Mask"],"potions_floor_usage":[11,13,16,20,23,25,25,33,33],"damage_taken":[{"damage":0,"enemies":"Cultist","floor":1,"turns":1},{"damage":0,"enemies":"Jaw Worm","floor":4,"turns":1},{"damage":0,"enemies":"3 Sentries","floor":6,"turns":2},{"damage":0,"enemies":"2 Louse","floor":7,"turns":2},{"damage":6,"enemies":"Gremlin Nob","floor":11,"turns":3},{"damage":1,"enemies":"3 Sentries","floor":13,"turns":6},{"damage":4,"enemies":"Exordium Wildlife","floor":14,"turns":3},{"damage":10,"enemies":"Slime Boss","floor":16,"turns":8},{"damage":0,"enemies":"Spheric Guardian","floor":18,"turns":3},{"damage":0,"enemies":"2 Thieves","floor":20,"turns":2},{"damage":9,"enemies":"Centurion and Healer","floor":21,"turns":4},{"damage":20,"enemies":"Slavers","floor":23,"turns":5},{"damage":10,"enemies":"Book of Stabbing","floor":25,"turns":3},{"damage":2,"enemies":"Cultist and Chosen","floor":29,"turns":4},{"damage":20,"enemies":"Gremlin Leader","floor":30,"turns":3},{"damage":92,"enemies":"Collector","floor":33,"turns":6}],"seed_played":"141309964836911944","potions_obtained":[{"floor":4,"key":"EntropicBrew"},{"floor":14,"key":"SkillPotion"},{"floor":16,"key":"AttackPotion"},{"floor":20,"key":"SneckoOil"},{"floor":21,"key":"SkillPotion"},{"floor":23,"key":"FearPotion"},{"floor":29,"key":"Strength Potion"}],"is_trial":false,"path_per_floor":["M","?","?","M","$","E","M","R","T","R","E","$","E","M","R","B",null,"M","?","M","M","?","E","$","E","T","?","?","M","E","T","R"],"character_chosen":"IRONCLAD","items_purchased":["Oddly Smooth Stone"],"campfire_rested":0,"item_purchase_floors":[24],"current_hp_per_floor":[80,64,64,70,70,76,80,80,80,80,82,82,84,86,86,82,86,88,88,90,89,89,77,77,75,75,82,82,88,76,76,76,0],"gold":137,"neow_bonus":"THREE_ENEMY_KILL","is_prod":false,"is_daily":false,"chose_seed":false,"campfire_upgraded":3,"win_rate":0,"timestamp":1537636324,"path_taken":["M","?","?","M","?","E","?","R","T","R","E","$","E","M","R","BOSS","M","?","M","?","?","E","$","E","T","?","?","M","E","?","R","BOSS"],"build_version":"2018-09-20","purchased_purges":2,"victory":false,"max_hp_per_floor":[80,80,80,80,80,80,80,80,80,80,82,82,84,86,86,86,86,88,88,90,92,92,94,94,96,96,103,103,105,107,107,107,107],"card_choices":[{"not_picked":["Cleave","Anger"],"picked":"Clash","floor":1},{"not_picked":["Heavy Blade","Shrug It Off"],"picked":"Dropkick","floor":4},{"not_picked":["Wild Strike","Feel No Pain","Reaper"],"picked":"SKIP","floor":6},{"not_picked":["Armaments","Reckless Charge","Iron Wave"],"picked":"SKIP","floor":7},{"not_picked":["Cleave","Havoc","Body Slam"],"picked":"Singing Bowl","floor":11},{"not_picked":["Uppercut","Iron Wave","Havoc"],"picked":"Singing Bowl","floor":13},{"not_picked":["Warcry","Seeing Red","Flex"],"picked":"Singing Bowl","floor":14},{"not_picked":["Exhume","Brutality"],"picked":"Double Tap","floor":16},{"not_picked":["Second Wind"],"picked":"Singing Bowl","floor":18},{"not_picked":["Clash"],"picked":"Singing Bowl","floor":20},{"not_picked":["Evolve"],"picked":"Singing Bowl","floor":21},{"not_picked":["Metallicize+1"],"picked":"Singing Bowl","floor":23},{"not_picked":["Iron Wave"],"picked":"Singing Bowl","floor":25},{"not_picked":["Pommel Strike"],"picked":"Singing Bowl","floor":29},{"not_picked":["Fire Breathing"],"picked":"Singing Bowl","floor":30}],"player_experience":249565,"relics_obtained":[{"floor":6,"key":"Meat on the Bone"},{"floor":9,"key":"Singing Bowl"},{"floor":11,"key":"PreservedInsect"},{"floor":13,"key":"Boot"},{"floor":23,"key":"MawBank"},{"floor":25,"key":"Tiny Chest"},{"floor":26,"key":"Dead Branch"},{"floor":30,"key":"Peace Pipe"},{"floor":31,"key":"Smiling Mask"}],"event_choices":[{"event_name":"Shining Light","player_choice":"Entered Light","floor":2,"damage_taken":0},{"event_name":"Upgrade Shrine","player_choice":"Upgraded","floor":3,"damage_taken":0},{"event_name":"The Library","player_choice":"Read","floor":19,"damage_taken":0},{"event_name":"Duplicator","player_choice":"One dupe","floor":22,"damage_taken":0},{"event_name":"Addict","player_choice":"Obtained Relic","floor":27,"damage_taken":0},{"event_name":"Transmorgrifier","player_choice":"Transform","floor":28,"damage_taken":0}],"is_beta":false,"boss_relics":[{"not_picked":["Velvet Choker","Mark of Pain"],"picked":"Busted Crown"}],"items_purged_floors":[5,12],"is_endless":false,"potions_floor_spawned":[4,14,16,20,21,23,29],"killed_by":"Collector","ascension_level":0}