{"gold_per_floor":[118,118,43,118,136,136,171,171,171,202,162,190,209,222,222,318,318,329,21,40,40,57,57],"floor_reached":23,"playtime":1067,"items_purged":["Strike_B"],"score":219,"play_id":"d298f3ba-2c09-41a5-8e39-c0e829668033","local_time":"20190421150020","is_ascension_mode":true,"campfire_choices":[{"data":"Streamline","floor":6,"key":"SMITH"},{"floor":8,"key":"REST"},{"floor":15,"key":"REST"}],"neow_cost":"PERCENT_DAMAGE","seed_source_timestamp":574970042776056,"circlet_count":0,"master_deck":["Strike_B","Defend_B+1","Defend_B","Defend_B","Defend_B","Zap+1","Dualcast","Streamline+1","Gash","Gash","Echo Form","Cold Snap+1","Defragment","Metamorphosis","BootSequence","Gash"],"relics":["Cracked Core","Dead Branch","Bronze Scales","Singing Bowl","Matryoshka","War Paint","Cables","Empty Cage"],"potions_floor_usage":[7,10,12,16,22],"damage_taken":[{"damage":5,"enemies":"Small Slimes","floor":1,"turns":3},{"damage":6,"enemies":"Cultist","floor":5,"turns":2},{"damage":16,"enemies":"Lagavulin","floor":7,"turns":5},{"damage":8,"enemies":"Gremlin Nob","floor":10,"turns":3},{"damage":11,"enemies":"3 Sentries","floor":12,"turns":5},{"damage":0,"enemies":"2 Louse","floor":13,"turns":2},{"damage":1,"enemies":"2 Fungi Beasts","floor":14,"turns":2},{"damage":37,"enemies":"The Guardian","floor":16,"turns":7},{"damage":10,"enemies":"Spheric Guardian","floor":18,"turns":3},{"damage":12,"enemies":"Shell Parasite","floor":20,"turns":5},{"damage":17,"enemies":"Centurion and Healer","floor":22,"turns":3},{"damage":49,"enemies":"Slavers","floor":23,"turns":3}],"seed_played":"-4453676777853690755","potions_obtained":[{"floor":1,"key":"SkillPotion"},{"floor":5,"key":"FearPotion"},{"floor":7,"key":"Strength Potion"},{"floor":11,"key":"SpeedPotion"},{"floor":11,"key":"Explosive Potion"},{"floor":11,"key":"SneckoOil"},{"floor":14,"key":"PowerPotion"},{"floor":18,"key":"PowerPotion"}],"is_trial":false,"path_per_floor":["M","?","$","?","M","R","E","R","T","E","?","E","M","M","R","B",null,"M","$","M","?","M","E"],"character_chosen":"DEFECT","items_purchased":["Defragment","Metamorphosis","BootSequence"],"campfire_rested":2,"item_purchase_floors":[19,19,19],"current_hp_per_floor":[49,49,49,38,32,32,18,41,41,35,35,26,26,27,51,14,83,73,73,61,61,46,0],"gold":57,"neow_bonus":"ONE_RARE_RELIC","is_prod":false,"is_daily":false,"chose_seed":false,"campfire_upgraded":1,"win_rate":0,"timestamp":1555855220,"path_taken":["M","?","?","?","M","R","E","R","T","E","?","E","M","M","R","BOSS","M","$","M","?","M","E"],"build_version":"2019-01-23","purchased_purges":1,"victory":false,"max_hp_per_floor":[75,75,75,75,75,75,77,77,77,79,79,81,81,83,83,83,83,83,83,83,83,85,85],"card_choices":[{"not_picked":["Capacitor","Barrage"],"picked":"Streamline","floor":1},{"not_picked":["BootSequence","Rip and Tear"],"picked":"Gash","floor":5},{"not_picked":["Barrage","FTL","Glacier"],"picked":"Singing Bowl","floor":7},{"not_picked":["Melter","Sweeping Beam","Aggregate"],"picked":"Singing Bowl","floor":10},{"not_picked":["Thunder Strike","Force Field","Barrage"],"picked":"Singing Bowl","floor":12},{"not_picked":["Rebound","Conserve Battery"],"picked":"Gash","floor":13},{"not_picked":["Steam Power","Ball Lightning","Storm"],"picked":"Singing Bowl","floor":14},{"not_picked":["Creative AI","Thunder Strike"],"picked":"Echo Form","floor":16},{"not_picked":["Steam","Hologram"],"picked":"Cold Snap+1","floor":18},{"not_picked":["Streamline+1","Leap"],"picked":"Gash","floor":20},{"not_picked":["Sweeping Beam","Heatsinks","Steam+1"],"picked":"Singing Bowl","floor":22}],"player_experience":1807577,"relics_obtained":[{"floor":7,"key":"Singing Bowl"},{"floor":9,"key":"Matryoshka"},{"floor":10,"key":"War Paint"},{"floor":12,"key":"Cables"}],"event_choices":[{"damage_healed":0,"gold_gain":0,"player_choice":"Gave Potion","damage_taken":0,"relics_obtained":["Bronze Scales"],"max_hp_gain":0,"max_hp_loss":0,"event_name":"WeMeetAgain","floor":2,"gold_loss":0},{"damage_healed":0,"gold_gain":75,"player_choice":"Gather Gold","damage_taken":11,"max_hp_gain":0,"max_hp_loss":0,"event_name":"World of Goop","floor":4,"gold_loss":0},{"damage_healed":0,"gold_gain":0,"player_choice":"Bought 3 Potions","damage_taken":0,"max_hp_gain":0,"max_hp_loss":0,"event_name":"The Woman in Blue","floor":11,"gold_loss":0},{"damage_healed":0,"gold_gain":0,"player_choice":"Ignored","damage_taken":0,"max_hp_gain":0,"max_hp_loss":0,"event_name":"Beggar","floor":21,"gold_loss":0}],"is_beta":false,"boss_relics":[{"not_picked":["Lizard Tail","Tiny House"],"picked":"Empty Cage"}],"items_purged_floors":[3],"is_endless":false,"potions_floor_spawned":[1,5,7,14,18],"killed_by":"Slavers","ascension_level":1}