{"gold_per_floor":[18,18,18,18,38,69,69,81,81,98,98],"floor_reached":11,"playtime":322,"items_purged":[],"score":80,"play_id":"5b6ae1c1-86d7-4f1d-b20c-4ba8bd4cfb14","local_time":"20190127002556","is_ascension_mode":true,"campfire_choices":[{"floor":7,"key":"REST"}],"neow_cost":"NO_GOLD","seed_source_timestamp":466075505413023,"circlet_count":0,"master_deck":["Strike_B+1","Strike_B","Strike_B","Defend_B+1","Defend_B","Zap","Dualcast+1","Fusion","Cold Snap","Redo+1","Defragment+1","Buffer+1"],"relics":["Cracked Core","Frozen Egg 2","War Paint"],"potions_floor_usage":[6,10],"damage_taken":[{"damage":13,"enemies":"2 Louse","floor":1,"turns":3},{"damage":0,"enemies":"Cultist","floor":5,"turns":4},{"damage":19,"enemies":"3 Sentries","floor":6,"turns":8},{"damage":12,"enemies":"Jaw Worm","floor":8,"turns":3},{"damage":25,"enemies":"Exordium Thugs","floor":10,"turns":4},{"damage":14,"enemies":"3 Louse","floor":11,"turns":2}],"seed_played":"-4847438225062624723","potions_obtained":[{"floor":5,"key":"EssenceOfSteel"},{"floor":8,"key":"FearPotion"}],"is_trial":false,"path_per_floor":["M","?","$","?","M","E","R","M","T","M","M"],"character_chosen":"DEFECT","items_purchased":[],"campfire_rested":1,"item_purchase_floors":[],"current_hp_per_floor":[62,47,47,47,47,28,50,38,38,13,0],"gold":98,"neow_bonus":"REMOVE_TWO","is_prod":false,"is_daily":false,"chose_seed":false,"campfire_upgraded":0,"win_rate":0,"timestamp":1548577556,"path_taken":["M","?","$","?","M","E","R","M","T","M","M"],"build_version":"2019-01-23","purchased_purges":0,"victory":false,"max_hp_per_floor":[75,75,75,75,75,75,75,75,75,75,75],"card_choices":[{"not_picked":["Beam Cell","Stack","Heatsinks"],"picked":"SKIP","floor":1},{"not_picked":["Beam Cell","Steam"],"picked":"Cold Snap","floor":5},{"not_picked":["Beam Cell","Reprogram"],"picked":"Redo","floor":6},{"not_picked":["Turbo","Ball Lightning"],"picked":"Defragment+1","floor":8},{"not_picked":["Melter","Scrape"],"picked":"Buffer+1","floor":10}],"player_experience":341226,"relics_obtained":[{"floor":6,"key":"Frozen Egg 2"},{"floor":9,"key":"War Paint"}],"event_choices":[{"damage_healed":0,"gold_gain":0,"player_choice":"Entered Light","damage_taken":15,"max_hp_gain":0,"max_hp_loss":0,"event_name":"Shining Light","floor":2,"gold_loss":0,"cards_upgraded":["Strike_B","Defend_B"]},{"damage_healed":0,"gold_gain":0,"cards_transformed":["Defend_B"],"player_choice":"Transformed","damage_taken":0,"max_hp_gain":0,"max_hp_loss":0,"event_name":"Transmorgrifier","floor":4,"gold_loss":0,"cards_obtained":["Fusion"]}],"is_beta":false,"boss_relics":[],"items_purged_floors":[],"is_endless":false,"potions_floor_spawned":[5,8],"killed_by":"3 Louse","ascension_level":2}