{"gold_per_floor":[111,36,111,122,297,297,328,378,378,396,23,35,53,73,73,168,168,184,184,197,197,197],"floor_reached":22,"playtime":1161,"items_purged":["Defend_B"],"score":285,"play_id":"d5c60e1d-d9cc-4b0a-8983-91541bf68432","local_time":"20181203124924","is_ascension_mode":true,"campfire_choices":[{"data":"Dualcast","floor":6,"key":"SMITH"},{"data":"Doubt","floor":15,"key":"PURGE"}],"neow_cost":"NONE","seed_source_timestamp":149108099390404,"circlet_count":0,"master_deck":["Zap","Dualcast+1","Capacitor","Chill","Defragment","FTL","Conserve Battery","Biased Cognition","Sunder","Compile Driver","Stack","Gash","Steam","Rebound","Leap","Leap"],"relics":["Cracked Core","NeowsBlessing","Nunchaku","Ancient Tea Set","Oddly Smooth Stone","Peace Pipe","Pandora\u0027s Box"],"potions_floor_usage":[10,13,20,22],"damage_taken":[{"damage":0,"enemies":"Small Slimes","floor":1,"turns":1},{"damage":0,"enemies":"2 Louse","floor":4,"turns":1},{"damage":0,"enemies":"Gremlin Nob","floor":7,"turns":1},{"damage":0,"enemies":"Jaw Worm","floor":10,"turns":2},{"damage":6,"enemies":"2 Fungi Beasts","floor":12,"turns":4},{"damage":0,"enemies":"Looter","floor":13,"turns":2},{"damage":0,"enemies":"Large Slime","floor":14,"turns":5},{"damage":33,"enemies":"The Guardian","floor":16,"turns":13},{"damage":16,"enemies":"2 Thieves","floor":18,"turns":4},{"damage":6,"enemies":"3 Byrds","floor":20,"turns":4},{"damage":26,"enemies":"Cultist and Chosen","floor":22,"turns":6}],"seed_played":"4023755137317417183","potions_obtained":[{"floor":1,"key":"SteroidPotion"},{"floor":12,"key":"SkillPotion"},{"floor":14,"key":"Ancient Potion"},{"floor":16,"key":"Explosive Potion"},{"floor":20,"key":"Block Potion"}],"is_trial":false,"path_per_floor":["M","$","?","M","?","R","E","T","T","M","$","M","M","M","R","B",null,"M","?","M","?","M"],"character_chosen":"DEFECT","items_purchased":["Defragment","Peace Pipe"],"campfire_rested":0,"item_purchase_floors":[11,11],"current_hp_per_floor":[68,68,57,57,57,57,57,57,57,57,57,51,51,51,51,18,61,45,45,39,25,0],"gold":197,"neow_bonus":"THREE_ENEMY_KILL","is_prod":false,"is_daily":false,"chose_seed":false,"campfire_upgraded":1,"win_rate":0,"timestamp":1543837764,"path_taken":["M","$","?","M","?","R","E","?","T","M","$","M","M","M","R","BOSS","M","?","M","?","M"],"build_version":"2018-11-15","purchased_purges":1,"victory":false,"max_hp_per_floor":[75,75,75,75,75,75,75,75,75,75,75,75,75,75,75,75,75,75,75,75,80,80],"card_choices":[{"not_picked":["Steam Power","Compile Driver"],"picked":"Capacitor","floor":1},{"not_picked":["Leap","Aggregate","Streamline"],"picked":"SKIP","floor":4},{"not_picked":["Redo","Recycle"],"picked":"Chill","floor":7},{"not_picked":["Leap","Go for the Eyes","Melter"],"picked":"SKIP","floor":10},{"not_picked":["Double Energy","Redo"],"picked":"FTL","floor":12},{"not_picked":["Turbo","Hologram","Ball Lightning"],"picked":"SKIP","floor":13},{"not_picked":["Darkness","Chill"],"picked":"Conserve Battery","floor":14},{"not_picked":["All For One","Creative AI"],"picked":"Biased Cognition","floor":16},{"not_picked":["Redo","Heatsinks","Rebound"],"picked":"SKIP","floor":18},{"not_picked":["Darkness","Steam"],"picked":"Leap","floor":20}],"player_experience":328962,"relics_obtained":[{"floor":7,"key":"Nunchaku"},{"floor":8,"key":"Ancient Tea Set"},{"floor":9,"key":"Oddly Smooth Stone"}],"event_choices":[{"damage_healed":0,"gold_gain":75,"player_choice":"Gather Gold","damage_taken":11,"max_hp_gain":0,"max_hp_loss":0,"event_name":"World of Goop","floor":3,"gold_loss":0},{"damage_healed":0,"gold_gain":175,"player_choice":"AGREE","damage_taken":0,"max_hp_gain":0,"max_hp_loss":0,"event_name":"Liars Game","floor":5,"gold_loss":0,"cards_obtained":["Doubt"]},{"damage_healed":0,"gold_gain":0,"player_choice":"Ignored","damage_taken":0,"max_hp_gain":0,"max_hp_loss":0,"event_name":"Ghosts","floor":19,"gold_loss":0},{"damage_healed":0,"gold_gain":0,"player_choice":"Shed Blood","damage_taken":19,"max_hp_gain":5,"max_hp_loss":0,"event_name":"Forgotten Altar","floor":21,"gold_loss":0}],"is_beta":false,"boss_relics":[{"not_picked":["Philosopher\u0027s Stone","Cursed Key"],"picked":"Pandora\u0027s Box"}],"items_purged_floors":[2],"is_endless":false,"potions_floor_spawned":[1,12,14,16,20],"killed_by":"Cultist and Chosen","ascension_level":7}