{"gold_per_floor":[118,138,155,125,9,44,64,97,97,110,110,110,135,15,15,115,115,125,145,164,182,2,2,20,33,33,33,47,47,67,95,95,197,197,209,226,326,326,210,245,264,299,299,324,324,160,171,190,190,190],"floor_reached":51,"playtime":4390,"items_purged":["Strike_G"],"score":937,"play_id":"a30a7fc2-c867-4f85-8231-a8ea121ee4ba","local_time":"20190414232938","is_ascension_mode":true,"campfire_choices":[{"floor":11,"key":"REST"},{"floor":15,"key":"REST"},{"floor":23,"key":"REST"},{"data":"After Image","floor":29,"key":"SMITH"},{"floor":32,"key":"REST"},{"floor":49,"key":"REST"}],"neow_cost":"NONE","seed_source_timestamp":432065719881700,"circlet_count":0,"master_deck":["Defend_G","Defend_G","Defend_G","Defend_G","Defend_G","Strike_G","Strike_G","Strike_G","Survivor+1","Bane","Crippling Poison","Predator","Noxious Fumes+1","Bouncing Flask","Dodge and Roll","Sucker Punch","Caltrops","After Image+1","Adrenaline","Leg Sweep","Footwork","Backflip+1","Underhanded Strike+1","Night Terror","After Image","Venomology","Underhanded Strike+1","Outmaneuver+1","Eviscerate","Dodge and Roll+1","Blur","Infinite Blades+1"],"relics":["Black Star","Sundial","Pocketwatch","Pear","Bronze Scales","The Courier","War Paint","Ancient Tea Set","Snecko Eye","PreservedInsect","Torii","Nilry\u0027s Codex","Mummified Hand","Ornamental Fan","Empty Cage","StoneCalendar","Lantern","Potion Belt","Boot","Pantograph","Ginger","Mercury Hourglass","Bottled Tornado","Blood Vial","TwistedFunnel"],"potions_floor_usage":[8,8,13,20,20,30,30,31,35,36,36,37,40,40,41,44,44,47,47,48,50,50],"damage_taken":[{"damage":13,"enemies":"Jaw Worm","floor":1,"turns":5},{"damage":0,"enemies":"2 Louse","floor":2,"turns":2},{"damage":6,"enemies":"Small Slimes","floor":3,"turns":3},{"damage":3,"enemies":"Looter","floor":4,"turns":4},{"damage":30,"enemies":"3 Sentries","floor":6,"turns":6},{"damage":4,"enemies":"Exordium Wildlife","floor":7,"turns":5},{"damage":13,"enemies":"Lagavulin","floor":8,"turns":6},{"damage":4,"enemies":"Large Slime","floor":10,"turns":5},{"damage":28,"enemies":"Gremlin Nob","floor":13,"turns":5},{"damage":11,"enemies":"Slime Boss","floor":16,"turns":7},{"damage":14,"enemies":"Spheric Guardian","floor":18,"turns":4},{"damage":6,"enemies":"Chosen","floor":19,"turns":4},{"damage":19,"enemies":"Shelled Parasite and Fungi","floor":20,"turns":6},{"damage":5,"enemies":"Chosen and Byrds","floor":21,"turns":4},{"damage":5,"enemies":"Sentry and Sphere","floor":24,"turns":6},{"damage":13,"enemies":"Snake Plant","floor":25,"turns":4},{"damage":0,"enemies":"Chosen and Byrds","floor":28,"turns":4},{"damage":2,"enemies":"Centurion and Healer","floor":30,"turns":7},{"damage":18,"enemies":"Slavers","floor":31,"turns":4},{"damage":10,"enemies":"Champ","floor":33,"turns":12},{"damage":23,"enemies":"3 Shapes","floor":35,"turns":5},{"damage":0,"enemies":"Orb Walker","floor":36,"turns":4},{"damage":0,"enemies":"Mind Bloom Boss Battle","floor":37,"turns":6},{"damage":26,"enemies":"Reptomancer","floor":40,"turns":6},{"damage":2,"enemies":"Maw","floor":41,"turns":7},{"damage":15,"enemies":"Giant Head","floor":42,"turns":7},{"damage":0,"enemies":"Reptomancer","floor":44,"turns":6},{"damage":0,"enemies":"Transient","floor":47,"turns":5},{"damage":0,"enemies":"4 Shapes","floor":48,"turns":6},{"damage":0,"enemies":"Donu and Deca","floor":50,"turns":9}],"seed_played":"1207155578082982325","potions_obtained":[{"floor":6,"key":"Explosive Potion"},{"floor":7,"key":"Weak Potion"},{"floor":8,"key":"PowerPotion"},{"floor":13,"key":"SmokeBomb"},{"floor":16,"key":"AttackPotion"},{"floor":19,"key":"PowerPotion"},{"floor":25,"key":"LiquidBronze"},{"floor":28,"key":"Block Potion"},{"floor":30,"key":"Fire Potion"},{"floor":40,"key":"SpeedPotion"},{"floor":42,"key":"AttackPotion"},{"floor":45,"key":"SpeedPotion"},{"floor":45,"key":"Weak Potion"}],"is_trial":false,"path_per_floor":["M","M","M","M","$","E","M","E","T","M","R","?","E","$","R","B",null,"M","M","M","M","$","R","M","M","T","?","M","R","M","E","R","B",null,"M","M","?","?","$","E","M","E","T","E","?","$","M","M","R","B",null],"character_chosen":"THE_SILENT","items_purchased":["Noxious Fumes","Bouncing Flask","After Image","PreservedInsect","Lantern","TwistedFunnel"],"campfire_rested":5,"item_purchase_floors":[5,5,14,22,39,46],"current_hp_per_floor":[57,57,51,48,48,18,14,11,11,7,31,31,3,3,27,16,80,66,60,41,36,36,60,55,42,42,26,26,26,24,6,30,20,80,57,57,57,57,57,31,29,14,14,14,14,14,16,18,42,69],"gold":190,"neow_bonus":"BOSS_RELIC","is_prod":false,"is_daily":false,"chose_seed":false,"campfire_upgraded":1,"win_rate":0,"timestamp":1555277378,"path_taken":["M","M","M","M","$","E","M","E","T","M","R","?","E","?","R","BOSS","M","M","M","M","$","R","M","M","T","?","M","R","M","E","R","BOSS","M","M","?","?","?","E","M","E","T","E","?","$","M","M","R","BOSS"],"build_version":"2019-01-23","purchased_purges":1,"victory":true,"max_hp_per_floor":[70,70,70,70,70,70,70,80,80,80,80,80,80,80,80,80,80,80,80,80,80,80,80,80,80,80,80,80,80,80,80,80,80,80,80,80,80,80,80,80,80,80,80,80,80,80,80,80,80,80],"card_choices":[{"not_picked":["Dagger Spray","Quick Slash"],"picked":"Bane","floor":1},{"not_picked":["Sucker Punch","Outmaneuver"],"picked":"Crippling Poison","floor":2},{"not_picked":["Eviscerate","Outmaneuver"],"picked":"Predator","floor":3},{"not_picked":["Blade Dance","Acrobatics"],"picked":"Terror","floor":4},{"not_picked":["Underhanded Strike","Bouncing Flask"],"picked":"Dodge and Roll","floor":6},{"not_picked":["Backflip","Acrobatics"],"picked":"Sucker Punch","floor":7},{"not_picked":["Accuracy","Unload"],"picked":"Caltrops","floor":8},{"not_picked":["Slice","Acrobatics","Underhanded Strike"],"picked":"SKIP","floor":10},{"not_picked":["Quick Slash","Setup","Cloak And Dagger"],"picked":"SKIP","floor":13},{"not_picked":["Unload","Grand Finale"],"picked":"Adrenaline","floor":16},{"not_picked":["Underhanded Strike","Bane"],"picked":"Leg Sweep","floor":18},{"not_picked":["Slice+1","Bane"],"picked":"Footwork","floor":19},{"not_picked":["Escape Plan","Bane","Caltrops"],"picked":"SKIP","floor":20},{"not_picked":["Quick Slash","Outmaneuver"],"picked":"Backflip+1","floor":21},{"not_picked":["Endless Agony","Deflect"],"picked":"Underhanded Strike+1","floor":24},{"not_picked":["Leg Sweep+1","Dagger Throw"],"picked":"Night Terror","floor":25},{"not_picked":["Backflip","Distraction+1","Backstab"],"picked":"SKIP","floor":28},{"not_picked":["Dagger Spray","Quick Slash","Blade Dance+1"],"picked":"SKIP","floor":30},{"not_picked":["Terror","Tactician"],"picked":"After Image","floor":31},{"not_picked":["Unload","Wraith Form v2"],"picked":"Venomology","floor":33},{"not_picked":["Sucker Punch+1","Dagger Throw","PiercingWail"],"picked":"SKIP","floor":35},{"not_picked":["Outmaneuver","Escape Plan+1"],"picked":"Underhanded Strike+1","floor":36},{"not_picked":["Expertise","Poisoned Stab+1"],"picked":"Outmaneuver+1","floor":37},{"not_picked":["Deflect","Doppelganger"],"picked":"Eviscerate","floor":40},{"not_picked":["Cloak And Dagger+1","Deflect"],"picked":"Dodge and Roll+1","floor":41},{"not_picked":["Cloak And Dagger","Riddle With Holes+1"],"picked":"Blur","floor":42},{"not_picked":["Backflip+1","Deadly Poison+1","Setup"],"picked":"SKIP","floor":44},{"not_picked":["Flying Knee+1","Dodge and Roll","Underhanded Strike+1"],"picked":"SKIP","floor":47},{"not_picked":["Slice","Bane"],"picked":"Infinite Blades+1","floor":48}],"player_experience":455826,"relics_obtained":[{"floor":6,"key":"Sundial"},{"floor":6,"key":"Pocketwatch"},{"floor":8,"key":"Pear"},{"floor":8,"key":"Bronze Scales"},{"floor":9,"key":"The Courier"},{"floor":13,"key":"War Paint"},{"floor":13,"key":"Ancient Tea Set"},{"floor":26,"key":"Torii"},{"floor":27,"key":"Nilry\u0027s Codex"},{"floor":31,"key":"Mummified Hand"},{"floor":31,"key":"Ornamental Fan"},{"floor":37,"key":"StoneCalendar"},{"floor":40,"key":"Potion Belt"},{"floor":40,"key":"Boot"},{"floor":42,"key":"Pantograph"},{"floor":42,"key":"Ginger"},{"floor":43,"key":"Mercury Hourglass"},{"floor":44,"key":"Bottled Tornado"},{"floor":44,"key":"Blood Vial"}],"event_choices":[{"damage_healed":0,"gold_gain":0,"player_choice":"Grow","damage_taken":0,"max_hp_gain":0,"max_hp_loss":0,"event_name":"Living Wall","floor":12,"gold_loss":0,"cards_upgraded":["Noxious Fumes"]},{"damage_healed":0,"gold_gain":0,"player_choice":"Obtained Book","damage_taken":16,"max_hp_gain":0,"max_hp_loss":0,"event_name":"Cursed Tome","floor":27,"gold_loss":0},{"damage_healed":0,"gold_gain":0,"player_choice":"Fight","damage_taken":0,"max_hp_gain":0,"max_hp_loss":0,"event_name":"MindBloom","floor":37,"gold_loss":0},{"cards_removed":["Neutralize"],"damage_healed":0,"gold_gain":0,"player_choice":"Removed Attack","damage_taken":0,"max_hp_gain":0,"max_hp_loss":0,"event_name":"Falling","floor":38,"gold_loss":0},{"damage_healed":0,"gold_gain":0,"player_choice":"Got Potions","damage_taken":0,"max_hp_gain":0,"max_hp_loss":0,"event_name":"Lab","floor":45,"gold_loss":0}],"is_beta":false,"boss_relics":[{"not_picked":["Ectoplasm","Philosopher\u0027s Stone"],"picked":"Snecko Eye"},{"not_picked":["Runic Pyramid","Velvet Choker"],"picked":"Empty Cage"}],"items_purged_floors":[22],"is_endless":false,"potions_floor_spawned":[6,7,8,13,16,19,25,28,30,35,40,42,44],"ascension_level":2}