{"gold_per_floor":[113,113,130,205,217,217,245,245,299,299,299],"floor_reached":11,"playtime":615,"items_purged":[],"score":75,"play_id":"50fe9f47-d686-4888-a71f-107645185165","local_time":"20190304202153","is_ascension_mode":true,"campfire_choices":[{"data":"Neutralize","floor":6,"key":"SMITH"},{"data":"Bullet Time","floor":8,"key":"SMITH"}],"neow_cost":"NONE","seed_source_timestamp":217779276339015,"circlet_count":0,"master_deck":["Defend_G","Defend_G","Defend_G","Defend_G","Defend_G","Strike_G","Strike_G+1","Strike_G","Strike_G","Survivor","Neutralize+1","PiercingWail","Slice","Acrobatics","Flying Knee+1","Bullet Time+1"],"relics":["Black Star","Bag of Marbles","Dodecahedron","Juzu Bracelet"],"potions_floor_usage":[7],"damage_taken":[{"damage":0,"enemies":"Small Slimes","floor":1,"turns":4},{"damage":0,"enemies":"Cultist","floor":3,"turns":4},{"damage":0,"enemies":"2 Louse","floor":5,"turns":3},{"damage":28,"enemies":"Gremlin Nob","floor":7,"turns":5},{"damage":40,"enemies":"Lagavulin","floor":11,"turns":9}],"seed_played":"-1199825643440513438","potions_obtained":[{"floor":3,"key":"Regen Potion"}],"is_trial":false,"path_per_floor":["?","M","?","?"],"character_chosen":"THE_SILENT","items_purchased":[],"campfire_rested":0,"item_purchase_floors":[],"current_hp_per_floor":[70,70,70,59,59,59,45,45,45,31,0],"gold":299,"neow_bonus":"BOSS_RELIC","is_prod":false,"is_daily":false,"chose_seed":false,"campfire_upgraded":2,"win_rate":0,"timestamp":1551756113,"path_taken":["M","?","?","?","M","R","E","R","T","?","E"],"build_version":"2019-01-23","purchased_purges":0,"victory":false,"max_hp_per_floor":[70,70,70,70,70,70,70,70,70,70,70],"card_choices":[{"not_picked":["Slice","Blade Dance"],"picked":"PiercingWail","floor":1},{"not_picked":["Distraction","Bane"],"picked":"Acrobatics","floor":3},{"not_picked":["Quick Slash","Outmaneuver"],"picked":"Flying Knee","floor":5},{"not_picked":["Cloak And Dagger","Quick Slash"],"picked":"Bullet Time","floor":7}],"player_experience":99355,"relics_obtained":[{"floor":7,"key":"Bag of Marbles"},{"floor":7,"key":"Dodecahedron"},{"floor":9,"key":"Juzu Bracelet"}],"event_choices":[{"damage_healed":0,"gold_gain":0,"cards_transformed":["Strike_G"],"player_choice":"Transformed","damage_taken":0,"max_hp_gain":0,"max_hp_loss":0,"event_name":"Transmorgrifier","floor":2,"gold_loss":0,"cards_obtained":["Slice"]},{"damage_healed":0,"gold_gain":75,"player_choice":"Gather Gold","damage_taken":11,"max_hp_gain":0,"max_hp_loss":0,"event_name":"World of Goop","floor":4,"gold_loss":0},{"damage_healed":0,"gold_gain":0,"player_choice":"Entered Light","damage_taken":14,"max_hp_gain":0,"max_hp_loss":0,"event_name":"Shining Light","floor":10,"gold_loss":0,"cards_upgraded":["Strike_G","Flying Knee"]}],"is_beta":false,"boss_relics":[],"items_purged_floors":[],"is_endless":false,"potions_floor_spawned":[3],"killed_by":"Lagavulin","ascension_level":1}