{"gold_per_floor":[115,76,95,110,125,125,144,144,168,168,199,199,211,227,227,325,325,339,349,365,379,396,429,429,485,511,511,511,546,546,580,580,580],"floor_reached":33,"playtime":2727,"items_purged":[],"score":372,"play_id":"6e8d41ce-0534-4538-b2ea-2ee2b2504886","local_time":"20190319210934","is_ascension_mode":true,"campfire_choices":[{"data":"Coolheaded","floor":6,"key":"SMITH"},{"data":"Chaos","floor":8,"key":"SMITH"},{"data":"Zap","floor":10,"key":"SMITH"},{"data":"Dualcast","floor":15,"key":"SMITH"},{"floor":24,"key":"REST"},{"floor":27,"key":"REST"},{"floor":32,"key":"REST"}],"neow_cost":"NONE","seed_source_timestamp":432938922627282,"circlet_count":0,"master_deck":["Strike_B","Strike_B","Defend_B","Defend_B","Defend_B","Zap+1","Dualcast+1","Steam","Chaos+1","Capacitor","Coolheaded+1","Lockon","Conserve Battery","Core Surge","Reinforced Body","Cold Snap","Hyperbeam","Electrodynamics","Darkness","Turbo","Chill+1","Leap+1","Barrage","Hologram","Steam+1","Rebound+1","Genetic Algorithm"],"relics":["Cracked Core","Strawberry","Bag of Marbles","Bag of Preparation","Empty Cage","Orichalcum","Tiny Chest","Art of War","Turnip","Bottled Lightning","Juzu Bracelet"],"potions_floor_usage":[11,11,16,16,21,23,23,29,29,33],"damage_taken":[{"damage":0,"enemies":"Cultist","floor":1,"turns":4},{"damage":6,"enemies":"2 Louse","floor":3,"turns":3},{"damage":0,"enemies":"Small Slimes","floor":4,"turns":3},{"damage":10,"enemies":"Looter","floor":5,"turns":4},{"damage":0,"enemies":"Exordium Wildlife","floor":7,"turns":3},{"damage":4,"enemies":"3 Sentries","floor":11,"turns":7},{"damage":8,"enemies":"Exordium Thugs","floor":13,"turns":4},{"damage":0,"enemies":"3 Louse","floor":14,"turns":3},{"damage":28,"enemies":"Hexaghost","floor":16,"turns":12},{"damage":8,"enemies":"2 Thieves","floor":18,"turns":3},{"damage":0,"enemies":"Spheric Guardian","floor":19,"turns":3},{"damage":13,"enemies":"Snake Plant","floor":20,"turns":3},{"damage":5,"enemies":"Chosen and Byrds","floor":21,"turns":6},{"damage":0,"enemies":"Snecko","floor":22,"turns":5},{"damage":30,"enemies":"Book of Stabbing","floor":23,"turns":6},{"damage":40,"enemies":"Gremlin Leader","floor":25,"turns":6},{"damage":0,"enemies":"Book of Stabbing","floor":29,"turns":7},{"damage":44,"enemies":"Slavers","floor":31,"turns":6},{"damage":30,"enemies":"Champ","floor":33,"turns":11}],"seed_played":"5831715790764741270","potions_obtained":[{"floor":3,"key":"FocusPotion"},{"floor":4,"key":"GamblersBrew"},{"floor":5,"key":"PowerPotion"},{"floor":11,"key":"Weak Potion"},{"floor":19,"key":"SteroidPotion"},{"floor":20,"key":"SkillPotion"},{"floor":21,"key":"Regen Potion"},{"floor":22,"key":"Weak Potion"},{"floor":25,"key":"Weak Potion"},{"floor":31,"key":"PowerPotion"}],"is_trial":false,"path_per_floor":["M","$","M","M","M","R","M","R","T","R","E","?","M","M","R","B",null,"M","M","M","M","M","E","R","E","T","R","?","E","?","E","R","B"],"character_chosen":"DEFECT","items_purchased":["Chaos"],"campfire_rested":3,"item_purchase_floors":[2],"current_hp_per_floor":[82,82,76,76,66,66,66,66,66,66,62,62,54,54,54,26,82,74,74,61,56,56,40,64,24,24,48,48,48,48,4,28,0],"gold":580,"neow_bonus":"RANDOM_COMMON_RELIC","is_prod":false,"is_daily":false,"chose_seed":false,"campfire_upgraded":4,"win_rate":0,"timestamp":1552997374,"path_taken":["M","$","M","M","M","R","M","R","T","R","E","?","M","M","R","BOSS","M","?","M","M","M","E","R","E","T","R","?","E","?","E","R","BOSS"],"build_version":"2019-01-23","purchased_purges":0,"victory":false,"max_hp_per_floor":[82,82,82,82,82,82,82,82,82,82,82,82,82,82,82,82,82,82,82,82,82,82,82,82,82,82,82,82,82,82,82,82,82],"card_choices":[{"not_picked":["Gash","Scrape"],"picked":"Steam","floor":1},{"not_picked":["Loop","Chaos"],"picked":"Capacitor","floor":3},{"not_picked":["Barrage","Leap"],"picked":"Coolheaded","floor":4},{"not_picked":["Stack","Rebound"],"picked":"Lockon","floor":5},{"not_picked":["Chaos","Rebound"],"picked":"Conserve Battery","floor":7},{"not_picked":["Double Energy","Rebound"],"picked":"Core Surge","floor":11},{"not_picked":["Sweeping Beam","Conserve Battery"],"picked":"Cold Snap","floor":13},{"not_picked":["Stack","Scrape"],"picked":"Hyperbeam","floor":14},{"not_picked":["Hyperbeam","Rainbow"],"picked":"Electrodynamics","floor":16},{"not_picked":["Force Field+1","Capacitor"],"picked":"Darkness","floor":18},{"not_picked":["Static Discharge","Coolheaded"],"picked":"Turbo","floor":19},{"not_picked":["Compile Driver","Lockon+1"],"picked":"Chill+1","floor":20},{"not_picked":["Sweeping Beam","Conserve Battery"],"picked":"Leap+1","floor":21},{"not_picked":["Capacitor","Recycle+1"],"picked":"Barrage","floor":22},{"not_picked":["Double Energy","Turbo+1"],"picked":"Hologram","floor":23},{"not_picked":["Reinforced Body","Ball Lightning"],"picked":"Steam+1","floor":25},{"not_picked":["Leap","Streamline"],"picked":"Rebound+1","floor":29},{"not_picked":["Turbo","All For One"],"picked":"Genetic Algorithm","floor":31}],"player_experience":117568,"relics_obtained":[{"floor":9,"key":"Bag of Marbles"},{"floor":11,"key":"Bag of Preparation"},{"floor":23,"key":"Orichalcum"},{"floor":25,"key":"Tiny Chest"},{"floor":26,"key":"Art of War"},{"floor":29,"key":"Bottled Lightning"},{"floor":31,"key":"Juzu Bracelet"}],"event_choices":[{"damage_healed":0,"gold_gain":0,"cards_transformed":["Strike_B"],"player_choice":"Transformed","damage_taken":0,"max_hp_gain":0,"max_hp_loss":0,"event_name":"Transmorgrifier","floor":12,"gold_loss":0,"cards_obtained":["Reinforced Body"]},{"damage_healed":0,"gold_gain":0,"player_choice":"Opened","damage_taken":0,"relics_obtained":["Turnip"],"max_hp_gain":0,"max_hp_loss":0,"event_name":"The Mausoleum","floor":28,"gold_loss":0},{"damage_healed":0,"gold_gain":0,"player_choice":"Ignored","damage_taken":0,"max_hp_gain":0,"max_hp_loss":0,"event_name":"Vampires","floor":30,"gold_loss":0}],"is_beta":false,"boss_relics":[{"not_picked":["Tiny House","Orrery"],"picked":"Empty Cage"}],"items_purged_floors":[],"is_endless":false,"potions_floor_spawned":[3,4,5,7,11,19,20,21,22,25,31],"killed_by":"Champ","ascension_level":1}