{"gold_per_floor":[110,110,110,122,222,222,254,270,297,297,297,297,311,120,120,225,225,206,131,145,161,43,43,69,69,121,137,153,78,97,97],"floor_reached":31,"playtime":3655,"items_purged":["Pain"],"score":406,"play_id":"aa71661a-5f19-4025-9793-94fd347dd008","local_time":"20190428214126","is_ascension_mode":true,"campfire_choices":[{"data":"Bash","floor":6,"key":"SMITH"},{"data":"True Grit","floor":10,"key":"SMITH"},{"data":"Spot Weakness","floor":12,"key":"SMITH"},{"data":"Apotheosis","floor":15,"key":"SMITH"},{"data":"Whirlwind","floor":23,"key":"SMITH"}],"neow_cost":"NONE","seed_source_timestamp":1635913061487200,"circlet_count":0,"master_deck":["Strike_R+1","Strike_R+1","Defend_R","Defend_R+1","Bash+1","Ghostly Armor","True Grit+1","Disarm+1","Spot Weakness+1","Ghostly Armor","Apotheosis+1","Reaper","Seeing Red+1","Disarm+1","Heavy Blade","Inflame","Whirlwind+1","Dual Wield","Havoc+1"],"relics":["Burning Blood","NeowsBlessing","Whetstone","War Paint","Empty Cage","Pen Nib","WarpedTongs","Regal Pillow"],"potions_floor_usage":[18,31],"damage_taken":[{"damage":0,"enemies":"2 Louse","floor":1,"turns":1},{"damage":0,"enemies":"Small Slimes","floor":4,"turns":1},{"damage":0,"enemies":"Gremlin Nob","floor":7,"turns":1},{"damage":6,"enemies":"Cultist","floor":8,"turns":3},{"damage":0,"enemies":"Large Slime","floor":13,"turns":5},{"damage":36,"enemies":"Hexaghost","floor":16,"turns":11},{"damage":26,"enemies":"2 Thieves","floor":18,"turns":5},{"damage":2,"enemies":"Chosen","floor":20,"turns":8},{"damage":29,"enemies":"Shelled Parasite and Fungi","floor":21,"turns":8},{"damage":17,"enemies":"Book of Stabbing","floor":24,"turns":8},{"damage":23,"enemies":"Cultist and Chosen","floor":27,"turns":7},{"damage":19,"enemies":"Snake Plant","floor":28,"turns":5},{"damage":49,"enemies":"Centurion and Healer","floor":30,"turns":7},{"damage":38,"enemies":"Sentry and Sphere","floor":31,"turns":5}],"seed_played":"734916720173794675","potions_obtained":[{"floor":4,"key":"SkillPotion"},{"floor":7,"key":"SpeedPotion"},{"floor":8,"key":"FearPotion"},{"floor":18,"key":"Ancient Potion"}],"is_trial":false,"path_per_floor":["M","?","?","M","?","R","E","M","T","R","?","R","M","$","R","B",null,"M","?","M","M","$","R","E","?","T","M","M","$","M","M"],"character_chosen":"IRONCLAD","items_purchased":["Apotheosis","Inflame","Whirlwind"],"campfire_rested":0,"item_purchase_floors":[14,22,22],"current_hp_per_floor":[78,78,78,80,80,80,80,80,80,80,80,80,80,80,80,50,73,53,53,59,49,49,49,53,53,53,46,42,42,27,0],"gold":97,"neow_bonus":"THREE_ENEMY_KILL","is_prod":false,"is_daily":false,"chose_seed":false,"campfire_upgraded":5,"win_rate":0,"timestamp":1556480486,"path_taken":["M","?","?","M","?","R","E","?","T","R","?","R","?","$","R","BOSS","M","?","M","M","$","R","E","?","T","M","M","$","M","?"],"build_version":"2019-01-23","purchased_purges":1,"victory":false,"max_hp_per_floor":[80,80,80,80,80,80,80,80,80,80,80,80,80,80,80,80,80,80,80,80,80,80,80,80,80,80,80,80,80,80,80],"card_choices":[{"not_picked":["Cleave","Bloodletting"],"picked":"Ghostly Armor","floor":1},{"not_picked":["Iron Wave","Corruption","Infernal Blade"],"picked":"SKIP","floor":4},{"not_picked":["Sword Boomerang","Flex"],"picked":"True Grit","floor":7},{"not_picked":["Entrench","Armaments"],"picked":"Disarm","floor":8},{"not_picked":["Clash","Bludgeon"],"picked":"Ghostly Armor","floor":13},{"not_picked":["Brutality","Double Tap"],"picked":"Reaper","floor":16},{"not_picked":["Flex","Clash"],"picked":"Seeing Red+1","floor":18},{"not_picked":["Sever Soul","Warcry"],"picked":"Disarm+1","floor":20},{"not_picked":["Havoc","Evolve"],"picked":"Heavy Blade","floor":21},{"not_picked":["Sword Boomerang","Flex","Corruption"],"picked":"SKIP","floor":24},{"not_picked":["Anger","Headbutt+1"],"picked":"Dual Wield","floor":27},{"not_picked":["Searing Blow","Wild Strike","Cleave"],"picked":"SKIP","floor":28},{"not_picked":["Power Through","Iron Wave+1"],"picked":"Havoc+1","floor":30}],"player_experience":838665,"relics_obtained":[{"floor":7,"key":"Whetstone"},{"floor":9,"key":"War Paint"},{"floor":24,"key":"Pen Nib"},{"floor":26,"key":"Regal Pillow"}],"event_choices":[{"cards_removed":["Strike_R"],"damage_healed":0,"gold_gain":0,"player_choice":"Forget","damage_taken":0,"max_hp_gain":0,"max_hp_loss":0,"event_name":"Living Wall","floor":2,"gold_loss":0},{"damage_healed":0,"gold_gain":0,"player_choice":"Ignored","damage_taken":0,"max_hp_gain":0,"max_hp_loss":0,"event_name":"Liars Game","floor":3,"gold_loss":0},{"damage_healed":0,"gold_gain":100,"player_choice":"Pray","damage_taken":0,"max_hp_gain":0,"max_hp_loss":0,"event_name":"Golden Shrine","floor":5,"gold_loss":0},{"damage_healed":0,"gold_gain":0,"cards_transformed":["Strike_R"],"player_choice":"Transformed","damage_taken":0,"max_hp_gain":0,"max_hp_loss":0,"event_name":"Transmorgrifier","floor":11,"gold_loss":0,"cards_obtained":["Spot Weakness"]},{"cards_removed":["Defend_R"],"damage_healed":0,"gold_gain":0,"player_choice":"Gave Gold","damage_taken":0,"max_hp_gain":0,"max_hp_loss":0,"event_name":"Beggar","floor":19,"gold_loss":75},{"damage_healed":0,"gold_gain":0,"player_choice":"Rummage","damage_taken":0,"relics_obtained":["WarpedTongs"],"max_hp_gain":0,"max_hp_loss":0,"event_name":"Accursed Blacksmith","floor":25,"gold_loss":0,"cards_obtained":["Pain"]}],"is_beta":false,"boss_relics":[{"not_picked":["Philosopher\u0027s Stone","Pandora\u0027s Box"],"picked":"Empty Cage"}],"items_purged_floors":[29],"is_endless":false,"potions_floor_spawned":[4,7,8,18,21,27],"killed_by":"Sentry and Sphere","ascension_level":9}