{"gold_per_floor":[109,109,37,37,37,64,64,79,79,99,56,84,45,79,79,176,176,186,111,129,129,129],"floor_reached":22,"playtime":1023,"items_purged":[],"score":338,"play_id":"7be3ad54-14f9-4482-9351-104c94aadc04","local_time":"20190317155500","is_ascension_mode":true,"campfire_choices":[{"data":"Bouncing Flask","floor":7,"key":"SMITH"},{"floor":15,"key":"REST"}],"neow_cost":"NONE","seed_source_timestamp":509181617658148,"circlet_count":0,"master_deck":["AscendersBane","Survivor","Neutralize+1","Quick Slash","Infinite Blades","Bouncing Flask+1","Dagger Spray","Noxious Fumes","Infinite Blades","Infinite Blades","Unload","Cloak And Dagger","Glass Knife","Quick Slash","Leg Sweep","Heel Hook","All Out Attack","After Image","Flying Knee","Well Laid Plans","Flechettes","Setup","Footwork+1","Predator+1"],"relics":["Ring of the Snake","NeowsBlessing","Ancient Tea Set","Dream Catcher","Turnip","Nunchaku","Pandora\u0027s Box"],"potions_floor_usage":[14,14],"damage_taken":[{"damage":0,"enemies":"Cultist","floor":1,"turns":1},{"damage":0,"enemies":"3 Sentries","floor":6,"turns":1},{"damage":0,"enemies":"Jaw Worm","floor":8,"turns":1},{"damage":3,"enemies":"2 Louse","floor":10,"turns":3},{"damage":28,"enemies":"Gremlin Nob","floor":12,"turns":4},{"damage":20,"enemies":"Lagavulin","floor":14,"turns":6},{"damage":20,"enemies":"Hexaghost","floor":16,"turns":8},{"damage":15,"enemies":"Spheric Guardian","floor":18,"turns":5},{"damage":17,"enemies":"Shell Parasite","floor":20,"turns":5},{"damage":20,"enemies":"Centurion and Healer","floor":22,"turns":1}],"seed_played":"-2234214760543552055","potions_obtained":[{"floor":8,"key":"Regen Potion"},{"floor":12,"key":"Energy Potion"},{"floor":16,"key":"SteroidPotion"}],"is_trial":false,"path_per_floor":["M","?","$","?","?","E","R","M","T","M","?","E","$","E","R","B",null,"M","?","M","?","M"],"character_chosen":"THE_SILENT","items_purchased":["Infinite Blades","Infinite Blades"],"campfire_rested":1,"item_purchase_floors":[3,13],"current_hp_per_floor":[63,63,63,63,63,63,63,63,63,60,60,32,32,27,48,28,60,45,45,28,15,0],"gold":129,"neow_bonus":"THREE_ENEMY_KILL","is_prod":false,"is_daily":false,"chose_seed":false,"campfire_upgraded":1,"win_rate":0,"timestamp":1552838100,"path_taken":["M","?","?","?","?","E","R","M","T","?","?","E","$","E","R","BOSS","M","?","M","?","M"],"build_version":"2019-01-23","purchased_purges":0,"victory":false,"max_hp_per_floor":[70,70,70,70,70,70,70,70,70,70,70,70,70,70,70,70,70,70,70,70,75,75],"card_choices":[{"not_picked":["Dagger Throw","Deflect"],"picked":"Quick Slash","floor":1},{"not_picked":["Deadly Poison","Quick Slash"],"picked":"Bouncing Flask","floor":6},{"not_picked":["Escape Plan","Outmaneuver"],"picked":"Dagger Spray","floor":8},{"not_picked":["Cloak And Dagger","PiercingWail"],"picked":"Noxious Fumes","floor":10},{"not_picked":["All Out Attack","Masterful Stab"],"picked":"Infinite Blades","floor":12},{"not_picked":["Bane","Outmaneuver"],"picked":"Unload","floor":14},{"not_picked":["Slice","Dodge and Roll"],"picked":"Cloak And Dagger","floor":15},{"not_picked":["Venomology","Wraith Form v2"],"picked":"Glass Knife","floor":16},{"not_picked":["Leg Sweep+1","Masterful Stab"],"picked":"Footwork+1","floor":18},{"not_picked":["Blade Dance","Flechettes+1"],"picked":"Predator+1","floor":20}],"player_experience":1581721,"relics_obtained":[{"floor":6,"key":"Ancient Tea Set"},{"floor":9,"key":"Dream Catcher"},{"floor":12,"key":"Turnip"},{"floor":14,"key":"Nunchaku"}],"event_choices":[{"damage_healed":0,"gold_gain":0,"player_choice":"Upgraded","damage_taken":0,"max_hp_gain":0,"max_hp_loss":0,"event_name":"Upgrade Shrine","floor":2,"gold_loss":0,"cards_upgraded":["Neutralize"]},{"damage_healed":0,"gold_gain":0,"player_choice":"Leave","damage_taken":0,"max_hp_gain":0,"max_hp_loss":0,"event_name":"The Cleric","floor":4,"gold_loss":0},{"damage_healed":0,"gold_gain":0,"player_choice":"Ignored","damage_taken":0,"max_hp_gain":0,"max_hp_loss":0,"event_name":"Shining Light","floor":5,"gold_loss":0},{"damage_healed":0,"gold_gain":0,"player_choice":"Left Gold","damage_taken":0,"max_hp_gain":0,"max_hp_loss":0,"event_name":"World of Goop","floor":11,"gold_loss":43},{"cards_removed":["Eviscerate"],"damage_healed":0,"gold_gain":0,"player_choice":"Gave Gold","damage_taken":0,"max_hp_gain":0,"max_hp_loss":0,"event_name":"Beggar","floor":19,"gold_loss":75},{"damage_healed":0,"gold_gain":0,"player_choice":"Shed Blood","damage_taken":18,"max_hp_gain":5,"max_hp_loss":0,"event_name":"Forgotten Altar","floor":21,"gold_loss":0}],"is_beta":false,"boss_relics":[{"not_picked":["Empty Cage","Orrery"],"picked":"Pandora\u0027s Box"}],"items_purged_floors":[],"is_endless":false,"potions_floor_spawned":[8,12,16],"killed_by":"Centurion and Healer","ascension_level":10}