{"gold_per_floor":[116,133,133,153,164,193,206,206,206,219,246,246,261,261,261,363,363,377,395,176,193,203,232,232,262,287,287,300,300,225,238,238,343,343,353,366,383,34,8,8,27,54,123,139,150,204,204,0,0,0],"floor_reached":51,"playtime":2846,"items_purged":["Strike_B"],"score":808,"play_id":"b3b4337d-44b2-4995-a324-27633c29308a","local_time":"20180809223933","is_ascension_mode":false,"campfire_choices":[{"data":"Zap","floor":8,"key":"SMITH"},{"data":"Consume","floor":15,"key":"SMITH"},{"floor":24,"key":"REST"},{"floor":27,"key":"REST"},{"floor":29,"key":"REST"},{"data":"Creative AI","floor":32,"key":"SMITH"},{"data":"Echo Form","floor":40,"key":"SMITH"},{"data":"Transmutation","floor":47,"key":"SMITH"},{"floor":49,"key":"REST"}],"neow_cost":"NONE","seed_source_timestamp":123771726320846,"circlet_count":0,"master_deck":["Strike_B+1","Defend_B","Defend_B","Defend_B+1","Zap+1","Dualcast","Machine Learning","Go for the Eyes","Consume+1","Sweeping Beam","Genetic Algorithm","Cold Snap+1","Steam","Compile Driver","Creative AI+1","Ball Lightning","Compile Driver","Self Repair","Melter+1","Stack+1","BootSequence","Undo+1","Consume+1","Ball Lightning","Glacier+1","Echo Form+1","Sweeping Beam+1","Electrodynamics","Hologram","Transmutation+1","Cold Snap","Loop+1","Double Energy+1","Force Field+1","Leap+1"],"relics":["Cracked Core","Nunchaku","Thread and Needle","Pear","Inserter","Ginger","Happy Flower","Boot","White Beast Statue","Whetstone","Bird Faced Urn","Mummified Hand","Unceasing Top","Red Mask"],"potions_floor_usage":[11,11,11,13,16,16,16,16,18,23,25,25,28,33,33,33,37,42,46,50,50],"damage_taken":[{"damage":0,"enemies":"Cultist","floor":1,"turns":4},{"damage":0,"enemies":"2 Louse","floor":2,"turns":3},{"damage":0,"enemies":"Small Slimes","floor":4,"turns":2},{"damage":5,"enemies":"2 Fungi Beasts","floor":5,"turns":3},{"damage":8,"enemies":"Lagavulin","floor":6,"turns":6},{"damage":16,"enemies":"Gremlin Gang","floor":7,"turns":5},{"damage":10,"enemies":"Lots of Slimes","floor":10,"turns":5},{"damage":2,"enemies":"Gremlin Nob","floor":11,"turns":4},{"damage":0,"enemies":"Large Slime","floor":13,"turns":5},{"damage":0,"enemies":"Slime Boss","floor":16,"turns":9},{"damage":15,"enemies":"2 Thieves","floor":18,"turns":4},{"damage":4,"enemies":"Shell Parasite","floor":19,"turns":6},{"damage":12,"enemies":"Snake Plant","floor":21,"turns":4},{"damage":15,"enemies":"3 Cultists","floor":22,"turns":6},{"damage":18,"enemies":"Book of Stabbing","floor":23,"turns":7},{"damage":65,"enemies":"Slavers","floor":25,"turns":6},{"damage":0,"enemies":"Snecko","floor":28,"turns":6},{"damage":0,"enemies":"Centurion and Healer","floor":31,"turns":6},{"damage":65,"enemies":"Collector","floor":33,"turns":10},{"damage":17,"enemies":"Flame Bruiser 1 Orb","floor":35,"turns":8},{"damage":0,"enemies":"3 Shapes","floor":36,"turns":7},{"damage":0,"enemies":"Transient","floor":37,"turns":5},{"damage":4,"enemies":"3 Darklings","floor":41,"turns":6},{"damage":20,"enemies":"Giant Head","floor":42,"turns":13},{"damage":24,"enemies":"Spire Growth","floor":44,"turns":7},{"damage":0,"enemies":"4 Shapes","floor":45,"turns":3},{"damage":14,"floor":46,"turns":3},{"damage":15,"enemies":"Time Eater","floor":50,"turns":12}],"seed_played":"5911625799034763844","potions_obtained":[{"floor":5,"key":"SpeedPotion"},{"floor":10,"key":"EntropicBrew"},{"floor":11,"key":"Ancient Potion"},{"floor":12,"key":"Fruit Juice"},{"floor":16,"key":"SteroidPotion"},{"floor":19,"key":"FocusPotion"},{"floor":22,"key":"SpeedPotion"},{"floor":23,"key":"Weak Potion"},{"floor":31,"key":"EntropicBrew"},{"floor":33,"key":"Energy Potion"},{"floor":35,"key":"SpeedPotion"},{"floor":37,"key":"Energy Potion"},{"floor":42,"key":"Strength Potion"},{"floor":44,"key":"Swift Potion"},{"floor":46,"key":"Dexterity Potion"}],"is_trial":false,"path_per_floor":["M","M","?","M","M","E","M","R","T","M","E","?","M","?","R","B",null,"M","M","$","M","M","E","R","E","T","R","M","R","?","M","R","B",null,"M","M","M","$","$","R","M","E","T","M","M","?","R","?","R","B"],"character_chosen":"DEFECT","items_purchased":["Self Repair","Melter","Whetstone","Transmutation","Cold Snap"],"campfire_rested":4,"item_purchase_floors":[20,20,38,38,39],"current_hp_per_floor":[75,75,60,60,55,47,31,31,31,21,29,29,34,34,34,34,90,75,71,71,59,51,40,67,2,2,29,36,63,63,70,70,12,90,87,90,90,90,90,90,90,84,84,90,90,80,80,80,90,90],"gold":0,"neow_bonus":"TRANSFORM_CARD","is_prod":false,"is_daily":false,"chose_seed":false,"campfire_upgraded":5,"win_rate":0.0,"timestamp":1533879573,"path_taken":["M","M","?","M","M","E","M","R","T","M","E","?","M","?","R","BOSS","M","M","$","M","M","E","R","E","T","R","M","R","?","?","R","BOSS","M","M","M","?","$","R","?","E","T","M","M","?","R","?","R","BOSS"],"build_version":"2018-08-09","purchased_purges":1,"victory":true,"max_hp_per_floor":[75,75,75,75,75,75,75,75,75,75,85,85,90,90,90,90,90,90,90,90,90,90,90,90,90,90,90,90,90,90,90,90,90,90,90,90,90,90,90,90,90,90,90,90,90,90,90,90,90,90],"card_choices":[{"not_picked":["Leap","Skim"],"picked":"Go for the Eyes","floor":1},{"not_picked":["Rebound","Reprogram"],"picked":"Consume","floor":2},{"not_picked":["Double Energy","Redo","Coolheaded"],"picked":"SKIP","floor":4},{"not_picked":["Streamline","Hologram"],"picked":"Sweeping Beam","floor":5},{"not_picked":["Capacitor","Static Discharge"],"picked":"Genetic Algorithm","floor":6},{"not_picked":["Auto Shields","Leap"],"picked":"Cold Snap","floor":7},{"not_picked":["Redo","Biased Cognition"],"picked":"Steam","floor":10},{"not_picked":["Coolheaded","Biased Cognition","Barrage"],"picked":"SKIP","floor":11},{"not_picked":["Tempest","Lockon"],"picked":"Compile Driver","floor":13},{"not_picked":["Buffer","Seek"],"picked":"Creative AI","floor":16},{"not_picked":["Redo","Defragment"],"picked":"Ball Lightning","floor":18},{"not_picked":["Reinforced Body","Heatsinks"],"picked":"Compile Driver","floor":19},{"not_picked":["Streamline+1","Leap"],"picked":"Stack+1","floor":21},{"not_picked":["Beam Cell+1","Coolheaded+1"],"picked":"BootSequence","floor":22},{"not_picked":["Gash+1","Doom and Gloom"],"picked":"Undo+1","floor":23},{"not_picked":["Tempest","Leap"],"picked":"Consume+1","floor":25},{"not_picked":["Sweeping Beam","Creative AI"],"picked":"Ball Lightning","floor":28},{"not_picked":["Coolheaded","Streamline"],"picked":"Glacier+1","floor":31},{"not_picked":["Amplify","Biased Cognition"],"picked":"Echo Form","floor":33},{"not_picked":["Redo","Gash"],"picked":"Sweeping Beam+1","floor":35},{"not_picked":["Streamline+1","Stack"],"picked":"Electrodynamics","floor":36},{"not_picked":["Sweeping Beam","Compile Driver+1"],"picked":"Hologram","floor":37},{"not_picked":["Redo+1","Coolheaded+1"],"picked":"Loop+1","floor":41},{"not_picked":["Compile Driver+1","FTL+1"],"picked":"Double Energy+1","floor":42},{"not_picked":["Lockon","Creative AI","Darkness"],"picked":"SKIP","floor":44},{"not_picked":["Steam Power","Hologram"],"picked":"Force Field+1","floor":45},{"not_picked":["Steam","FTL"],"picked":"Leap+1","floor":46}],"player_experience":8786,"relics_obtained":[{"floor":6,"key":"Nunchaku"},{"floor":9,"key":"Thread and Needle"},{"floor":11,"key":"Pear"},{"floor":23,"key":"Ginger"},{"floor":25,"key":"Happy Flower"},{"floor":26,"key":"Boot"},{"floor":42,"key":"Bird Faced Urn"},{"floor":43,"key":"Mummified Hand"},{"floor":46,"key":"Unceasing Top"}],"event_choices":[{"event_name":"Shining Light","player_choice":"Entered Light","floor":3,"damage_taken":0},{"event_name":"The Lab","player_choice":"Got Potions","floor":12,"damage_taken":0},{"event_name":"Purifier","player_choice":"One Purge","floor":14,"damage_taken":0},{"event_name":"Beggar","player_choice":"Gave Gold","floor":30,"damage_taken":0},{"event_name":"Mysterious Sphere","player_choice":"Fight","floor":46,"damage_taken":0},{"event_name":"Tomb of Lord Red Mask","player_choice":"Paid","floor":48,"damage_taken":0}],"is_beta":false,"boss_relics":[{"not_picked":["Lizard Tail","Snecko Eye"],"picked":"Inserter"},{"not_picked":["Velvet Choker","Runic Pyramid"],"picked":"White Beast Statue"}],"items_purged_floors":[20],"is_endless":false,"potions_floor_spawned":[5,10,11,16,19,22,23,31,33,35,36,37,41,42,44,45,46],"ascension_level":0}