{"gold_per_floor":[117,117,117,127,137,137,162,162,162,176,195,273,290,8,8,108,108,118,33,33,7,22,22,22,53,130,130,130],"floor_reached":28,"playtime":589,"items_purged":["Defend_B"],"score":271,"play_id":"17d2660b-2662-4da7-85b7-a6cff6976bf8","local_time":"20190501194005","is_ascension_mode":true,"campfire_choices":[{"data":"Tempest","floor":6,"key":"SMITH"},{"data":"Consume","floor":8,"key":"SMITH"},{"floor":15,"key":"REST"},{"floor":23,"key":"REST"}],"neow_cost":"NONE","seed_source_timestamp":376251683158254,"circlet_count":0,"master_deck":["Strike_B","Strike_B","Defend_B+1","Defend_B","Defend_B","Zap","Dualcast+1","Rebound","Cold Snap","Tempest+1","Consume+1","Ball Lightning","Melter","Ball Lightning","Capacitor","Consume","Echo Form","Redo","Reinforced Body","Static Discharge","Conserve Battery","Static Discharge","Redo+1","Defragment"],"relics":["Cracked Core","NeowsBlessing","Kunai","War Paint","Membership Card","Orrery","Bag of Marbles","MutagenicStrength","Anchor","Dodecahedron"],"potions_floor_usage":[7,7,10,16,22,25,28],"damage_taken":[{"damage":0,"enemies":"Jaw Worm","floor":1,"turns":1},{"damage":0,"enemies":"2 Louse","floor":4,"turns":1},{"damage":0,"enemies":"Cultist","floor":5,"turns":1},{"damage":9,"enemies":"Lagavulin","floor":7,"turns":4},{"damage":7,"enemies":"Exordium Wildlife","floor":10,"turns":3},{"damage":8,"enemies":"Blue Slaver","floor":11,"turns":2},{"damage":24,"enemies":"3 Louse","floor":13,"turns":3},{"damage":30,"enemies":"Hexaghost","floor":16,"turns":7},{"damage":21,"enemies":"Spheric Guardian","floor":18,"turns":3},{"damage":28,"enemies":"2 Thieves","floor":22,"turns":3},{"damage":54,"enemies":"Book of Stabbing","floor":25,"turns":4},{"damage":6,"enemies":"Gremlin Leader","floor":28,"turns":2}],"seed_played":"2700952148888491739","potions_obtained":[{"floor":3,"key":"SteroidPotion"},{"floor":3,"key":"SkillPotion"},{"floor":3,"key":"FairyPotion"},{"floor":5,"key":"FocusPotion"},{"floor":7,"key":"EssenceOfSteel"},{"floor":10,"key":"Ancient Potion"},{"floor":13,"key":"LiquidBronze"},{"floor":22,"key":"LiquidBronze"},{"floor":25,"key":"Weak Potion"}],"is_trial":false,"path_per_floor":["M","?","?","M","M","R","E","R","T","M","M","T","M","$","R","B",null,"M","?","?","$","M","R","?","E","T","?","E"],"character_chosen":"DEFECT","items_purchased":["Membership Card","Capacitor","Consume","AttackPotion"],"campfire_rested":2,"item_purchase_floors":[14,14,14,21],"current_hp_per_floor":[75,68,68,68,68,68,59,59,59,52,44,44,20,20,42,12,75,54,54,54,54,26,48,48,3,3,3,0],"gold":130,"neow_bonus":"THREE_ENEMY_KILL","is_prod":false,"is_daily":false,"chose_seed":false,"campfire_upgraded":2,"win_rate":0,"timestamp":1556764805,"path_taken":["M","?","?","?","M","R","E","R","T","M","M","?","M","$","R","BOSS","M","?","?","$","M","R","?","E","T","?","E"],"build_version":"2019-01-23","purchased_purges":1,"victory":false,"max_hp_per_floor":[75,75,75,75,75,75,75,75,75,75,75,75,75,75,75,75,75,75,75,75,75,75,75,75,75,75,75,75],"card_choices":[{"not_picked":["Turbo","Blizzard"],"picked":"Rebound","floor":1},{"not_picked":["Hello World","Storm"],"picked":"Cold Snap","floor":4},{"not_picked":["Compile Driver","White Noise"],"picked":"Tempest","floor":5},{"not_picked":["Darkness","Doom and Gloom"],"picked":"Consume","floor":7},{"not_picked":["Sunder","Leap"],"picked":"Ball Lightning","floor":10},{"not_picked":["Rip and Tear","Sunder"],"picked":"Melter","floor":11},{"not_picked":["Machine Learning","Coolheaded"],"picked":"Ball Lightning","floor":13},{"not_picked":["Electrodynamics","Multi-Cast"],"picked":"Echo Form","floor":16},{"not_picked":["Beam Cell","Undo"],"picked":"Redo","floor":17},{"not_picked":["Steam","Barrage"],"picked":"Reinforced Body","floor":17},{"not_picked":["Stack","Consume"],"picked":"Static Discharge","floor":17},{"not_picked":["Ball Lightning","Genetic Algorithm"],"picked":"Conserve Battery","floor":17},{"not_picked":["Sweeping Beam","Compile Driver"],"picked":"Static Discharge","floor":17},{"not_picked":["Turbo","Leap"],"picked":"Redo+1","floor":18},{"not_picked":["Recycle+1","Streamline+1","Fission"],"picked":"SKIP","floor":22},{"not_picked":["Chill","Gash"],"picked":"Defragment","floor":25}],"player_experience":523348,"relics_obtained":[{"floor":7,"key":"Kunai"},{"floor":9,"key":"War Paint"},{"floor":25,"key":"Anchor"},{"floor":26,"key":"Dodecahedron"}],"event_choices":[{"cards_removed":["Strike_B"],"damage_healed":0,"gold_gain":0,"player_choice":"Card Removal","damage_taken":7,"max_hp_gain":0,"max_hp_loss":0,"event_name":"Golden Wing","floor":2,"gold_loss":0},{"damage_healed":0,"gold_gain":0,"player_choice":"Got Potions","damage_taken":0,"max_hp_gain":0,"max_hp_loss":0,"event_name":"Lab","floor":3,"gold_loss":0},{"damage_healed":0,"gold_gain":0,"player_choice":"Obtained Relic","damage_taken":0,"relics_obtained":["Bag of Marbles"],"max_hp_gain":0,"max_hp_loss":0,"event_name":"Addict","floor":19,"gold_loss":85},{"cards_removed":["Strike_B"],"damage_healed":0,"gold_gain":0,"player_choice":"Elegance","damage_taken":0,"max_hp_gain":0,"max_hp_loss":0,"event_name":"Back to Basics","floor":20,"gold_loss":0},{"damage_healed":0,"gold_gain":0,"player_choice":"Inject Mutagens","damage_taken":0,"relics_obtained":["MutagenicStrength"],"max_hp_gain":0,"max_hp_loss":0,"event_name":"Drug Dealer","floor":24,"gold_loss":0},{"damage_healed":0,"gold_gain":0,"player_choice":"Ignored","damage_taken":0,"max_hp_gain":0,"max_hp_loss":0,"event_name":"Ghosts","floor":27,"gold_loss":0}],"is_beta":false,"boss_relics":[{"not_picked":["Empty Cage","Nuclear Battery"],"picked":"Orrery"}],"items_purged_floors":[14],"is_endless":false,"potions_floor_spawned":[4,5,7,10,13,22,25],"killed_by":"Gremlin Leader","ascension_level":3}