{"gold_per_floor":[118,118,136,101,101,101,128,128,158,158,158,185,185,1,1,1],"floor_reached":16,"playtime":512,"items_purged":["Strike_R"],"score":203,"play_id":"837802ae-bcb8-400c-a3f1-4e39385373a9","local_time":"20190505225747","is_ascension_mode":true,"campfire_choices":[{"data":"Bash","floor":6,"key":"SMITH"},{"data":"Wild Strike","floor":8,"key":"SMITH"},{"floor":11,"key":"REST"},{"floor":15,"key":"REST"}],"neow_cost":"NONE","seed_source_timestamp":150133416520196,"circlet_count":0,"master_deck":["AscendersBane","Strike_R+1","Strike_R","Strike_R","Defend_R","Defend_R","Defend_R","Defend_R+1","Bash+1","Wild Strike+1","Shrug It Off","Spot Weakness","Entrench","Pommel Strike"],"relics":["Burning Blood","Centennial Puzzle","Juzu Bracelet","Tiny Chest","Anchor","Peace Pipe"],"potions_floor_usage":[12,16,16],"damage_taken":[{"damage":6,"enemies":"Cultist","floor":1,"turns":3},{"damage":20,"enemies":"Small Slimes","floor":3,"turns":4},{"damage":38,"enemies":"3 Sentries","floor":7,"turns":12},{"damage":24,"enemies":"Lagavulin","floor":12,"turns":6},{"damage":30,"enemies":"Slime Boss","floor":16,"turns":7}],"seed_played":"3139337419371004490","potions_obtained":[{"floor":7,"key":"SkillPotion"}],"is_trial":false,"path_per_floor":["M","?","M","?","?","R","E","R","T","?","R","E","?","$","R","B"],"character_chosen":"IRONCLAD","items_purchased":["SkillPotion","Weak Potion"],"campfire_rested":2,"item_purchase_floors":[14,14],"current_hp_per_floor":[68,45,31,49,54,54,22,22,22,22,46,28,2,2,26,0],"gold":1,"neow_bonus":"RANDOM_COMMON_RELIC","is_prod":false,"is_daily":false,"chose_seed":false,"campfire_upgraded":2,"win_rate":0,"timestamp":1557122267,"path_taken":["M","?","M","?","?","R","E","R","T","?","R","E","?","$","R","BOSS"],"build_version":"2019-01-23","purchased_purges":1,"victory":false,"max_hp_per_floor":[75,75,75,75,80,80,80,80,80,80,80,80,80,80,80,80],"card_choices":[{"not_picked":["Heavy Blade","Cleave"],"picked":"Wild Strike","floor":1},{"not_picked":["Uppercut","Iron Wave"],"picked":"Shrug It Off","floor":3},{"not_picked":["Iron Wave","Entrench"],"picked":"Spot Weakness","floor":7},{"not_picked":["Wild Strike","Rupture"],"picked":"Pommel Strike","floor":12}],"player_experience":555749,"relics_obtained":[{"floor":7,"key":"Juzu Bracelet"},{"floor":9,"key":"Tiny Chest"},{"floor":12,"key":"Anchor"}],"event_choices":[{"damage_healed":0,"gold_gain":0,"player_choice":"Entered Light","damage_taken":23,"max_hp_gain":0,"max_hp_loss":0,"event_name":"Shining Light","floor":2,"gold_loss":0,"cards_upgraded":["Defend_R","Strike_R"]},{"damage_healed":18,"gold_gain":0,"player_choice":"Healed","damage_taken":0,"max_hp_gain":0,"max_hp_loss":0,"event_name":"The Cleric","floor":4,"gold_loss":35},{"damage_healed":0,"gold_gain":0,"player_choice":"Donut","damage_taken":0,"max_hp_gain":5,"max_hp_loss":0,"event_name":"Big Fish","floor":5,"gold_loss":0},{"damage_healed":0,"gold_gain":0,"cards_transformed":["Strike_R"],"player_choice":"Change","damage_taken":0,"max_hp_gain":0,"max_hp_loss":0,"event_name":"Living Wall","floor":10,"gold_loss":0,"cards_obtained":["Entrench"]},{"damage_healed":0,"gold_gain":0,"player_choice":"Success","damage_taken":26,"relics_obtained":["Peace Pipe"],"max_hp_gain":0,"max_hp_loss":0,"event_name":"Scrap Ooze","floor":13,"gold_loss":0}],"is_beta":false,"boss_relics":[],"items_purged_floors":[14],"is_endless":false,"potions_floor_spawned":[7],"killed_by":"Slime Boss","ascension_level":19}