{"gold_per_floor":[114,124,134,147,163,191,48,64,64,76,76,92,92,118,118,195,195,213,228,37,53,64,120,134,159,159,189,189,189,240,240,240,317,317,354,20,39,49,49,86,121,141,196,206,206,241,241,91,91,91],"floor_reached":51,"playtime":22344,"items_purged":["Decay"],"score":1380,"play_id":"909ae9f1-12cc-47cb-b808-9e3eec9e495e","local_time":"20190504203458","is_ascension_mode":true,"campfire_choices":[{"floor":11,"key":"REST"},{"data":"Armaments","floor":13,"key":"SMITH"},{"data":"Limit Break","floor":15,"key":"SMITH"},{"data":"Demon Form","floor":28,"key":"SMITH"},{"floor":32,"key":"REST"},{"data":"Demon Form","floor":45,"key":"SMITH"},{"data":"Dual Wield","floor":47,"key":"SMITH"},{"data":"Disarm","floor":49,"key":"SMITH"}],"neow_cost":"CURSE","seed_source_timestamp":398307649230900,"circlet_count":0,"master_deck":["AscendersBane","Strike_R","Strike_R","Strike_R","Strike_R","Strike_R","Defend_R","Defend_R+1","Defend_R","Defend_R","Bash","Parasite","Uppercut","Headbutt","Heavy Blade","Uppercut","Armaments+1","Armaments","Flame Barrier+1","Demon Form+1","Sword Boomerang","Spot Weakness","Power Through","Disarm+1","Limit Break+1","Headbutt","Impervious","Clothesline+1","Uppercut","HandOfGreed","Disarm+1","Shrug It Off","Disarm","Demon Form+1","Reaper","Ghostly Armor+1","Reaper","Writhe","Reaper","Dual Wield+1","Shockwave","Heavy Blade","Madness","Madness","Flame Barrier","Disarm"],"relics":["Burning Blood","Prayer Wheel","War Paint","Bottled Tornado","Self Forming Clay","Snecko Eye","Question Card","Regal Pillow","Ornamental Fan","Red Skull","Turnip","Sozu","Paper Frog","Molten Egg 2","Anchor","Incense Burner","PreservedInsect"],"potions_floor_usage":[6,8,8,23,23,27,34],"damage_taken":[{"damage":10,"enemies":"Cultist","floor":1,"turns":5},{"damage":4,"enemies":"Small Slimes","floor":2,"turns":4},{"damage":1,"enemies":"2 Louse","floor":3,"turns":3},{"damage":6,"enemies":"Exordium Wildlife","floor":4,"turns":2},{"damage":21,"enemies":"Large Slime","floor":5,"turns":6},{"damage":49,"enemies":"Gremlin Nob","floor":6,"turns":6},{"damage":22,"enemies":"Exordium Thugs","floor":8,"turns":6},{"damage":5,"enemies":"Exordium Wildlife","floor":10,"turns":4},{"damage":1,"enemies":"Large Slime","floor":12,"turns":5},{"damage":5,"enemies":"Lagavulin","floor":14,"turns":7},{"damage":18,"enemies":"Slime Boss","floor":16,"turns":7},{"damage":9,"enemies":"Shell Parasite","floor":18,"turns":5},{"damage":13,"enemies":"Spheric Guardian","floor":19,"turns":4},{"damage":0,"enemies":"Chosen and Byrds","floor":21,"turns":3},{"damage":12,"enemies":"Snake Plant","floor":22,"turns":4},{"damage":31,"enemies":"Slavers","floor":23,"turns":5},{"damage":0,"enemies":"Cultist and Chosen","floor":24,"turns":6},{"damage":27,"enemies":"Gremlin Leader","floor":25,"turns":5},{"damage":23,"enemies":"Centurion and Healer","floor":27,"turns":6},{"damage":32,"enemies":"Slavers","floor":30,"turns":4},{"damage":50,"enemies":"Automaton","floor":33,"turns":8},{"damage":20,"enemies":"3 Shapes","floor":35,"turns":5},{"damage":20,"enemies":"3 Darklings","floor":37,"turns":4},{"damage":29,"enemies":"Writhing Mass","floor":38,"turns":5},{"damage":33,"enemies":"Jaw Worm Horde","floor":40,"turns":4},{"damage":67,"enemies":"Reptomancer","floor":41,"turns":7},{"damage":43,"enemies":"Maw","floor":42,"turns":6},{"damage":53,"enemies":"Sphere and 2 Shapes","floor":44,"turns":5},{"damage":56,"enemies":"Nemesis","floor":46,"turns":5},{"damage":51,"enemies":"Awakened One","floor":50,"turns":9}],"seed_played":"-2036400244920370294","potions_obtained":[{"floor":3,"key":"Fire Potion"},{"floor":6,"key":"PowerPotion"},{"floor":8,"key":"Regen Potion"},{"floor":10,"key":"Ancient Potion"},{"floor":23,"key":"Ancient Potion"},{"floor":25,"key":"Swift Potion"},{"floor":33,"key":"Fruit Juice"}],"is_trial":false,"path_per_floor":["M","M","M","M","M","E","$","M","T","M","R","M","R","E","R","B",null,"M","M","$","M","M","E","M","E","T","M","R","?","E","?","R","B",null,"M","$","M","M","?","M","E","M","T","M","R","E","R","?","R","B",null],"character_chosen":"IRONCLAD","items_purchased":["Spot Weakness","Regen Potion","HandOfGreed","Paper Frog"],"campfire_rested":2,"item_purchase_floors":[7,7,20,36],"current_hp_per_floor":[64,66,71,71,56,13,13,12,12,13,35,40,40,41,41,29,64,61,54,54,60,54,41,47,26,26,29,29,29,29,29,66,55,75,80,80,66,71,57,47,54,68,68,80,80,58,58,58,58,70],"gold":91,"neow_bonus":"ONE_RARE_RELIC","is_prod":false,"is_daily":false,"chose_seed":false,"campfire_upgraded":6,"win_rate":0,"timestamp":1556994898,"path_taken":["M","M","M","?","M","E","$","M","T","M","R","M","R","E","R","BOSS","M","M","$","M","M","E","M","E","T","M","R","?","E","?","R","BOSS","M","$","M","M","?","M","E","M","T","M","R","E","R","?","R","BOSS"],"build_version":"2019-01-23","purchased_purges":1,"victory":true,"max_hp_per_floor":[75,75,75,75,75,75,75,75,75,75,75,75,75,75,75,75,75,75,75,75,75,75,75,75,75,75,75,75,75,75,75,75,75,80,80,80,80,80,80,80,80,80,80,80,80,80,80,80,80,80],"card_choices":[{"not_picked":["True Grit","Power Through"],"picked":"Uppercut","floor":1},{"not_picked":["Clothesline","Pommel Strike","Warcry"],"picked":"SKIP","floor":1},{"not_picked":["Fire Breathing","Dual Wield"],"picked":"Headbutt","floor":2},{"not_picked":["Headbutt","Iron Wave"],"picked":"Heavy Blade","floor":2},{"not_picked":["Pummel","Warcry"],"picked":"Uppercut","floor":3},{"not_picked":["Perfected Strike","Wild Strike"],"picked":"Armaments","floor":3},{"not_picked":["Headbutt","Cleave"],"picked":"Armaments","floor":4},{"not_picked":["Iron Wave","Brutality","Body Slam"],"picked":"SKIP","floor":4},{"not_picked":["Perfected Strike","Second Wind"],"picked":"Flame Barrier","floor":5},{"not_picked":["Body Slam","Metallicize"],"picked":"Demon Form","floor":5},{"not_picked":["Perfected Strike","Thunderclap"],"picked":"Sword Boomerang","floor":6},{"not_picked":["Wild Strike","Pummel"],"picked":"Power Through","floor":8},{"not_picked":["Perfected Strike","Searing Blow","Sever Soul"],"picked":"SKIP","floor":8},{"not_picked":["Clash","Pommel Strike"],"picked":"Disarm","floor":10},{"not_picked":["Clash","Perfected Strike","Pommel Strike"],"picked":"SKIP","floor":10},{"not_picked":["Whirlwind","Clothesline"],"picked":"Limit Break","floor":12},{"not_picked":["Perfected Strike","Iron Wave","Havoc"],"picked":"SKIP","floor":12},{"not_picked":["True Grit","Burning Pact"],"picked":"Headbutt","floor":14},{"not_picked":["Dark Embrace","Barricade"],"picked":"Impervious","floor":16},{"not_picked":["Second Wind","Clash"],"picked":"Clothesline+1","floor":18},{"not_picked":["Second Wind","Sever Soul","Wild Strike"],"picked":"SKIP","floor":18},{"not_picked":["Inflame","Warcry+1"],"picked":"Uppercut","floor":19},{"not_picked":["Iron Wave","Flex","Rampage"],"picked":"SKIP","floor":19},{"not_picked":["Pommel Strike","Intimidate"],"picked":"Disarm+1","floor":21},{"not_picked":["Dark Embrace","Iron Wave"],"picked":"Shrug It Off","floor":21},{"not_picked":["Iron Wave","Seeing Red"],"picked":"Disarm","floor":22},{"not_picked":["Thunderclap","Headbutt","Perfected Strike"],"picked":"SKIP","floor":22},{"not_picked":["Anger","Pummel","Cleave"],"picked":"SKIP","floor":23},{"not_picked":["Wild Strike","Entrench","Sentinel"],"picked":"Demon Form","floor":24},{"not_picked":["Sword Boomerang","Anger","Corruption","Cleave"],"picked":"SKIP","floor":24},{"not_picked":["Armaments+1","Headbutt","Sever Soul"],"picked":"Reaper","floor":25},{"not_picked":["Shrug It Off","Havoc","Spot Weakness"],"picked":"Ghostly Armor+1","floor":27},{"not_picked":["Intimidate","Sword Boomerang","Wild Strike","Burning Pact+1"],"picked":"SKIP","floor":27},{"not_picked":["Fire Breathing","Sword Boomerang","Rage"],"picked":"Reaper","floor":30},{"not_picked":["Impervious","Double Tap","Brutality"],"picked":"Reaper","floor":33},{"not_picked":["Rupture","Bloodletting","Twin Strike+1"],"picked":"Dual Wield","floor":35},{"not_picked":["Pommel Strike","Rampage","Fire Breathing","Blood for Blood"],"picked":"SKIP","floor":35},{"not_picked":["Burning Pact","Pummel","Warcry+1"],"picked":"Shockwave","floor":37},{"not_picked":["Metallicize","Pommel Strike","Cleave","Clothesline"],"picked":"SKIP","floor":37},{"not_picked":["Twin Strike+1","Immolate","Battle Trance"],"picked":"Heavy Blade","floor":38},{"not_picked":["Reckless Charge","True Grit","Headbutt","Seeing Red+1"],"picked":"SKIP","floor":38},{"not_picked":["Cleave+1","Clash","Power Through","Pommel Strike"],"picked":"SKIP","floor":40},{"not_picked":["Clash","Clothesline","Pommel Strike","Armaments"],"picked":"SKIP","floor":40},{"not_picked":["Havoc","Twin Strike+1","Shrug It Off","Flex+1"],"picked":"SKIP","floor":41},{"not_picked":["Shrug It Off","Sword Boomerang+1","Ghostly Armor"],"picked":"Flame Barrier","floor":42},{"not_picked":["Flex+1","Burning Pact","Warcry","Sever Soul+1"],"picked":"SKIP","floor":42},{"not_picked":["Heavy Blade+1","Sword Boomerang+1","Anger+1"],"picked":"Disarm","floor":44},{"not_picked":["Headbutt+1","Pommel Strike+1","Flex","Armaments"],"picked":"SKIP","floor":44},{"not_picked":["Feed+1","Pommel Strike+1","Intimidate+1","Ghostly Armor+1"],"picked":"SKIP","floor":46}],"player_experience":1066548,"relics_obtained":[{"floor":6,"key":"War Paint"},{"floor":9,"key":"Bottled Tornado"},{"floor":14,"key":"Self Forming Clay"},{"floor":23,"key":"Question Card"},{"floor":25,"key":"Regal Pillow"},{"floor":26,"key":"Ornamental Fan"},{"floor":30,"key":"Red Skull"},{"floor":41,"key":"Molten Egg 2"},{"floor":43,"key":"Anchor"},{"floor":46,"key":"Incense Burner"}],"event_choices":[{"damage_healed":0,"gold_gain":0,"player_choice":"Smashed Altar","damage_taken":0,"max_hp_gain":0,"max_hp_loss":0,"event_name":"Forgotten Altar","floor":29,"gold_loss":0,"cards_obtained":["Decay"]},{"damage_healed":0,"gold_gain":0,"player_choice":"Opened","damage_taken":0,"relics_obtained":["Turnip"],"max_hp_gain":0,"max_hp_loss":0,"event_name":"The Mausoleum","floor":31,"gold_loss":0,"cards_obtained":["Writhe"]},{"damage_healed":0,"gold_gain":0,"player_choice":"Embrace Madness","damage_taken":14,"max_hp_gain":0,"max_hp_loss":0,"event_name":"Winding Halls","floor":39,"gold_loss":0,"cards_obtained":["Madness","Madness"]},{"damage_healed":0,"gold_gain":0,"player_choice":"Paid Gold","damage_taken":0,"relics_obtained":["PreservedInsect"],"max_hp_gain":0,"max_hp_loss":0,"event_name":"WeMeetAgain","floor":48,"gold_loss":150}],"is_beta":false,"boss_relics":[{"not_picked":["Black Star","White Beast Statue"],"picked":"Snecko Eye"},{"not_picked":["Runic Pyramid","Calling Bell"],"picked":"Sozu"}],"items_purged_floors":[36],"is_endless":false,"potions_floor_spawned":[3,6,8,10,21,22,23,25,33,38,40,41,42],"ascension_level":15}