{"gold_per_floor":[116,132,144,161,137,137,167,167,167,50,50,79,135,135],"floor_reached":14,"playtime":914,"items_purged":[],"score":113,"play_id":"bb10dd4d-d7ff-4da9-b548-0cf1275c28f0","local_time":"20190423084336","is_ascension_mode":true,"campfire_choices":[{"data":"Coolheaded","floor":6,"key":"SMITH"},{"data":"Auto Shields","floor":8,"key":"SMITH"},{"data":"Dualcast","floor":11,"key":"SMITH"}],"neow_cost":"NONE","seed_source_timestamp":1159982088798400,"circlet_count":0,"master_deck":["Strike_B","Strike_B","Strike_B","Strike_B","Defend_B","Defend_B","Defend_B","Defend_B","Zap+1","Dualcast+1","Sweeping Beam","Auto Shields+1","Steam","Cold Snap","Coolheaded+1","Coolheaded","Rebound"],"relics":["Cracked Core","The Courier","Darkstone Periapt","DataDisk","Frozen Egg 2","Bag of Preparation"],"potions_floor_usage":[12,13],"damage_taken":[{"damage":5,"enemies":"Small Slimes","floor":1,"turns":3},{"damage":3,"enemies":"2 Louse","floor":2,"turns":2},{"damage":2,"enemies":"Jaw Worm","floor":3,"turns":4},{"damage":9,"enemies":"Lots of Slimes","floor":4,"turns":2},{"damage":17,"enemies":"3 Sentries","floor":7,"turns":8},{"damage":28,"enemies":"Gremlin Nob","floor":12,"turns":4},{"damage":8,"enemies":"Lagavulin Event","floor":13,"turns":7},{"damage":0,"enemies":"Lagavulin","floor":14,"turns":2}],"seed_played":"-7458415482546039757","potions_obtained":[{"floor":1,"key":"GamblersBrew"},{"floor":3,"key":"Strength Potion"},{"floor":13,"key":"FearPotion"}],"is_trial":false,"path_per_floor":["M","M","M","M","$","R","E","R","T","$","R","E","?","E"],"character_chosen":"DEFECT","items_purchased":["Coolheaded","DataDisk"],"campfire_rested":0,"item_purchase_floors":[5,10],"current_hp_per_floor":[70,67,65,56,56,56,39,39,39,39,39,11,3,3],"gold":135,"neow_bonus":"UPGRADE_CARD","is_prod":false,"is_daily":false,"chose_seed":false,"campfire_upgraded":3,"win_rate":0,"timestamp":1556001816,"path_taken":["M","M","M","M","$","R","E","R","T","$","R","E","?","E"],"build_version":"2019-01-23","purchased_purges":0,"victory":false,"max_hp_per_floor":[75,75,75,75,75,75,75,75,75,75,75,75,75,75],"card_choices":[{"not_picked":["Doom and Gloom","Compile Driver"],"picked":"Sweeping Beam","floor":1},{"not_picked":["Turbo","Double Energy"],"picked":"Auto Shields","floor":2},{"not_picked":["Streamline","Compile Driver"],"picked":"Steam","floor":3},{"not_picked":["Seek","Reprogram"],"picked":"Cold Snap","floor":4},{"not_picked":["Rebound","Skim"],"picked":"Coolheaded","floor":7},{"not_picked":["Lockon","Darkness","Gash"],"picked":"SKIP","floor":12},{"not_picked":["Go for the Eyes","Consume"],"picked":"Rebound","floor":13}],"player_experience":605635,"relics_obtained":[{"floor":7,"key":"The Courier"},{"floor":9,"key":"Darkstone Periapt"},{"floor":12,"key":"Frozen Egg 2"},{"floor":13,"key":"Bag of Preparation"}],"event_choices":[{"damage_healed":0,"gold_gain":0,"player_choice":"Searched \u00271\u0027 times","damage_taken":0,"max_hp_gain":0,"max_hp_loss":0,"event_name":"Dead Adventurer","floor":13,"gold_loss":0}],"is_beta":false,"boss_relics":[],"items_purged_floors":[],"is_endless":false,"potions_floor_spawned":[1,3,13],"killed_by":"Lagavulin","ascension_level":3}