{"gold_per_floor":[117,136,14,29,29,29,29,29,29,46,57,4,24,51,51,151,151,151,76,76,76,76,76,76,76,76,76,76,76,76,76,76,76,76,76,76,76,76,76,76,76,76,76,76,1,1,1,1,1,1],"floor_reached":51,"playtime":6781,"items_purged":["Strike_G+1"],"score":771,"play_id":"29c026c4-70b7-4f76-a799-2705f02b7885","local_time":"20190218212435","is_ascension_mode":false,"campfire_choices":[{"data":"Infinite Blades","floor":6,"key":"SMITH"},{"data":"Neutralize","floor":8,"key":"SMITH"},{"data":"Accuracy","floor":15,"key":"SMITH"},{"data":"Burst","floor":23,"key":"SMITH"},{"data":"Blade Dance","floor":29,"key":"SMITH"},{"data":"Blur","floor":32,"key":"SMITH"},{"data":"Well Laid Plans","floor":40,"key":"SMITH"},{"data":"Blur","floor":44,"key":"SMITH"},{"floor":49,"key":"REST"}],"neow_cost":"NONE","seed_source_timestamp":270099720154276,"circlet_count":0,"master_deck":["Defend_G+1","Defend_G+1","Defend_G+1","Defend_G+1","Defend_G+1","Strike_G+1","Strike_G+1","Strike_G+1","Strike_G+1","Survivor","Neutralize+1","Infinite Blades+1","Blade Dance","Well Laid Plans+1","Flying Knee+1","Blur+1","Cloak And Dagger","Accuracy+1","Dodge and Roll","Backflip","Calculated Gamble","Burst+1","Cloak And Dagger","Choke+1","Blade Dance+1","Blade Dance+1","Blur+1","PiercingWail","Deflect+1","Venomology","Backstab","Deflect","Envenom","Backflip+1","Predator+1","Flechettes+1","Bullet Time","Blur+1","Cloak And Dagger+1","Backflip+1","Footwork+1","Footwork"],"relics":["Ring of the Snake","Omamori","PreservedInsect","Oddly Smooth Stone","Prayer Wheel","Ectoplasm","FaceOfCleric","Potion Belt","Ginger","Whetstone","White Beast Statue","Juzu Bracelet","Ornamental Fan","Shuriken","Old Coin"],"potions_floor_usage":[14,14,31,33,33,33,33,35,35,41,42,42,42,42,42,47,47,47,50,50,50,50,50,50],"damage_taken":[{"damage":4,"enemies":"Jaw Worm","floor":1,"turns":5},{"damage":2,"enemies":"Small Slimes","floor":2,"turns":4},{"damage":0,"enemies":"Cultist","floor":4,"turns":4},{"damage":3,"enemies":"Blue Slaver","floor":10,"turns":4},{"damage":1,"enemies":"Red Slaver","floor":11,"turns":4},{"damage":4,"enemies":"Looter","floor":13,"turns":3},{"damage":0,"enemies":"Gremlin Nob","floor":14,"turns":3},{"damage":24,"enemies":"Slime Boss","floor":16,"turns":12},{"damage":0,"enemies":"Shell Parasite","floor":18,"turns":6},{"damage":3,"enemies":"2 Thieves","floor":19,"turns":5},{"damage":21,"enemies":"3 Cultists","floor":21,"turns":6},{"damage":12,"enemies":"Snecko","floor":22,"turns":5},{"damage":0,"enemies":"Gremlin Leader","floor":27,"turns":4},{"damage":9,"enemies":"Snake Plant","floor":28,"turns":5},{"damage":8,"enemies":"Book of Stabbing","floor":30,"turns":4},{"damage":0,"enemies":"Shelled Parasite and Fungi","floor":31,"turns":7},{"damage":14,"enemies":"Champ","floor":33,"turns":14},{"damage":14,"enemies":"3 Darklings","floor":35,"turns":8},{"damage":4,"enemies":"Orb Walker","floor":36,"turns":3},{"damage":0,"enemies":"4 Shapes","floor":39,"turns":10},{"damage":3,"enemies":"Maw","floor":41,"turns":9},{"damage":24,"enemies":"Giant Head","floor":42,"turns":7},{"damage":0,"enemies":"Transient","floor":46,"turns":5},{"damage":7,"enemies":"2 Orb Walkers","floor":47,"turns":4},{"damage":0,"enemies":"Sphere and 2 Shapes","floor":48,"turns":6},{"damage":20,"enemies":"Donu and Deca","floor":50,"turns":8}],"seed_played":"-3114106092356667530","potions_obtained":[{"floor":1,"key":"Block Potion"},{"floor":4,"key":"Block Potion"},{"floor":13,"key":"Fire Potion"},{"floor":27,"key":"Explosive Potion"},{"floor":28,"key":"GamblersBrew"},{"floor":30,"key":"Poison Potion"},{"floor":33,"key":"Energy Potion"},{"floor":35,"key":"Energy Potion"},{"floor":36,"key":"EssenceOfSteel"},{"floor":39,"key":"SteroidPotion"},{"floor":41,"key":"Fire Potion"},{"floor":42,"key":"Weak Potion"},{"floor":46,"key":"Poison Potion"},{"floor":47,"key":"PowerPotion"},{"floor":48,"key":"Ancient Potion"}],"is_trial":false,"path_per_floor":["?","?","M","?","M","?","?","?","T","?"],"character_chosen":"THE_SILENT","items_purchased":["Well Laid Plans","Flying Knee","Dodge and Roll"],"campfire_rested":1,"item_purchase_floors":[3,3,12],"current_hp_per_floor":[66,64,64,64,69,69,69,69,69,66,65,65,61,61,61,37,75,75,72,72,52,41,41,41,66,66,67,59,59,52,53,53,40,82,69,66,66,66,67,67,65,42,42,42,42,43,37,38,65,46],"gold":1,"neow_bonus":"RANDOM_COMMON_RELIC","is_prod":false,"is_daily":false,"chose_seed":false,"campfire_upgraded":8,"win_rate":0,"timestamp":1550550275,"path_taken":["M","M","$","M","?","R","?","R","T","M","?","$","M","E","R","BOSS","M","M","?","M","?","R","?","?","T","E","M","R","E","M","R","BOSS","M","M","?","?","M","R","M","E","T","R","$","M","?","M","R","BOSS"],"build_version":"2019-01-23","purchased_purges":1,"victory":true,"max_hp_per_floor":[70,70,70,70,75,75,75,75,75,75,75,75,75,75,75,75,75,75,75,75,76,77,77,77,77,77,78,79,79,80,81,81,82,82,83,84,84,84,85,85,86,87,87,87,87,88,89,90,90,91],"card_choices":[{"not_picked":["Outmaneuver","Underhanded Strike"],"picked":"Infinite Blades","floor":1},{"not_picked":["Bane","Slice"],"picked":"Blade Dance","floor":2},{"not_picked":["Acrobatics","Accuracy"],"picked":"Blur","floor":4},{"not_picked":["Flying Knee","Quick Slash"],"picked":"Cloak And Dagger","floor":10},{"not_picked":["Phantasmal Killer","Poisoned Stab"],"picked":"Accuracy","floor":11},{"not_picked":["All Out Attack","Sucker Punch"],"picked":"Backflip","floor":13},{"not_picked":["Blur","Outmaneuver"],"picked":"Calculated Gamble","floor":14},{"not_picked":["Night Terror","Phantasmal Killer"],"picked":"Burst","floor":16},{"not_picked":["Skewer","Flying Knee"],"picked":"Cloak And Dagger","floor":18},{"not_picked":["Slice","Dagger Spray"],"picked":"Choke+1","floor":18},{"not_picked":["Reflex","Bane"],"picked":"Blade Dance","floor":19},{"not_picked":["Dodge and Roll+1","Heel Hook","Distraction"],"picked":"SKIP","floor":19},{"not_picked":["Flying Knee","Underhanded Strike"],"picked":"Blade Dance+1","floor":21},{"not_picked":["Masterful Stab+1","Outmaneuver","Deadly Poison+1"],"picked":"SKIP","floor":21},{"not_picked":["Well Laid Plans","Infinite Blades"],"picked":"Blur","floor":22},{"not_picked":["Skewer","Catalyst","Heel Hook"],"picked":"SKIP","floor":22},{"not_picked":["Skewer","Crippling Poison"],"picked":"PiercingWail","floor":27},{"not_picked":["Heel Hook","Bane+1"],"picked":"Deflect+1","floor":28},{"not_picked":["Calculated Gamble","Deflect"],"picked":"Venomology","floor":28},{"not_picked":["Cloak And Dagger","Noxious Fumes"],"picked":"Backstab","floor":30},{"not_picked":["Dagger Spray","Eviscerate"],"picked":"Deflect","floor":31},{"not_picked":["Reflex+1","Dagger Spray","Sucker Punch+1"],"picked":"SKIP","floor":31},{"not_picked":["Unload","Corpse Explosion"],"picked":"Envenom","floor":33},{"not_picked":["Quick Slash+1","Bane+1"],"picked":"Backflip+1","floor":35},{"not_picked":["Masterful Stab+1","Flechettes"],"picked":"Predator+1","floor":35},{"not_picked":["Bane+1","Expertise+1"],"picked":"Flechettes+1","floor":36},{"not_picked":["Flying Knee","Dagger Throw+1","Poisoned Stab"],"picked":"SKIP","floor":36},{"not_picked":["Cloak And Dagger+1","Dodge and Roll"],"picked":"Bullet Time","floor":39},{"not_picked":["Flying Knee","Quick Slash+1"],"picked":"Blur+1","floor":39},{"not_picked":["Blade Dance","Dagger Throw+1","Skewer+1"],"picked":"SKIP","floor":41},{"not_picked":["Poisoned Stab","Cloak And Dagger","Skewer"],"picked":"SKIP","floor":41},{"not_picked":["Escape Plan","Blade Dance"],"picked":"Cloak And Dagger+1","floor":42},{"not_picked":["Unload","Skewer+1"],"picked":"Backflip+1","floor":46},{"not_picked":["Deadly Poison","Deflect","Bane+1"],"picked":"SKIP","floor":46},{"not_picked":["Leg Sweep","Acrobatics"],"picked":"Footwork+1","floor":48},{"not_picked":["Quick Slash","Underhanded Strike"],"picked":"Footwork","floor":48}],"player_experience":34771,"relics_obtained":[{"floor":9,"key":"Oddly Smooth Stone"},{"floor":14,"key":"Prayer Wheel"},{"floor":26,"key":"Potion Belt"},{"floor":27,"key":"Ginger"},{"floor":30,"key":"Whetstone"},{"floor":38,"key":"Juzu Bracelet"},{"floor":42,"key":"Ornamental Fan"},{"floor":43,"key":"Shuriken"},{"floor":47,"key":"Old Coin"}],"event_choices":[{"damage_healed":0,"gold_gain":0,"player_choice":"Donut","damage_taken":0,"max_hp_gain":5,"max_hp_loss":0,"event_name":"Big Fish","floor":5,"gold_loss":0},{"damage_healed":0,"gold_gain":0,"player_choice":"Gave Potion","damage_taken":0,"relics_obtained":["PreservedInsect"],"max_hp_gain":0,"max_hp_loss":0,"event_name":"WeMeetAgain","floor":7,"gold_loss":0},{"damage_healed":0,"gold_gain":0,"player_choice":"Trade","damage_taken":0,"relics_obtained":["FaceOfCleric"],"max_hp_gain":0,"max_hp_loss":0,"event_name":"FaceTrader","floor":20,"gold_loss":0},{"damage_healed":0,"gold_gain":0,"player_choice":"Simplicity","damage_taken":0,"max_hp_gain":0,"max_hp_loss":0,"event_name":"Back to Basics","floor":24,"gold_loss":0,"cards_upgraded":["Defend_G","Defend_G","Defend_G","Defend_G","Defend_G","Strike_G","Strike_G","Strike_G","Strike_G","Strike_G"]},{"damage_healed":25,"gold_gain":0,"player_choice":"Heal","damage_taken":0,"max_hp_gain":0,"max_hp_loss":0,"event_name":"The Library","floor":25,"gold_loss":0},{"damage_healed":0,"gold_gain":0,"player_choice":"Memory 1","damage_taken":0,"max_hp_gain":0,"max_hp_loss":0,"event_name":"SensoryStone","floor":37,"gold_loss":0},{"damage_healed":0,"gold_gain":0,"player_choice":"Fight","damage_taken":0,"max_hp_gain":0,"max_hp_loss":0,"event_name":"Mysterious Sphere","floor":47,"gold_loss":0}],"is_beta":false,"boss_relics":[{"not_picked":["Busted Crown","Philosopher\u0027s Stone"],"picked":"Ectoplasm"},{"not_picked":["Orrery","Ring of the Serpent"],"picked":"White Beast Statue"}],"items_purged_floors":[45],"is_endless":false,"potions_floor_spawned":[1,4,13,27,28,30,33,35,36,39,41,42,46,47,48],"ascension_level":0}