{"gold_per_floor":[117,417,492,442,454,485,485,485,485,503,516,532,543,557,557,652,652,662,687,160,160,179,179,179,179,179,197,57,57,74,86,86,184,184,203,203,217,232,332,350,350,350,375,97,97],"floor_reached":45,"playtime":2471,"items_purged":["Strike_G","Normality"],"score":743,"play_id":"5003141f-a803-4f04-9f16-a0a18fba4678","local_time":"20190414204824","is_ascension_mode":true,"campfire_choices":[{"data":"Envenom","floor":7,"key":"SMITH"},{"data":"Envenom","floor":15,"key":"SMITH"},{"floor":23,"key":"REST"},{"data":"Crippling Poison","floor":25,"key":"SMITH"},{"floor":32,"key":"REST"},{"floor":41,"key":"REST"}],"neow_cost":"NONE","seed_source_timestamp":118878175654251,"circlet_count":0,"master_deck":["AscendersBane","Defend_G","Defend_G","Defend_G","Defend_G","Defend_G","Strike_G","Strike_G","Survivor","Neutralize","Dodge and Roll","Dagger Spray","Envenom+1","Envenom+1","Poisoned Stab","Cloak And Dagger","Poisoned Stab","Crippling Poison+1","Infinite Blades","Malaise","Sucker Punch+1","Malaise","Footwork","Iron Wave","Infinite Blades","Prepared","Well Laid Plans","Finisher+1","Corpse Explosion","Melter+1","Flash of Steel","Metallicize+1","Conserve Battery","PiercingWail","Parasite","Shrug It Off","Madness","Madness","Writhe","Footwork"],"relics":["Ring of the Snake","NeowsBlessing","Old Coin","Anchor","Cursed Key","Red Mask","Shuriken","PrismaticShard","Bottled Flame","Incense Burner","Blood Vial","Ninja Scroll"],"potions_floor_usage":[11,16,19,19,24,33,40],"damage_taken":[{"damage":0,"enemies":"Small Slimes","floor":1,"turns":1},{"damage":0,"enemies":"Jaw Worm","floor":5,"turns":1},{"damage":0,"enemies":"Lagavulin","floor":6,"turns":1},{"damage":0,"enemies":"2 Louse","floor":10,"turns":4},{"damage":0,"enemies":"Lots of Slimes","floor":11,"turns":2},{"damage":6,"enemies":"Looter","floor":12,"turns":3},{"damage":7,"enemies":"Gremlin Gang","floor":13,"turns":4},{"damage":0,"enemies":"2 Fungi Beasts","floor":14,"turns":3},{"damage":7,"enemies":"Hexaghost","floor":16,"turns":8},{"damage":29,"enemies":"Spheric Guardian","floor":18,"turns":7},{"damage":18,"enemies":"Masked Bandits","floor":19,"turns":3},{"damage":0,"enemies":"Chosen","floor":22,"turns":6},{"damage":1,"enemies":"Gremlin Leader","floor":24,"turns":3},{"damage":20,"enemies":"3 Cultists","floor":27,"turns":6},{"damage":0,"enemies":"Snake Plant","floor":30,"turns":7},{"damage":0,"enemies":"Centurion and Healer","floor":31,"turns":6},{"damage":28,"enemies":"Automaton","floor":33,"turns":8},{"damage":38,"enemies":"3 Darklings","floor":35,"turns":5},{"damage":0,"enemies":"3 Shapes","floor":37,"turns":6},{"damage":8,"enemies":"Maw","floor":38,"turns":8},{"damage":0,"enemies":"Mind Bloom Boss Battle","floor":39,"turns":8},{"damage":7,"enemies":"Writhing Mass","floor":40,"turns":8},{"damage":18,"enemies":"Reptomancer","floor":45,"turns":3}],"seed_played":"-5596037268847738724","potions_obtained":[{"floor":5,"key":"AttackPotion"},{"floor":11,"key":"SkillPotion"},{"floor":13,"key":"SmokeBomb"},{"floor":14,"key":"AttackPotion"},{"floor":16,"key":"FairyPotion"},{"floor":18,"key":"Regen Potion"},{"floor":27,"key":"FearPotion"},{"floor":31,"key":"Poison Potion"},{"floor":38,"key":"FearPotion"},{"floor":39,"key":"AttackPotion"},{"floor":40,"key":"Dexterity Potion"}],"is_trial":false,"path_per_floor":["M","?","?","?","M","E","R","?","T","M","M","M","M","M","R","B",null,"M","?","$","?","M","R","E","R","T","M","$","?","M","M","R","B",null,"M","?","M","M","?","M","R","?","T","$","E"],"character_chosen":"THE_SILENT","items_purchased":["Shuriken","PrismaticShard","Infinite Blades","Footwork","Ninja Scroll"],"campfire_rested":3,"item_purchase_floors":[20,20,28,44,44],"current_hp_per_floor":[63,60,49,49,49,49,49,49,49,49,49,43,36,36,36,29,60,31,25,25,25,25,46,45,45,45,25,25,25,25,25,46,18,57,19,19,19,11,11,4,25,16,16,16,0],"gold":97,"neow_bonus":"THREE_ENEMY_KILL","is_prod":false,"is_daily":false,"chose_seed":false,"campfire_upgraded":3,"win_rate":0,"timestamp":1555300104,"path_taken":["M","?","?","?","M","E","R","?","T","?","M","M","M","M","R","BOSS","M","?","$","?","M","R","E","R","T","?","$","?","M","M","R","BOSS","M","?","M","M","?","M","R","?","T","?","E"],"build_version":"2019-01-23","purchased_purges":2,"victory":false,"max_hp_per_floor":[70,70,70,70,70,70,70,70,70,70,70,70,70,70,70,70,70,70,70,70,70,70,70,70,70,70,70,70,70,70,70,70,70,70,70,70,70,70,70,70,70,70,70,70,70],"card_choices":[{"not_picked":["Riddle With Holes","Acrobatics"],"picked":"Dodge and Roll","floor":1},{"not_picked":["Dagger Throw","Quick Slash"],"picked":"Dagger Spray","floor":5},{"not_picked":["Dodge and Roll","Infinite Blades"],"picked":"Envenom","floor":6},{"not_picked":["Prepared","Slice","Acrobatics"],"picked":"SKIP","floor":10},{"not_picked":["Slice","Terror"],"picked":"Cloak And Dagger","floor":11},{"not_picked":["Escape Plan","Dodge and Roll"],"picked":"Poisoned Stab","floor":12},{"not_picked":["Slice","Eviscerate"],"picked":"Crippling Poison","floor":13},{"not_picked":["All Out Attack","Deadly Poison"],"picked":"Infinite Blades","floor":14},{"not_picked":["Burst","Glass Knife"],"picked":"Malaise","floor":16},{"not_picked":["Acrobatics","Sucker Punch","Distraction+1"],"picked":"SKIP","floor":18},{"not_picked":["Masterful Stab","Endless Agony"],"picked":"Sucker Punch+1","floor":19},{"not_picked":["Auto Shields","Steam"],"picked":"Footwork","floor":22},{"not_picked":["Deep Breath","Clash+1"],"picked":"Iron Wave","floor":27},{"not_picked":["Chaos","Clash"],"picked":"Well Laid Plans","floor":30},{"not_picked":["Barricade","Deflect"],"picked":"Finisher+1","floor":31},{"not_picked":["Storm of Steel","Thinking Ahead"],"picked":"Corpse Explosion","floor":33},{"not_picked":["Beam Cell","Underhanded Strike"],"picked":"Melter+1","floor":35},{"not_picked":["Panacea","The Bomb"],"picked":"Flash of Steel","floor":36},{"not_picked":["Stack","Predator"],"picked":"Metallicize+1","floor":37},{"not_picked":["Battle Trance","Body Slam"],"picked":"Conserve Battery","floor":38},{"not_picked":["True Grit","Dagger Spray+1"],"picked":"PiercingWail","floor":39},{"not_picked":["Heavy Blade+1","Hello World"],"picked":"Shrug It Off","floor":40}],"player_experience":235939,"relics_obtained":[{"floor":6,"key":"Anchor"},{"floor":19,"key":"Red Mask"},{"floor":26,"key":"Bottled Flame"},{"floor":39,"key":"Incense Burner"},{"floor":43,"key":"Blood Vial"}],"event_choices":[{"damage_healed":0,"gold_gain":0,"player_choice":"Success","damage_taken":3,"relics_obtained":["Old Coin"],"max_hp_gain":0,"max_hp_loss":0,"event_name":"Scrap Ooze","floor":2,"gold_loss":0},{"damage_healed":0,"gold_gain":75,"player_choice":"Gather Gold","damage_taken":11,"max_hp_gain":0,"max_hp_loss":0,"event_name":"World of Goop","floor":3,"gold_loss":0},{"cards_removed":["Strike_G"],"damage_healed":0,"gold_gain":0,"player_choice":"Card Removal","damage_taken":0,"max_hp_gain":0,"max_hp_loss":0,"event_name":"The Cleric","floor":4,"gold_loss":50},{"damage_healed":0,"gold_gain":0,"player_choice":"2 cards matched","damage_taken":0,"max_hp_gain":0,"max_hp_loss":0,"event_name":"Match and Keep!","floor":8,"gold_loss":0,"cards_obtained":["Envenom","Poisoned Stab"]},{"damage_healed":0,"gold_gain":0,"player_choice":"Fought Bandits","damage_taken":0,"max_hp_gain":0,"max_hp_loss":0,"event_name":"Masked Bandits","floor":19,"gold_loss":0},{"damage_healed":0,"gold_gain":0,"player_choice":"Copied","damage_taken":0,"max_hp_gain":0,"max_hp_loss":0,"event_name":"Duplicator","floor":21,"gold_loss":0,"cards_obtained":["Malaise"]},{"damage_healed":0,"gold_gain":0,"cards_transformed":["Strike_G"],"player_choice":"Transformed","damage_taken":0,"max_hp_gain":0,"max_hp_loss":0,"event_name":"Transmorgrifier","floor":29,"gold_loss":0,"cards_obtained":["Prepared"]},{"damage_healed":0,"gold_gain":0,"player_choice":"Memory 1","damage_taken":0,"max_hp_gain":0,"max_hp_loss":0,"event_name":"SensoryStone","floor":36,"gold_loss":0},{"damage_healed":0,"gold_gain":0,"player_choice":"Fight","damage_taken":0,"max_hp_gain":0,"max_hp_loss":0,"event_name":"MindBloom","floor":39,"gold_loss":0},{"damage_healed":0,"gold_gain":0,"player_choice":"Embrace Madness","damage_taken":9,"max_hp_gain":0,"max_hp_loss":0,"event_name":"Winding Halls","floor":42,"gold_loss":0,"cards_obtained":["Madness","Madness"]}],"is_beta":false,"boss_relics":[{"not_picked":["Empty Cage","Orrery"],"picked":"Cursed Key"},{"not_picked":["Calling Bell","HoveringKite","Runic Dome"]}],"items_purged_floors":[20,28],"is_endless":false,"potions_floor_spawned":[5,11,13,14,16,18,27,31,38,39,40],"killed_by":"Reptomancer","ascension_level":10}