{"gold_per_floor":[19,19,35,55,32,32,59,59,59,84,103,118,118,38,38,141,141,161,180,194,194,204,229,229,244,271,271,291,291,307,307,307,307],"floor_reached":33,"playtime":2515,"items_purged":[],"score":410,"play_id":"81a60b33-ecce-4d70-a830-1922a69b5a52","local_time":"20190411234329","is_ascension_mode":true,"campfire_choices":[{"data":"Bash","floor":6,"key":"SMITH"},{"floor":8,"key":"RECALL"},{"data":"Armaments","floor":13,"key":"SMITH"},{"data":"True Grit","floor":15,"key":"SMITH"},{"floor":24,"key":"REST"},{"data":"Warcry","floor":27,"key":"SMITH"},{"floor":29,"key":"REST"},{"floor":32,"key":"REST"}],"neow_cost":"NO_GOLD","seed_source_timestamp":452882480112217,"circlet_count":0,"master_deck":["Strike_R","Strike_R","Strike_R","Strike_R","Strike_R","Defend_R","Defend_R","Defend_R","Defend_R","Bash+1","Carnage+1","Headbutt+1","Iron Wave+1","Headbutt+1","Armaments+1","Ghostly Armor","True Grit+1","Whirlwind+1","Impervious","True Grit","Perfected Strike+1","Ghostly Armor+1","Warcry+1","Writhe"],"relics":["Burning Blood","Unceasing Top","Molten Egg 2","WingedGreaves","Smiling Mask","Busted Crown","Gambling Chip","Matryoshka","Pen Nib","Centennial Puzzle","Boot"],"potions_floor_usage":[4,10,19,20,22],"damage_taken":[{"damage":8,"enemies":"Jaw Worm","floor":1,"turns":4},{"damage":6,"enemies":"Cultist","floor":3,"turns":3},{"damage":2,"enemies":"2 Louse","floor":4,"turns":2},{"damage":21,"enemies":"3 Sentries","floor":7,"turns":6},{"damage":0,"enemies":"Gremlin Nob","floor":10,"turns":2},{"damage":8,"enemies":"Exordium Wildlife","floor":11,"turns":3},{"damage":12,"enemies":"3 Louse","floor":12,"turns":4},{"damage":17,"enemies":"Slime Boss","floor":16,"turns":9},{"damage":16,"enemies":"2 Thieves","floor":18,"turns":4},{"damage":15,"enemies":"Shell Parasite","floor":19,"turns":7},{"damage":18,"enemies":"Snake Plant","floor":20,"turns":3},{"damage":7,"enemies":"Cultist and Chosen","floor":22,"turns":4},{"damage":27,"enemies":"Slavers","floor":23,"turns":4},{"damage":3,"enemies":"Sentry and Sphere","floor":25,"turns":5},{"damage":5,"enemies":"3 Cultists","floor":28,"turns":4},{"damage":17,"enemies":"Chosen and Byrds","floor":30,"turns":4},{"damage":94,"enemies":"Champ","floor":33,"turns":9}],"seed_played":"8673064679065863076","potions_obtained":[{"floor":3,"key":"SkillPotion"},{"floor":7,"key":"FearPotion"},{"floor":16,"key":"Poison Potion"},{"floor":18,"key":"Weak Potion"},{"floor":20,"key":"Fire Potion"}],"is_trial":false,"path_per_floor":["M","?","M","M","$","R","E","R","T","E","M","M","R","$","R","B",null,"M","M","M","T","M","E","R","M","T","R","M","R","M","?","R","B"],"character_chosen":"IRONCLAD","items_purchased":["Iron Wave+1","Whirlwind+1"],"campfire_rested":3,"item_purchase_floors":[5,14],"current_hp_per_floor":[70,70,70,74,74,74,59,59,59,65,63,57,57,57,57,46,72,62,53,41,41,40,19,43,46,46,46,47,71,60,60,80,0],"gold":307,"neow_bonus":"ONE_RARE_RELIC","is_prod":false,"is_daily":false,"chose_seed":false,"campfire_upgraded":4,"win_rate":0,"timestamp":1554993809,"path_taken":["M","?","M","M","$","R","E","R","T","E","?","?","R","?","R","BOSS","M","M","M","?","M","E","R","M","T","R","M","R","M","?","R","BOSS"],"build_version":"2019-01-23","purchased_purges":0,"victory":false,"max_hp_per_floor":[80,80,80,80,80,80,80,80,80,80,80,80,80,80,80,80,80,80,80,80,80,80,80,80,80,80,80,80,80,80,80,80,80],"card_choices":[{"not_picked":["Twin Strike","Shrug It Off"],"picked":"Battle Trance","floor":1},{"not_picked":["Body Slam+1","Anger+1"],"picked":"Carnage+1","floor":3},{"not_picked":["Rage","Rampage+1"],"picked":"Headbutt+1","floor":4},{"not_picked":["Pommel Strike+1","Brutality"],"picked":"Headbutt+1","floor":7},{"not_picked":["Bloodletting","Iron Wave+1"],"picked":"Armaments","floor":10},{"not_picked":["Corruption","Pommel Strike+1"],"picked":"Ghostly Armor","floor":11},{"not_picked":["Flame Barrier","Heavy Blade+1"],"picked":"True Grit","floor":12},{"not_picked":["Barricade","Offering"],"picked":"Impervious","floor":16},{"not_picked":[],"picked":"True Grit","floor":18},{"not_picked":["Iron Wave+1"],"picked":"SKIP","floor":19},{"not_picked":["Havoc+1"],"picked":"SKIP","floor":20},{"not_picked":[],"picked":"Perfected Strike+1","floor":22},{"not_picked":[],"picked":"Ghostly Armor+1","floor":23},{"not_picked":[],"picked":"Warcry","floor":25},{"not_picked":["Warcry"],"picked":"SKIP","floor":28},{"not_picked":["Warcry"],"picked":"SKIP","floor":30}],"player_experience":308731,"relics_obtained":[{"floor":7,"key":"WingedGreaves"},{"floor":10,"key":"Smiling Mask"},{"floor":21,"key":"Gambling Chip"},{"floor":23,"key":"Matryoshka"},{"floor":26,"key":"Pen Nib"},{"floor":26,"key":"Centennial Puzzle"}],"event_choices":[{"cards_removed":["Battle Trance"],"damage_healed":0,"gold_gain":0,"player_choice":"Gave Card","damage_taken":0,"relics_obtained":["Molten Egg 2"],"max_hp_gain":0,"max_hp_loss":0,"event_name":"WeMeetAgain","floor":2,"gold_loss":0},{"damage_healed":0,"gold_gain":0,"player_choice":"Opened","damage_taken":0,"relics_obtained":["Boot"],"max_hp_gain":0,"max_hp_loss":0,"event_name":"The Mausoleum","floor":31,"gold_loss":0,"cards_obtained":["Writhe"]}],"is_beta":false,"boss_relics":[{"not_picked":["Ectoplasm","Coffee Dripper"],"picked":"Busted Crown"}],"items_purged_floors":[],"is_endless":false,"potions_floor_spawned":[3,7,16,18,20],"killed_by":"Champ","ascension_level":7}