{"gold_per_floor":[115,128,128,53,73,136,156,156,182,208,220,261,273,324,336,478,490,527,113,92,292,308,308,223,223,249,249,274,274,287,5,5,135,135,150,483,498,511,511],"floor_reached":39,"playtime":2055,"items_purged":["Strike_R","Strike_R"],"score":426,"play_id":"46eac62b-8b9e-4888-87af-6e383d7f64d6","local_time":"20190320152525","is_ascension_mode":false,"campfire_choices":[{"floor":11,"key":"REST"},{"floor":15,"key":"REST"},{"floor":23,"key":"REST"},{"data":"Demon Form","floor":25,"key":"SMITH"},{"floor":32,"key":"REST"}],"neow_cost":"NONE","seed_source_timestamp":103473366742242,"circlet_count":0,"master_deck":["Strike_R+1","Strike_R+1","Defend_R+1","Defend_R+1","Defend_R+1","Defend_R+1","Bash","Shrug It Off","Clothesline","Iron Wave","Headbutt","Havoc","Anger","Combust","Injury","Spot Weakness","Demon Form+1","Spot Weakness+1","Shrug It Off","True Grit","Sentinel","Shrug It Off","Feel No Pain+1","Ghostly Armor","Warcry","Thinking Ahead","Reaper","Feel No Pain+1","Metallicize+1","Fiend Fire","Ghostly Armor+1"],"relics":["Burning Blood","Bag of Preparation","Tiny Chest","MawBank","Ancient Tea Set","Boot","Eternal Feather","Pantograph","Frozen Egg 2","Happy Flower","Singing Bowl","Orrery"],"potions_floor_usage":[14,22,33,39],"damage_taken":[{"damage":1,"enemies":"2 Louse","floor":1,"turns":3},{"damage":9,"enemies":"Small Slimes","floor":2,"turns":4},{"damage":8,"enemies":"Jaw Worm","floor":5,"turns":3},{"damage":7,"enemies":"Gremlin Nob","floor":6,"turns":5},{"damage":7,"enemies":"Gremlin Gang","floor":7,"turns":5},{"damage":4,"enemies":"Blue Slaver","floor":10,"turns":3},{"damage":36,"enemies":"3 Sentries","floor":12,"turns":8},{"damage":22,"enemies":"Lagavulin","floor":14,"turns":6},{"damage":40,"enemies":"The Guardian","floor":16,"turns":11},{"damage":23,"enemies":"Spheric Guardian","floor":18,"turns":5},{"damage":37,"enemies":"2 Thieves","floor":20,"turns":5},{"damage":29,"enemies":"Snake Plant","floor":22,"turns":7},{"damage":26,"enemies":"Sentry and Sphere","floor":28,"turns":6},{"damage":12,"enemies":"Chosen and Byrds","floor":30,"turns":7},{"damage":93,"enemies":"Champ","floor":33,"turns":13},{"damage":31,"enemies":"3 Darklings","floor":35,"turns":8},{"damage":9,"enemies":"3 Shapes","floor":37,"turns":7},{"damage":62,"enemies":"Spire Growth","floor":38,"turns":9},{"damage":73,"enemies":"Sphere and 2 Shapes","floor":39,"turns":3}],"seed_played":"8054878544261691732","potions_obtained":[{"floor":1,"key":"Weak Potion"},{"floor":2,"key":"Explosive Potion"},{"floor":5,"key":"Swift Potion"},{"floor":10,"key":"Energy Potion"},{"floor":14,"key":"Dexterity Potion"},{"floor":30,"key":"Regen Potion"},{"floor":35,"key":"Weak Potion"},{"floor":38,"key":"BloodPotion"}],"is_trial":false,"path_per_floor":["M","M","?","$","M","E","M","?","T","M","R","E","?","E","R","B",null,"M","$","M","?","M","R","?","R","T","T","M","?","M","$","R","B",null,"M","?","M","M","M"],"character_chosen":"IRONCLAD","items_purchased":["Shrug It Off","True Grit","Pantograph","Ghostly Armor","Warcry","Thinking Ahead"],"campfire_rested":4,"item_purchase_floors":[19,19,19,31,31,31],"current_hp_per_floor":[80,77,70,70,68,67,66,50,50,52,76,46,46,30,54,20,80,63,63,32,32,9,45,45,57,57,57,39,39,33,33,72,10,86,79,79,90,34,0],"gold":511,"neow_bonus":"RANDOM_COMMON_RELIC","is_prod":false,"is_daily":false,"chose_seed":false,"campfire_upgraded":1,"win_rate":0,"timestamp":1553117125,"path_taken":["M","M","?","$","M","E","M","?","T","M","R","E","?","E","R","BOSS","M","$","M","?","?","R","?","R","T","?","M","?","M","?","R","BOSS","M","?","M","M","M"],"build_version":"2019-01-23","purchased_purges":2,"victory":false,"max_hp_per_floor":[80,80,80,80,80,80,80,80,80,80,80,80,80,80,80,80,80,80,80,80,80,80,80,80,80,80,80,82,82,82,82,82,82,86,88,88,90,90,90],"card_choices":[{"not_picked":["Reckless Charge","Entrench"],"picked":"Shrug It Off","floor":1},{"not_picked":["Blood for Blood","Entrench"],"picked":"Clothesline","floor":2},{"not_picked":["Infernal Blade","Whirlwind"],"picked":"Iron Wave","floor":5},{"not_picked":["Anger","Clothesline"],"picked":"Headbutt","floor":6},{"not_picked":["Rupture","Rage"],"picked":"Havoc","floor":7},{"not_picked":["Clash","Second Wind"],"picked":"Anger","floor":10},{"not_picked":["Second Wind","Fire Breathing"],"picked":"Combust","floor":12},{"not_picked":["Combust","Flex"],"picked":"Spot Weakness","floor":14},{"not_picked":["Double Tap","Barricade"],"picked":"Demon Form","floor":16},{"not_picked":["Clash","Headbutt"],"picked":"Spot Weakness+1","floor":18},{"not_picked":["Sword Boomerang","Perfected Strike"],"picked":"Sentinel","floor":20},{"not_picked":["Headbutt+1","Whirlwind"],"picked":"Shrug It Off","floor":22},{"not_picked":["Heavy Blade","Cleave","Pommel Strike"],"picked":"Singing Bowl","floor":28},{"not_picked":["Barricade+1","Metallicize+1"],"picked":"Feel No Pain+1","floor":30},{"not_picked":["Barricade+1","Immolate"],"picked":"Reaper","floor":33},{"not_picked":["Inflame+1","Warcry+1"],"picked":"Feel No Pain+1","floor":34},{"not_picked":["Second Wind+1","Fire Breathing+1","Havoc"],"picked":"Singing Bowl","floor":34},{"not_picked":["Clothesline","Flex","Rampage"],"picked":"Singing Bowl","floor":34},{"not_picked":["Dropkick","Wild Strike"],"picked":"Metallicize+1","floor":34},{"not_picked":["Heavy Blade","Fire Breathing+1"],"picked":"Fiend Fire","floor":34},{"not_picked":["Entrench","Headbutt+1","True Grit"],"picked":"Singing Bowl","floor":35},{"not_picked":["Rupture+1","Body Slam+1","Hemokinesis+1"],"picked":"Singing Bowl","floor":37},{"not_picked":["Burning Pact+1","Thunderclap+1"],"picked":"Ghostly Armor+1","floor":38}],"player_experience":295069,"relics_obtained":[{"floor":6,"key":"Tiny Chest"},{"floor":9,"key":"MawBank"},{"floor":12,"key":"Ancient Tea Set"},{"floor":14,"key":"Boot"},{"floor":26,"key":"Happy Flower"},{"floor":27,"key":"Singing Bowl"}],"event_choices":[{"cards_removed":["Strike_R"],"damage_healed":0,"gold_gain":0,"player_choice":"Card Removal","damage_taken":7,"max_hp_gain":0,"max_hp_loss":0,"event_name":"Golden Wing","floor":3,"gold_loss":0},{"damage_healed":0,"gold_gain":0,"player_choice":"Entered Light","damage_taken":16,"max_hp_gain":0,"max_hp_loss":0,"event_name":"Shining Light","floor":8,"gold_loss":0,"cards_upgraded":["Strike_R","Defend_R"]},{"damage_healed":0,"gold_gain":0,"player_choice":"Take Wound","damage_taken":0,"relics_obtained":["Golden Idol"],"max_hp_gain":0,"max_hp_loss":0,"event_name":"Golden Idol","floor":13,"gold_loss":0,"cards_obtained":["Injury"]},{"damage_healed":0,"gold_gain":250,"player_choice":"Bet on Owner","damage_taken":0,"max_hp_gain":0,"max_hp_loss":0,"event_name":"The Joust","floor":21,"gold_loss":50},{"damage_healed":0,"gold_gain":0,"player_choice":"Obtained Relic","damage_taken":0,"relics_obtained":["Frozen Egg 2"],"max_hp_gain":0,"max_hp_loss":0,"event_name":"Addict","floor":24,"gold_loss":85},{"damage_healed":0,"gold_gain":0,"player_choice":"Simplicity","damage_taken":0,"max_hp_gain":0,"max_hp_loss":0,"event_name":"Back to Basics","floor":29,"gold_loss":0,"cards_upgraded":["Strike_R","Defend_R","Defend_R","Defend_R"]},{"damage_healed":0,"gold_gain":333,"player_choice":"Gave Idol","damage_taken":0,"max_hp_gain":0,"max_hp_loss":0,"event_name":"The Moai Head","floor":36,"relics_lost":["Golden Idol"],"gold_loss":0}],"is_beta":false,"boss_relics":[{"not_picked":["Empty Cage","Fusion Hammer"],"picked":"Eternal Feather"},{"not_picked":["Runic Dome","Astrolabe"],"picked":"Orrery"}],"items_purged_floors":[4,19],"is_endless":false,"potions_floor_spawned":[1,2,5,10,14,30,35,38],"killed_by":"Sphere and 2 Shapes","ascension_level":0}