{"gold_per_floor":[115,131,131,131,144,144,174,174,199,199,210,210,210,224,224,329,329,342,354,370,126,139,139,157,157,157,157,157],"floor_reached":28,"playtime":1068,"items_purged":["Strike_R"],"score":300,"play_id":"187dc164-02cb-40f3-877c-69c51c45d29f","local_time":"20180816214643","is_ascension_mode":true,"campfire_choices":[{"data":"Searing Blow","floor":6,"key":"SMITH"},{"data":"Searing Blow+1","floor":8,"key":"SMITH"},{"data":"Searing Blow+2","floor":12,"key":"SMITH"},{"data":"Searing Blow+3","floor":15,"key":"SMITH"},{"data":"Searing Blow+4","floor":23,"key":"SMITH"},{"data":"Searing Blow+5","floor":25,"key":"SMITH"},{"floor":27,"key":"REST"}],"neow_cost":"NONE","seed_source_timestamp":126011232273410,"circlet_count":0,"master_deck":["Strike_R+1","Strike_R","Strike_R","Strike_R","Defend_R","Defend_R","Defend_R","Defend_R+1","Bash","Searing Blow+6","Spot Weakness","Flame Barrier","Shrug It Off","Impervious","Shrug It Off+1","Shrug It Off","Barricade","Armaments"],"relics":["Burning Blood","Pen Nib","Vajra","Dream Catcher","Singing Bowl","Philosopher\u0027s Stone","Pear"],"potions_floor_usage":[16,16,22,22],"damage_taken":[{"damage":6,"enemies":"Cultist","floor":1,"turns":3},{"damage":5,"enemies":"2 Louse","floor":2,"turns":3},{"damage":3,"enemies":"Small Slimes","floor":5,"turns":3},{"damage":32,"enemies":"3 Sentries","floor":7,"turns":8},{"damage":3,"enemies":"Looter","floor":11,"turns":2},{"damage":0,"enemies":"Exordium Wildlife","floor":14,"turns":3},{"damage":12,"enemies":"Slime Boss","floor":16,"turns":6},{"damage":13,"enemies":"Spheric Guardian","floor":18,"turns":4},{"damage":23,"enemies":"3 Byrds","floor":19,"turns":3},{"damage":0,"enemies":"Snecko","floor":20,"turns":5},{"damage":24,"enemies":"3 Cultists","floor":22,"turns":7},{"damage":38,"enemies":"Snake Plant","floor":24,"turns":4},{"damage":55,"enemies":"Gremlin Leader","floor":28,"turns":7}],"seed_played":"8581816360940485793","potions_obtained":[{"floor":1,"key":"EssenceOfSteel"},{"floor":5,"key":"PowerPotion"},{"floor":14,"key":"AttackPotion"},{"floor":19,"key":"AttackPotion"},{"floor":20,"key":"AttackPotion"}],"is_trial":false,"path_per_floor":["M","M","?","$","M","R","E","R","T","?","M","R","?","M","R","B",null,"M","M","M","$","M","R","M","R","T","R"],"character_chosen":"IRONCLAD","items_purchased":["Shrug It Off","Barricade"],"campfire_rested":1,"item_purchase_floors":[21,21],"current_hp_per_floor":[80,80,64,64,67,67,41,41,41,23,26,26,31,39,39,33,74,67,52,60,60,44,44,14,14,24,55,0],"gold":157,"neow_bonus":"RANDOM_COMMON_RELIC","is_prod":false,"is_daily":false,"chose_seed":false,"campfire_upgraded":6,"win_rate":0,"timestamp":1534481203,"path_taken":["M","M","?","$","M","R","E","R","T","?","M","R","?","M","R","BOSS","M","M","M","$","M","R","M","R","T","R","E"],"build_version":"2018-08-16","purchased_purges":1,"victory":false,"max_hp_per_floor":[80,80,80,80,80,80,80,80,80,80,80,80,85,87,87,87,87,87,89,91,91,93,93,95,95,105,105,105],"card_choices":[{"not_picked":["Intimidate","Sword Boomerang"],"picked":"Searing Blow","floor":1},{"not_picked":["Wild Strike","Reckless Charge","Sever Soul"],"picked":"SKIP","floor":2},{"not_picked":["Rupture","Entrench"],"picked":"Spot Weakness","floor":5},{"not_picked":["Clothesline","Fire Breathing"],"picked":"Flame Barrier","floor":7},{"not_picked":["Evolve","Clash"],"picked":"Shrug It Off","floor":11},{"not_picked":["Heavy Blade","Intimidate","Power Through"],"picked":"Singing Bowl","floor":14},{"not_picked":["Dark Embrace","Exhume"],"picked":"Impervious","floor":16},{"not_picked":["Havoc","Whirlwind"],"picked":"Shrug It Off+1","floor":18},{"not_picked":["Perfected Strike","Searing Blow","Entrench"],"picked":"Singing Bowl","floor":19},{"not_picked":["Pommel Strike","True Grit","Rage"],"picked":"Singing Bowl","floor":20},{"not_picked":["Blood for Blood","Spot Weakness+1","Havoc+1"],"picked":"Singing Bowl","floor":22},{"not_picked":["Sword Boomerang","Rampage+1","Shrug It Off"],"picked":"Singing Bowl","floor":24},{"not_picked":["Sentinel","Entrench"],"picked":"Armaments","floor":27}],"player_experience":86983,"relics_obtained":[{"floor":7,"key":"Vajra"},{"floor":9,"key":"Dream Catcher"},{"floor":26,"key":"Pear"}],"event_choices":[{"event_name":"Shining Light","player_choice":"Entered Light","floor":3,"damage_taken":0},{"event_name":"Scrap Ooze","player_choice":"success","floor":10,"damage_taken":18},{"event_name":"Big Fish","player_choice":"Donut","floor":13,"damage_taken":0}],"is_beta":false,"boss_relics":[{"not_picked":["Ectoplasm","Coffee Dripper"],"picked":"Philosopher\u0027s Stone"}],"items_purged_floors":[21],"is_endless":false,"potions_floor_spawned":[1,5,14,19,20],"killed_by":"Gremlin Leader","ascension_level":5}