{"gold_per_floor":[115,126,301,320,320,320,349,154,154,454,454,480,492,521,533,643,655,683,140,140,80,80,80,80,80,129,44,59,59,90,107,107,209,209,226,226,176,176,26,26,0,29,79,79,104,104,123,141,141,141],"floor_reached":51,"playtime":2891,"items_purged":["Strike_G","Strike_G","Good Instincts"],"score":1030,"play_id":"af418df0-18c3-4667-b660-dcd64eb364ab","local_time":"20190506184326","is_ascension_mode":true,"campfire_choices":[{"floor":6.0,"key":"REST"},{"floor":11.0,"key":"REST"},{"floor":13.0,"key":"REST"},{"floor":15.0,"key":"REST"},{"data":"Noxious Fumes","floor":23.0,"key":"SMITH"},{"data":"Noxious Fumes","floor":25.0,"key":"SMITH"},{"floor":32,"key":"REST"},{"data":"Footwork","floor":40,"key":"SMITH"},{"data":"Footwork","floor":44,"key":"SMITH"},{"data":"Corpse Explosion","floor":46,"key":"SMITH"},{"floor":49,"key":"REST"}],"neow_cost":"NONE","seed_source_timestamp":388402138236916,"circlet_count":0,"master_deck":["Defend_G","Defend_G+1","Defend_G","Defend_G","Defend_G","Strike_G","Strike_G","Survivor","Neutralize","Footwork+1","Deadly Poison","Footwork+1","Noxious Fumes+1","Deadly Poison+1","Noxious Fumes+1","Corpse Explosion+1","Backflip+1","Adrenaline+1","Backflip+1","Crippling Poison+1","Noxious Fumes+1"],"special_seed":0,"relics":["Ring of the Serpent","Art of War","Matryoshka","Old Coin","MawBank","Juzu Bracelet","MealTicket","Spirit Poop","MutagenicStrength","Dodecahedron","Regal Pillow","Toxic Egg 2","Smiling Mask","Velvet Choker","War Paint","Red Mask","Dream Catcher","Letter Opener","Oddly Smooth Stone","Orichalcum"],"potions_floor_usage":[28,36,50],"damage_taken":[{"damage":5.0,"enemies":"2 Louse","floor":1.0,"turns":2.0},{"damage":4.0,"enemies":"Jaw Worm","floor":2.0,"turns":6.0},{"damage":9.0,"enemies":"Small Slimes","floor":4.0,"turns":4.0},{"damage":42.0,"enemies":"3 Sentries","floor":7.0,"turns":14.0},{"damage":45.0,"enemies":"Gremlin Nob","floor":12.0,"turns":6.0},{"damage":13.0,"enemies":"3 Louse","floor":14.0,"turns":4.0},{"damage":8.0,"enemies":"The Guardian","floor":16.0,"turns":9.0},{"damage":12.0,"enemies":"Shell Parasite","floor":18.0,"turns":6.0},{"damage":21,"enemies":"2 Thieves","floor":28,"turns":4},{"damage":36,"enemies":"Book of Stabbing","floor":30,"turns":8},{"damage":2,"enemies":"Snecko","floor":31,"turns":6},{"damage":36,"enemies":"Automaton","floor":33,"turns":11},{"damage":10,"enemies":"Orb Walker","floor":35,"turns":5},{"damage":0,"enemies":"3 Shapes","floor":36,"turns":1},{"damage":15,"enemies":"Nemesis","floor":42,"turns":9},{"damage":0,"enemies":"Reptomancer","floor":45,"turns":7},{"damage":7,"enemies":"Jaw Worm Horde","floor":47,"turns":3},{"damage":13,"enemies":"Spire Growth","floor":48,"turns":5},{"damage":49,"enemies":"Awakened One","floor":50,"turns":14}],"seed_played":"-454264547856749132","potions_obtained":[{"floor":2.0,"key":"EntropicBrew"},{"floor":14.0,"key":"AttackPotion"},{"floor":18.0,"key":"Block Potion"},{"floor":31,"key":"SmokeBomb"},{"floor":35,"key":"FearPotion"},{"floor":45,"key":"GhostInAJar"},{"floor":47,"key":"FearPotion"}],"is_trial":false,"path_per_floor":["M","M","?","M","?","R","E","$","T","?","R","E","R","M","R","B",null,"M","$","?","?","$","R","?","R","T","?","M","$","E","M","R","B",null,"M","M","$","?","$","R","?","E","T","R","E","R","M","M","R","B",null],"character_chosen":"THE_SILENT","items_purchased":["Noxious Fumes","Deadly Poison","Juzu Bracelet","MealTicket","Good Instincts","War Paint"],"campfire_rested":6,"item_purchase_floors":[8,8,19,19,19,39],"current_hp_per_floor":[65,61,61,52,57,81,39,39,39,32,56,11,35,22,46,38,71,59,59,59,59,59,59,59,59,59,59,38,53,17,15,54,18,66,56,56,71,71,78,78,78,63,63,63,63,63,56,43,78,29],"gold":141,"neow_bonus":"TEN_PERCENT_HP_BONUS","is_prod":false,"is_daily":false,"chose_seed":false,"campfire_upgraded":5,"win_rate":0,"timestamp":1557161006,"path_taken":["M","M","?","M","?","R","E","$","T","?","R","E","R","M","R","BOSS","M","$","?","?","?","R","?","R","T","?","M","$","E","M","R","BOSS","M","M","$","?","$","R","?","E","T","R","E","R","M","M","R","BOSS"],"build_version":"2019-01-23","purchased_purges":3,"victory":true,"max_hp_per_floor":[77,77,77,77,82,82,82,82,82,82,82,82,82,82,82,82,82,82,82,82,82,82,82,82,82,82,82,82,82,82,82,82,82,82,82,82,82,78,78,78,78,78,78,78,78,78,78,78,78,78],"card_choices":[{"not_picked":["Bane","PiercingWail","Underhanded Strike"],"picked":"SKIP","floor":1.0},{"not_picked":["Flying Knee","Terror"],"picked":"Footwork","floor":2.0},{"not_picked":["Skewer","Infinite Blades"],"picked":"Deadly Poison","floor":4.0},{"not_picked":["Outmaneuver","Slice"],"picked":"Footwork","floor":7.0},{"not_picked":["Reflex","Dodge and Roll","Bane"],"picked":"SKIP","floor":12.0},{"not_picked":["Choke","Sucker Punch"],"picked":"Noxious Fumes","floor":14.0},{"not_picked":["Malaise","Wraith Form v2"],"picked":"Corpse Explosion","floor":16.0},{"not_picked":["Sucker Punch","Riddle With Holes+1","Blade Dance"],"picked":"SKIP","floor":18.0},{"not_picked":["Quick Slash","Terror+1"],"picked":"Backflip+1","floor":28},{"not_picked":["PiercingWail+1","Predator"],"picked":"Adrenaline+1","floor":30},{"not_picked":["Acrobatics+1","Dash"],"picked":"Backflip+1","floor":31},{"not_picked":["Poisoned Stab","Concentrate+1","Eviscerate+1"],"picked":"SKIP","floor":35},{"not_picked":["Dagger Throw","Corpse Explosion+1"],"picked":"Crippling Poison+1","floor":42},{"not_picked":["Poisoned Stab","Deflect+1","Predator"],"picked":"SKIP","floor":45},{"not_picked":["Deflect+1","Acrobatics+1","Cloak And Dagger+1"],"picked":"SKIP","floor":47},{"not_picked":["Predator+1","Deadly Poison+1","Sucker Punch+1"],"picked":"SKIP","floor":48},{"not_picked":["Eviscerate","Dodge and Roll+1"],"picked":"Noxious Fumes+1","floor":49}],"player_experience":411510,"relics_obtained":[{"floor":7.0,"key":"Art of War"},{"floor":9.0,"key":"Matryoshka"},{"floor":12.0,"key":"MawBank"},{"floor":26.0,"key":"Dodecahedron"},{"floor":26.0,"key":"Regal Pillow"},{"floor":30,"key":"Smiling Mask"},{"floor":42,"key":"Dream Catcher"},{"floor":43,"key":"Letter Opener"},{"floor":43,"key":"Oddly Smooth Stone"},{"floor":45,"key":"Orichalcum"}],"event_choices":[{"damage_healed":0.0,"max_hp_gain":0.0,"max_hp_loss":0.0,"gold_gain":175.0,"event_name":"Liars Game","player_choice":"AGREE","floor":3.0,"gold_loss":0.0,"damage_taken":0.0,"cards_obtained":["Doubt"]},{"damage_healed":0.0,"max_hp_gain":5.0,"max_hp_loss":0.0,"gold_gain":0.0,"event_name":"Big Fish","player_choice":"Donut","floor":5.0,"gold_loss":0.0,"damage_taken":0.0},{"damage_healed":0.0,"max_hp_gain":0.0,"max_hp_loss":0.0,"gold_gain":0.0,"event_name":"Scrap Ooze","player_choice":"Success","floor":10.0,"gold_loss":0.0,"damage_taken":7.0,"relics_obtained":["Old Coin"]},{"cards_removed":["Doubt"],"damage_healed":0.0,"max_hp_gain":0.0,"max_hp_loss":0.0,"gold_gain":0.0,"event_name":"Bonfire Elementals","player_choice":"Offered Curse","floor":20.0,"gold_loss":0.0,"damage_taken":0.0,"relics_obtained":["Spirit Poop"]},{"cards_removed":["Strike_G"],"damage_healed":0.0,"max_hp_gain":0.0,"max_hp_loss":0.0,"gold_gain":0.0,"event_name":"Designer","player_choice":"Single Remove","floor":21.0,"gold_loss":60.0,"damage_taken":0.0},{"damage_healed":0.0,"max_hp_gain":0.0,"max_hp_loss":0.0,"gold_gain":0.0,"event_name":"Drug Dealer","player_choice":"Inject Mutagens","floor":24.0,"gold_loss":0.0,"damage_taken":0.0,"relics_obtained":["MutagenicStrength"]},{"damage_healed":0.0,"max_hp_gain":0.0,"max_hp_loss":0.0,"gold_gain":0.0,"event_name":"Addict","player_choice":"Obtained Relic","floor":27.0,"gold_loss":85.0,"damage_taken":0.0,"relics_obtained":["Toxic Egg 2"]},{"damage_healed":0,"gold_gain":0,"player_choice":"Max HP","damage_taken":0,"max_hp_gain":0,"max_hp_loss":4,"event_name":"Winding Halls","floor":38,"gold_loss":0},{"damage_healed":0,"gold_gain":0,"player_choice":"Paid","damage_taken":0,"relics_obtained":["Red Mask"],"max_hp_gain":0,"max_hp_loss":0,"event_name":"Tomb of Lord Red Mask","floor":41,"gold_loss":26}],"is_beta":false,"boss_relics":[{"not_picked":["HoveringKite","Cursed Key"],"picked":"Ring of the Serpent"},{"not_picked":["Sozu","Coffee Dripper"],"picked":"Velvet Choker"}],"items_purged_floors":[8,19,37],"is_endless":false,"potions_floor_spawned":[2,14,18,31,35,45,47],"ascension_level":7}