{"gold_per_floor":[213,232,232,249,269,303,303,359,405,505,523,549,565,582,582,685,685,696,710,720,494,419,451,451,206,206,206,232,251,279,188,188,287,287,300,316,334,334,353,387,387,397,422,456,359,371,443,133,133,133],"floor_reached":51,"playtime":3913,"items_purged":["Strike_R","Strike_R","Strike_R"],"score":862,"play_id":"2daa0835-1916-4aaf-b8bb-310bad7d6d45","local_time":"20180902105110","is_ascension_mode":false,"campfire_choices":[{"data":"Whirlwind","floor":7,"key":"SMITH"},{"data":"Limit Break","floor":15,"key":"SMITH"},{"data":"Armaments","floor":24,"key":"SMITH"},{"data":"Shockwave","floor":27,"key":"SMITH"},{"data":"Disarm","floor":32,"key":"SMITH"},{"data":"Limit Break","floor":41,"key":"SMITH"},{"floor":46,"key":"REST"},{"floor":49,"key":"REST"}],"neow_cost":"NONE","seed_source_timestamp":79975608330976,"circlet_count":0,"master_deck":["Strike_R","Defend_R","Defend_R","Defend_R","Defend_R","Bash+1","Whirlwind+1","Iron Wave","Twin Strike","Armaments+1","Shrug It Off","Disarm+1","Limit Break+1","Brutality","Shockwave+1","Dropkick+1","Metallicize+1","Inflame","Shrug It Off","Limit Break+1","Spot Weakness","Evolve+1","Bash","Madness","Headbutt+1","Apotheosis"],"relics":["Burning Blood","Kunai","Oddly Smooth Stone","Red Skull","Mercury Hourglass","Black Star","Lantern","Omamori","Bag of Preparation","Vajra","Art of War","Blood Vial","Ancient Tea Set","Red Mask","Busted Crown","Orichalcum","Centennial Puzzle","Pen Nib","Shovel","Prayer Wheel","MawBank","Tiny Chest","Happy Flower"],"potions_floor_usage":[23,29,30,33,50,50,50],"damage_taken":[{"damage":1,"enemies":"Jaw Worm","floor":1,"turns":3},{"damage":1,"enemies":"Cultist","floor":2,"turns":4},{"damage":0,"enemies":"Small Slimes","floor":4,"turns":2},{"damage":7,"enemies":"3 Louse","floor":5,"turns":3},{"damage":45,"enemies":"Lagavulin","floor":6,"turns":8},{"damage":15,"enemies":"3 Sentries","floor":8,"turns":6},{"damage":11,"enemies":"Exordium Wildlife","floor":11,"turns":2},{"damage":3,"enemies":"3 Sentries","floor":12,"turns":7},{"damage":0,"enemies":"Gremlin Gang","floor":13,"turns":3},{"damage":3,"enemies":"Blue Slaver","floor":14,"turns":3},{"damage":0,"enemies":"The Guardian","floor":16,"turns":11},{"damage":51,"enemies":"Spheric Guardian","floor":18,"turns":12},{"damage":7,"enemies":"Chosen","floor":19,"turns":4},{"damage":6,"enemies":"Centurion and Healer","floor":20,"turns":6},{"damage":25,"enemies":"Slavers","floor":23,"turns":4},{"damage":0,"enemies":"Book of Stabbing","floor":28,"turns":4},{"damage":6,"enemies":"Sentry and Sphere","floor":29,"turns":6},{"damage":0,"enemies":"Masked Bandits","floor":30,"turns":1},{"damage":39,"enemies":"Collector","floor":33,"turns":8},{"damage":9,"enemies":"3 Darklings","floor":35,"turns":4},{"damage":11,"enemies":"Orb Walker","floor":36,"turns":4},{"damage":5,"enemies":"Sphere and 2 Shapes","floor":37,"turns":6},{"damage":31,"enemies":"3 Darklings","floor":39,"turns":6},{"damage":20,"enemies":"Nemesis","floor":40,"turns":5},{"damage":19,"enemies":"Transient","floor":42,"turns":5},{"damage":18,"enemies":"2 Orb Walkers","floor":44,"turns":4},{"damage":3,"enemies":"Giant Head","floor":47,"turns":6},{"damage":35,"enemies":"Donu and Deca","floor":50,"turns":6}],"seed_played":"-9066695552175966059","potions_obtained":[{"floor":1,"key":"GamblersBrew"},{"floor":2,"key":"BloodPotion"},{"floor":8,"key":"Dexterity Potion"},{"floor":11,"key":"Ancient Potion"},{"floor":23,"key":"Block Potion"},{"floor":29,"key":"Strength Potion"},{"floor":33,"key":"GamblersBrew"},{"floor":36,"key":"Dexterity Potion"},{"floor":40,"key":"BloodPotion"}],"is_trial":false,"path_per_floor":["M","M","?","M","M","E","R","?","T","?","M","E","M","M","R","B",null,"M","M","M","$","?","E","R","$","T","R","E","M","?","$","R","B",null,"M","M","M","?","M","E","R","M","T","E","?","R","E","$","R","B"],"character_chosen":"IRONCLAD","items_purchased":["Lantern","Vajra","Inflame","Shrug It Off","Apotheosis"],"campfire_rested":2,"item_purchase_floors":[21,25,31,31,48],"current_hp_per_floor":[80,80,80,80,79,40,40,31,31,31,26,29,35,38,38,44,80,35,34,34,34,34,23,23,23,23,23,29,31,39,39,39,8,80,77,74,77,77,54,42,42,31,31,21,21,45,50,50,74,55],"gold":133,"neow_bonus":"HUNDRED_GOLD","is_prod":false,"is_daily":false,"chose_seed":false,"campfire_upgraded":6,"win_rate":0,"timestamp":1535910670,"path_taken":["M","M","?","M","M","E","R","?","T","?","M","E","?","M","R","BOSS","M","M","M","$","?","E","R","$","T","R","E","M","?","$","R","BOSS","M","M","M","?","M","E","R","M","T","E","?","R","E","$","R","BOSS"],"build_version":"2018-08-30","purchased_purges":3,"victory":true,"max_hp_per_floor":[80,80,80,80,80,80,80,80,80,80,80,80,80,80,80,80,80,80,80,80,80,80,80,80,80,80,80,80,80,80,80,80,80,80,80,80,80,80,80,80,80,80,80,80,80,80,80,80,80,80],"card_choices":[{"not_picked":["Hemokinesis","Combust"],"picked":"Whirlwind","floor":1},{"not_picked":["Flame Barrier","Blood for Blood"],"picked":"Iron Wave","floor":2},{"not_picked":["Intimidate","Rage","Rupture"],"picked":"SKIP","floor":4},{"not_picked":["Perfected Strike","True Grit","Pommel Strike"],"picked":"SKIP","floor":5},{"not_picked":["Flex","Heavy Blade"],"picked":"Twin Strike","floor":6},{"not_picked":["Havoc","Rampage"],"picked":"Armaments","floor":8},{"not_picked":["Warcry","Clothesline"],"picked":"Shrug It Off","floor":11},{"not_picked":["Flex","Armaments"],"picked":"Disarm","floor":12},{"not_picked":["True Grit","Pommel Strike","Fire Breathing"],"picked":"SKIP","floor":13},{"not_picked":["Iron Wave","Cleave"],"picked":"Limit Break","floor":14},{"not_picked":["Exhume","Dark Embrace"],"picked":"Brutality","floor":16},{"not_picked":["Perfected Strike","Havoc+1","Wild Strike+1"],"picked":"SKIP","floor":18},{"not_picked":["Reckless Charge+1","Dual Wield","Pommel Strike"],"picked":"SKIP","floor":19},{"not_picked":["Corruption","True Grit+1"],"picked":"Shockwave","floor":20},{"not_picked":["Sentinel","Clash"],"picked":"Dropkick+1","floor":23},{"not_picked":["Pommel Strike","Uppercut","Armaments"],"picked":"SKIP","floor":28},{"not_picked":["True Grit","Thunderclap"],"picked":"Metallicize+1","floor":29},{"not_picked":["Brutality","Exhume"],"picked":"Limit Break","floor":33},{"not_picked":[],"picked":"Spot Weakness","floor":35},{"not_picked":["Perfected Strike"],"picked":"SKIP","floor":36},{"not_picked":[],"picked":"Evolve+1","floor":37},{"not_picked":["Burning Pact"],"picked":"SKIP","floor":39},{"not_picked":["Iron Wave"],"picked":"SKIP","floor":40},{"not_picked":[],"picked":"Headbutt+1","floor":42},{"not_picked":["Thunderclap"],"picked":"SKIP","floor":44},{"not_picked":["Battle Trance"],"picked":"SKIP","floor":47}],"player_experience":164190,"relics_obtained":[{"floor":6,"key":"Kunai"},{"floor":8,"key":"Oddly Smooth Stone"},{"floor":9,"key":"Red Skull"},{"floor":12,"key":"Mercury Hourglass"},{"floor":23,"key":"Omamori"},{"floor":23,"key":"Bag of Preparation"},{"floor":26,"key":"Art of War"},{"floor":28,"key":"Blood Vial"},{"floor":28,"key":"Ancient Tea Set"},{"floor":30,"key":"Red Mask"},{"floor":40,"key":"Orichalcum"},{"floor":40,"key":"Centennial Puzzle"},{"floor":43,"key":"Pen Nib"},{"floor":44,"key":"Shovel"},{"floor":44,"key":"Prayer Wheel"},{"floor":47,"key":"Tiny Chest"},{"floor":47,"key":"Happy Flower"}],"event_choices":[{"event_name":"Accursed Blacksmith","player_choice":"Forge","floor":3,"damage_taken":0},{"event_name":"Dead Adventurer","player_choice":"Searched \u00272\u0027 times","floor":8,"damage_taken":0},{"event_name":"Golden Shrine","player_choice":"Pray","floor":10,"damage_taken":0},{"event_name":"Beggar","player_choice":"Gave Gold","floor":22,"damage_taken":0},{"event_name":"Masked Bandits","player_choice":"Fought Bandits","floor":30,"damage_taken":0},{"event_name":"Match and Keep!","player_choice":"2 cards matched","floor":38,"damage_taken":0},{"event_name":"WeMeetAgain","player_choice":"Gold","floor":45,"damage_taken":0}],"is_beta":false,"boss_relics":[{"not_picked":["Coffee Dripper","White Beast Statue"],"picked":"Black Star"},{"not_picked":["Eternal Feather","Snecko Eye"],"picked":"Busted Crown"}],"items_purged_floors":[21,25,48],"is_endless":false,"potions_floor_spawned":[1,2,8,11,13,16,18,23,29,33,36,37,40,44],"ascension_level":0}