{"gold_per_floor":[111,186,27,27,46,75,89,89,115,125,136,149,211,46,46,120,120,137,115,127,142,26,54,72,72,72,82,82,113,113,161,161,161],"floor_reached":33,"playtime":1594,"items_purged":["Strike_R"],"score":603,"play_id":"f6ff10be-9679-413d-887b-174fb946341a","local_time":"20190501221904","is_ascension_mode":true,"campfire_choices":[{"floor":8,"key":"REST"},{"data":"Sword Boomerang","floor":15,"key":"SMITH"},{"floor":25,"key":"REST"},{"data":"Heavy Blade","floor":28,"key":"SMITH"},{"floor":32,"key":"DIG"}],"neow_cost":"NONE","seed_source_timestamp":58488984245973,"circlet_count":0,"master_deck":["AscendersBane","Strike_R","Strike_R","Strike_R+1","Strike_R","Defend_R","Defend_R","Defend_R","Defend_R","Bash+1","Feed+1","Pummel","Clothesline","Disarm","True Grit","Power Through+1","Ghostly Armor+1","Shrug It Off","Spot Weakness","Sword Boomerang+1","Immolate","Headbutt","Armaments","Heavy Blade+1","Disarm","Sword Boomerang","Spot Weakness+1","Armaments+1","Writhe"],"relics":["Burning Blood","Whetstone","Art of War","Tiny Chest","Red Skull","Velvet Choker","Toxic Egg 2","Incense Burner","Bag of Preparation","Shovel","War Paint","Pen Nib"],"potions_floor_usage":[6,7,10,13,18,19,23,23,29],"damage_taken":[{"damage":9,"enemies":"Jaw Worm","floor":1,"turns":4},{"damage":8,"enemies":"2 Louse","floor":5,"turns":3},{"damage":51,"enemies":"3 Sentries","floor":6,"turns":14},{"damage":0,"enemies":"Cultist","floor":7,"turns":3},{"damage":0,"enemies":"2 Fungi Beasts","floor":10,"turns":4},{"damage":2,"enemies":"Blue Slaver","floor":11,"turns":5},{"damage":3,"enemies":"3 Louse","floor":12,"turns":4},{"damage":21,"enemies":"Lagavulin","floor":13,"turns":8},{"damage":31,"enemies":"The Guardian","floor":16,"turns":13},{"damage":0,"enemies":"3 Byrds","floor":18,"turns":4},{"damage":20,"enemies":"2 Thieves","floor":19,"turns":4},{"damage":23,"enemies":"Centurion and Healer","floor":20,"turns":4},{"damage":24,"enemies":"Sentry and Sphere","floor":21,"turns":5},{"damage":12,"enemies":"Slavers","floor":23,"turns":4},{"damage":45,"enemies":"Chosen and Byrds","floor":24,"turns":9},{"damage":16,"enemies":"Snecko","floor":27,"turns":4},{"damage":9,"enemies":"Book of Stabbing","floor":29,"turns":3},{"damage":52,"enemies":"Automaton","floor":33,"turns":8}],"seed_played":"-6486191565617186120","potions_obtained":[{"floor":1,"key":"Poison Potion"},{"floor":6,"key":"Poison Potion"},{"floor":10,"key":"Fruit Juice"},{"floor":11,"key":"Strength Potion"},{"floor":16,"key":"LiquidBronze"},{"floor":18,"key":"BloodPotion"},{"floor":20,"key":"SkillPotion"},{"floor":21,"key":"Poison Potion"},{"floor":27,"key":"PowerPotion"}],"is_trial":false,"path_per_floor":["M","?","$","?","M","E","M","R","T","M","M","M","E","$","R","B",null,"M","M","M","M","$","E","M","R","T","M","R","E","?","T","R","B"],"character_chosen":"IRONCLAD","items_purchased":["Clothesline","Disarm","True Grit","Red Skull","Disarm"],"campfire_rested":2,"item_purchase_floors":[3,3,3,14,22],"current_hp_per_floor":[68,57,57,57,58,13,23,48,48,63,71,78,63,63,63,42,90,96,92,79,61,61,59,20,54,54,48,48,45,45,45,45,0],"gold":161,"neow_bonus":"ONE_RANDOM_RARE_CARD","is_prod":false,"is_daily":false,"chose_seed":false,"campfire_upgraded":2,"win_rate":0,"timestamp":1556774344,"path_taken":["M","?","$","?","M","E","M","R","T","M","M","M","E","$","R","BOSS","M","?","M","M","$","E","M","R","T","M","R","E","?","?","R","BOSS"],"build_version":"2019-01-23","purchased_purges":1,"victory":false,"max_hp_per_floor":[78,78,78,78,81,81,85,85,85,94,98,102,102,102,102,106,106,106,106,110,110,110,114,114,114,114,118,118,118,118,118,118,118],"card_choices":[{"not_picked":["Body Slam","Sentinel"],"picked":"Pummel","floor":1},{"not_picked":["Pommel Strike","Clothesline"],"picked":"Power Through","floor":5},{"not_picked":["Berserk","Seeing Red"],"picked":"Ghostly Armor","floor":6},{"not_picked":["Heavy Blade","Twin Strike","Flex"],"picked":"SKIP","floor":7},{"not_picked":["True Grit","Bludgeon"],"picked":"Shrug It Off","floor":10},{"not_picked":["Combust","Shrug It Off"],"picked":"Spot Weakness","floor":11},{"not_picked":["Sentinel","Blood for Blood"],"picked":"Sword Boomerang","floor":12},{"not_picked":["Blood for Blood","Perfected Strike","Wild Strike"],"picked":"SKIP","floor":13},{"not_picked":["Berserk","Feed"],"picked":"Immolate","floor":16},{"not_picked":["Carnage","Second Wind","Power Through"],"picked":"SKIP","floor":18},{"not_picked":["Perfected Strike","Sentinel"],"picked":"Headbutt","floor":19},{"not_picked":["Rampage","Evolve"],"picked":"Armaments","floor":20},{"not_picked":["Shrug It Off","True Grit"],"picked":"Heavy Blade","floor":21},{"not_picked":["Reckless Charge","Ghostly Armor","Wild Strike"],"picked":"SKIP","floor":23},{"not_picked":["Dual Wield+1","Rage+1"],"picked":"Sword Boomerang","floor":24},{"not_picked":["Inflame","Thunderclap+1"],"picked":"Spot Weakness+1","floor":27},{"not_picked":["Pommel Strike","Sentinel+1"],"picked":"Armaments+1","floor":29}],"player_experience":525390,"relics_obtained":[{"floor":6,"key":"Whetstone"},{"floor":9,"key":"Art of War"},{"floor":13,"key":"Tiny Chest"},{"floor":23,"key":"Toxic Egg 2"},{"floor":26,"key":"Incense Burner"},{"floor":29,"key":"Bag of Preparation"},{"floor":31,"key":"War Paint"},{"floor":32,"key":"Pen Nib"}],"event_choices":[{"damage_healed":0,"gold_gain":75,"player_choice":"Gather Gold","damage_taken":11,"max_hp_gain":0,"max_hp_loss":0,"event_name":"World of Goop","floor":2,"gold_loss":0},{"damage_healed":0,"gold_gain":0,"player_choice":"Upgraded","damage_taken":0,"max_hp_gain":0,"max_hp_loss":0,"event_name":"Upgrade Shrine","floor":4,"gold_loss":0,"cards_upgraded":["Bash"]},{"damage_healed":0,"gold_gain":0,"player_choice":"Opened","damage_taken":0,"relics_obtained":["Shovel"],"max_hp_gain":0,"max_hp_loss":0,"event_name":"The Mausoleum","floor":30,"gold_loss":0,"cards_obtained":["Writhe"]}],"is_beta":false,"boss_relics":[{"not_picked":["White Beast Statue","Runic Cube"],"picked":"Velvet Choker"}],"items_purged_floors":[22],"is_endless":false,"potions_floor_spawned":[1,6,10,11,16,18,20,21,27],"killed_by":"Automaton","ascension_level":17}