{"gold_per_floor":[112,112,129,139,89,89,118,130,130,142,153,165,340,168,168,269,269,288,388,388,404,404],"floor_reached":22,"playtime":1186,"items_purged":["Doubt"],"score":226,"play_id":"81e31f65-cbb0-4a14-90c3-c99a16e76bbc","local_time":"20190330113417","is_ascension_mode":true,"campfire_choices":[{"data":"Beam Cell","floor":6,"key":"SMITH"},{"floor":15,"key":"REST"}],"neow_cost":"NONE","seed_source_timestamp":1350431186580402,"circlet_count":0,"master_deck":["Strike_B","Strike_B","Defend_B","Defend_B","Defend_B","Defend_B","Zap","Dualcast","Sweeping Beam","Go for the Eyes","Creative AI","Beam Cell+1","Ball Lightning","Streamline","BootSequence","Cold Snap","Sunder","Conserve Battery","Fission","Rip and Tear+1","Rebound","Ball Lightning"],"relics":["Cracked Core","Shuriken","Regal Pillow","Gremlin Horn","Nuclear Battery","Bird Faced Urn","Bottled Lightning"],"potions_floor_usage":[10,19,19,21,21],"damage_taken":[{"damage":1,"enemies":"Cultist","floor":1,"turns":4},{"damage":9,"enemies":"Jaw Worm","floor":3,"turns":4},{"damage":7,"enemies":"Small Slimes","floor":4,"turns":3},{"damage":15,"enemies":"Lagavulin","floor":7,"turns":7},{"damage":4,"enemies":"Looter","floor":8,"turns":3},{"damage":12,"enemies":"Exordium Thugs","floor":10,"turns":3},{"damage":0,"enemies":"3 Louse","floor":11,"turns":2},{"damage":1,"enemies":"Looter","floor":12,"turns":2},{"damage":28,"enemies":"Slime Boss","floor":16,"turns":5},{"damage":10,"enemies":"Shell Parasite","floor":18,"turns":4},{"damage":12,"enemies":"Colosseum Slavers","floor":19,"turns":4},{"damage":28,"enemies":"Colosseum Nobs","floor":19,"turns":4},{"damage":14,"enemies":"Spheric Guardian","floor":21,"turns":4},{"damage":14,"enemies":"Snake Plant","floor":22,"turns":1}],"seed_played":"3931870599509493126","potions_obtained":[{"floor":7,"key":"LiquidBronze"},{"floor":8,"key":"FocusPotion"},{"floor":12,"key":"Dexterity Potion"},{"floor":16,"key":"SpeedPotion"},{"floor":18,"key":"FocusPotion"},{"floor":19,"key":"SkillPotion"}],"is_trial":false,"path_per_floor":["M","?","M","M","?","R","E","M","T","M","M","M","?","$","R","B",null,"M","?","?","M","M"],"character_chosen":"DEFECT","items_purchased":["Sunder","Conserve Battery"],"campfire_rested":1,"item_purchase_floors":[14,14],"current_hp_per_floor":[74,62,53,46,46,46,31,27,27,15,15,14,14,14,51,23,75,65,25,25,11,0],"gold":404,"neow_bonus":"THREE_CARDS","is_prod":false,"is_daily":false,"chose_seed":false,"campfire_upgraded":1,"win_rate":0,"timestamp":1553913257,"path_taken":["M","?","M","M","?","R","E","M","T","M","M","?","?","$","R","BOSS","M","?","?","?","M"],"build_version":"2019-01-23","purchased_purges":1,"victory":false,"max_hp_per_floor":[75,75,75,75,75,75,75,75,75,75,75,75,75,75,75,75,75,75,75,75,75,75],"card_choices":[{"not_picked":["Steam","Turbo"],"picked":"Sweeping Beam","floor":0},{"not_picked":["Sweeping Beam","Beam Cell"],"picked":"Go for the Eyes","floor":1},{"not_picked":["Sweeping Beam","Heatsinks"],"picked":"Creative AI","floor":3},{"not_picked":["Hologram","Stack"],"picked":"Beam Cell","floor":4},{"not_picked":["Hello World","Consume"],"picked":"Ball Lightning","floor":7},{"not_picked":["Fusion","Steam"],"picked":"Streamline","floor":8},{"not_picked":["Glacier","Heatsinks"],"picked":"BootSequence","floor":10},{"not_picked":["Force Field","Beam Cell"],"picked":"Cold Snap","floor":11},{"not_picked":["Static Discharge","Barrage","Gash"],"picked":"SKIP","floor":12},{"not_picked":["Multi-Cast","Creative AI"],"picked":"Fission","floor":16},{"not_picked":["Barrage","Chill+1"],"picked":"Rip and Tear+1","floor":18},{"not_picked":["Steam+1","Beam Cell"],"picked":"Rebound","floor":19},{"not_picked":["Rebound","Sweeping Beam"],"picked":"Ball Lightning","floor":21}],"player_experience":197422,"relics_obtained":[{"floor":7,"key":"Regal Pillow"},{"floor":9,"key":"Gremlin Horn"},{"floor":19,"key":"Bird Faced Urn"},{"floor":19,"key":"Bottled Lightning"}],"event_choices":[{"damage_healed":0,"gold_gain":0,"player_choice":"Success","damage_taken":12,"relics_obtained":["Shuriken"],"max_hp_gain":0,"max_hp_loss":0,"event_name":"Scrap Ooze","floor":2,"gold_loss":0},{"cards_removed":["Strike_B"],"damage_healed":0,"gold_gain":0,"player_choice":"Card Removal","damage_taken":0,"max_hp_gain":0,"max_hp_loss":0,"event_name":"The Cleric","floor":5,"gold_loss":50},{"damage_healed":0,"gold_gain":175,"player_choice":"AGREE","damage_taken":0,"max_hp_gain":0,"max_hp_loss":0,"event_name":"Liars Game","floor":13,"gold_loss":0,"cards_obtained":["Doubt"]},{"damage_healed":0,"gold_gain":0,"player_choice":"Fight","damage_taken":0,"max_hp_gain":0,"max_hp_loss":0,"event_name":"Colosseum","floor":19,"gold_loss":0},{"damage_healed":0,"gold_gain":0,"player_choice":"Fought Nobs","damage_taken":0,"max_hp_gain":0,"max_hp_loss":0,"event_name":"Colosseum","floor":19,"gold_loss":0},{"cards_removed":["Strike_B"],"damage_healed":0,"gold_gain":0,"player_choice":"Offered Basic","damage_taken":0,"max_hp_gain":0,"max_hp_loss":0,"event_name":"Bonfire Elementals","floor":20,"gold_loss":0}],"is_beta":false,"boss_relics":[{"not_picked":["Snecko Eye","Orrery"],"picked":"Nuclear Battery"}],"items_purged_floors":[14],"is_endless":false,"potions_floor_spawned":[7,8,12,16,18,19],"killed_by":"Snake Plant","ascension_level":4}