{"gold_per_floor":[116,48,63,81,96,131,149,149,149,162,191,201,201,201],"floor_reached":14,"playtime":626,"items_purged":[],"score":182,"play_id":"0cefc147-c3ec-4d23-aa92-307224151920","local_time":"20190416124757","is_ascension_mode":true,"campfire_choices":[{"floor":8,"key":"REST"}],"neow_cost":"NONE","seed_source_timestamp":150059108658251,"circlet_count":0,"master_deck":["AscendersBane","Strike_R","Strike_R","Strike_R","Strike_R","Strike_R","Defend_R","Defend_R","Defend_R","Defend_R","Bash","Sword Boomerang","Spot Weakness","Disarm","Pummel","Metallicize","Havoc","Armaments","Pommel Strike","Reaper","Carnage"],"relics":["Burning Blood","Blue Candle","Bottled Flame","Kunai"],"potions_floor_usage":[6,6,11,12,14],"damage_taken":[{"damage":10,"enemies":"Cultist","floor":1,"turns":5},{"damage":9,"enemies":"Jaw Worm","floor":3,"turns":3},{"damage":0,"enemies":"Small Slimes","floor":4,"turns":4},{"damage":25,"enemies":"Blue Slaver","floor":5,"turns":4},{"damage":38,"enemies":"3 Sentries","floor":6,"turns":8},{"damage":14,"enemies":"Exordium Thugs","floor":7,"turns":7},{"damage":10,"enemies":"3 Louse","floor":10,"turns":4},{"damage":27,"enemies":"Lagavulin","floor":11,"turns":8},{"damage":31,"enemies":"Gremlin Gang","floor":12,"turns":6},{"damage":20,"enemies":"Red Slaver","floor":14,"turns":5}],"seed_played":"-1174431670723616514","potions_obtained":[{"floor":4,"key":"SkillPotion"},{"floor":5,"key":"BloodPotion"},{"floor":7,"key":"Weak Potion"},{"floor":11,"key":"Fire Potion"},{"floor":12,"key":"Dexterity Potion"}],"is_trial":false,"path_per_floor":["M","$","M","M","M","E","M","R","T","M","E","M","?","M"],"character_chosen":"IRONCLAD","items_purchased":["Spot Weakness"],"campfire_rested":1,"item_purchase_floors":[2],"current_hp_per_floor":[71,71,68,74,55,31,23,47,47,43,22,13,13,0],"gold":201,"neow_bonus":"TEN_PERCENT_HP_BONUS","is_prod":false,"is_daily":false,"chose_seed":false,"campfire_upgraded":0,"win_rate":0,"timestamp":1555444077,"path_taken":["M","$","M","M","M","E","M","R","T","?","E","?","?","M"],"build_version":"2019-01-23","purchased_purges":0,"victory":false,"max_hp_per_floor":[82,82,82,82,82,82,82,82,82,82,82,82,82,82],"card_choices":[{"not_picked":["Twin Strike","Seeing Red"],"picked":"Sword Boomerang","floor":1},{"not_picked":["Iron Wave","Armaments"],"picked":"Disarm","floor":3},{"not_picked":["Heavy Blade","Corruption"],"picked":"Pummel","floor":4},{"not_picked":["Pummel","Uppercut"],"picked":"Metallicize","floor":5},{"not_picked":["Clash","Warcry"],"picked":"Havoc","floor":6},{"not_picked":["Body Slam","True Grit"],"picked":"Armaments","floor":7},{"not_picked":["Evolve","Combust"],"picked":"Pommel Strike","floor":10},{"not_picked":["Havoc","Disarm"],"picked":"Reaper","floor":11},{"not_picked":["Twin Strike","Iron Wave"],"picked":"Carnage","floor":12}],"player_experience":442791,"relics_obtained":[{"floor":6,"key":"Blue Candle"},{"floor":9,"key":"Bottled Flame"},{"floor":11,"key":"Kunai"}],"event_choices":[{"damage_healed":0,"gold_gain":0,"player_choice":"0 cards matched","damage_taken":0,"max_hp_gain":0,"max_hp_loss":0,"event_name":"Match and Keep!","floor":13,"gold_loss":0,"cards_obtained":[]}],"is_beta":false,"boss_relics":[],"items_purged_floors":[],"is_endless":false,"potions_floor_spawned":[4,5,7,11,12],"killed_by":"Red Slaver","ascension_level":15}