{"gold_per_floor":[109,184,200,150,150,184,184,184,184,217,254,266,293,305],"floor_reached":14,"playtime":293,"items_purged":[],"score":172,"play_id":"69649c6b-50b4-4329-938f-b21f6afc3177","local_time":"20190502075600","is_ascension_mode":true,"campfire_choices":[{"data":"Sunder","floor":12,"key":"SMITH"}],"neow_cost":"NONE","seed_source_timestamp":201857919209100,"circlet_count":0,"master_deck":["Strike_B","Strike_B","Strike_B","Defend_B","Defend_B","Defend_B","Zap","Dualcast","Undo","Go for the Eyes","Cold Snap","Sunder+1","White Noise"],"relics":["Cracked Core","NeowsBlessing","Ginger","Golden Idol","Question Card","MawBank"],"potions_floor_usage":[10,14],"damage_taken":[{"damage":0,"enemies":"Small Slimes","floor":1,"turns":1},{"damage":0,"enemies":"Cultist","floor":3,"turns":1},{"damage":0,"enemies":"3 Sentries","floor":6,"turns":1},{"damage":26,"enemies":"Lagavulin","floor":10,"turns":8},{"damage":0,"enemies":"Jaw Worm","floor":11,"turns":3},{"damage":11,"enemies":"Exordium Thugs","floor":13,"turns":3},{"damage":41,"enemies":"Gremlin Nob","floor":14,"turns":4}],"seed_played":"-5680383788332055013","potions_obtained":[{"floor":3,"key":"SkillPotion"},{"floor":11,"key":"SpeedPotion"}],"is_trial":false,"path_per_floor":["M","?","M","?","$","E","?","?","T","E","M","R","M","E"],"character_chosen":"DEFECT","items_purchased":[],"campfire_rested":0,"item_purchase_floors":[],"current_hp_per_floor":[68,61,61,61,61,61,54,54,54,28,28,28,17,0],"gold":305,"neow_bonus":"THREE_ENEMY_KILL","is_prod":false,"is_daily":false,"chose_seed":false,"campfire_upgraded":1,"win_rate":0,"timestamp":1556776560,"path_taken":["M","?","?","?","?","E","?","?","T","E","M","R","M","E"],"build_version":"2019-01-23","purchased_purges":0,"victory":false,"max_hp_per_floor":[75,75,75,75,75,75,75,69,69,69,69,69,69,69],"card_choices":[{"not_picked":["Leap","Stack"],"picked":"Undo","floor":1},{"not_picked":["Rebound","Turbo"],"picked":"Go for the Eyes","floor":3},{"not_picked":["Sweeping Beam","Beam Cell","Rebound"],"picked":"SKIP","floor":6},{"not_picked":["Storm","Turbo","Go for the Eyes"],"picked":"Cold Snap","floor":10},{"not_picked":["Fusion","Go for the Eyes","Reboot"],"picked":"Sunder","floor":11},{"not_picked":["Hello World","Compile Driver","Gash"],"picked":"White Noise","floor":13}],"player_experience":975849,"relics_obtained":[{"floor":6,"key":"Ginger"},{"floor":9,"key":"Question Card"},{"floor":10,"key":"MawBank"}],"event_choices":[{"damage_healed":0,"gold_gain":75,"player_choice":"Touch","damage_taken":7,"max_hp_gain":0,"max_hp_loss":0,"event_name":"FaceTrader","floor":2,"gold_loss":0},{"cards_removed":["Strike_B"],"damage_healed":0,"gold_gain":0,"player_choice":"Card Removal","damage_taken":0,"max_hp_gain":0,"max_hp_loss":0,"event_name":"The Cleric","floor":4,"gold_loss":50},{"cards_removed":["Defend_B"],"damage_healed":0,"gold_gain":0,"player_choice":"Card Removal","damage_taken":7,"max_hp_gain":0,"max_hp_loss":0,"event_name":"Golden Wing","floor":7,"gold_loss":0},{"damage_healed":0,"gold_gain":0,"player_choice":"Lose Max HP","damage_taken":0,"relics_obtained":["Golden Idol"],"max_hp_gain":0,"max_hp_loss":6,"event_name":"Golden Idol","floor":8,"gold_loss":0}],"is_beta":false,"boss_relics":[],"items_purged_floors":[],"is_endless":false,"potions_floor_spawned":[3,11],"killed_by":"Gremlin Nob","ascension_level":8}