{"gold_per_floor":[11,77,100,125,135,135,161,161,185,185,198,259,259,276,276,349,349,366,381,381,381],"floor_reached":21,"playtime":920,"items_purged":[],"score":327,"play_id":"1bfd205a-c065-417b-84f8-c902140f721e","local_time":"20190317142216","is_ascension_mode":true,"campfire_choices":[{"data":"White Noise","floor":6,"key":"SMITH"},{"data":"Zap","floor":8,"key":"SMITH"},{"data":"Capacitor","floor":10,"key":"SMITH"},{"floor":13,"key":"REST"},{"data":"Fusion","floor":15,"key":"SMITH"}],"neow_cost":"NO_GOLD","seed_source_timestamp":503724998658319,"circlet_count":0,"master_deck":["AscendersBane","Strike_B","Strike_B","Strike_B","Strike_B+1","Defend_B","Defend_B","Defend_B","Defend_B","Zap+1","Dualcast","Core Surge+1","White Noise+1","Capacitor+1","Glacier","Loop","Glacier","Fusion+1","Consume","Electrodynamics","Genetic Algorithm","Decay"],"relics":["Cracked Core","Whetstone","DataDisk","PreservedInsect","Dream Catcher","Tiny Chest","Fusion Hammer"],"potions_floor_usage":[7,16],"damage_taken":[{"damage":0,"enemies":"Small Slimes","floor":1,"turns":3},{"damage":7,"enemies":"Jaw Worm","floor":5,"turns":3},{"damage":20,"enemies":"3 Sentries","floor":7,"turns":4},{"damage":0,"enemies":"Cultist","floor":11,"turns":3},{"damage":11,"enemies":"Lagavulin","floor":12,"turns":6},{"damage":20,"enemies":"3 Louse","floor":14,"turns":3},{"damage":17,"enemies":"The Guardian","floor":16,"turns":10},{"damage":25,"enemies":"2 Thieves","floor":18,"turns":3},{"damage":0,"enemies":"Chosen","floor":19,"turns":5},{"damage":33,"enemies":"Colosseum Slavers","floor":21,"turns":2}],"seed_played":"-595884391656421078","potions_obtained":[{"floor":5,"key":"PowerPotion"},{"floor":11,"key":"SteroidPotion"},{"floor":12,"key":"PowerPotion"},{"floor":18,"key":"Fire Potion"}],"is_trial":false,"path_per_floor":["M","?","T","T","M","R","E","R","T","R","M","E","R","M","R","B",null,"M","M","?","?"],"character_chosen":"DEFECT","items_purchased":[],"campfire_rested":1,"item_purchase_floors":[],"current_hp_per_floor":[64,64,64,64,57,57,37,37,37,37,37,26,47,27,27,10,56,31,31,31,0],"gold":381,"neow_bonus":"THREE_RARE_CARDS","is_prod":false,"is_daily":false,"chose_seed":false,"campfire_upgraded":4,"win_rate":0,"timestamp":1552832536,"path_taken":["M","?","?","?","M","R","E","R","T","R","M","E","R","?","R","BOSS","M","M","?","?"],"build_version":"2019-01-23","purchased_purges":0,"victory":false,"max_hp_per_floor":[71,71,71,71,71,71,71,71,71,71,71,71,71,71,71,71,71,71,71,71,71],"card_choices":[{"not_picked":["Buffer","Fission"],"picked":"Core Surge","floor":0},{"not_picked":["Beam Cell","Doom and Gloom"],"picked":"White Noise","floor":1},{"not_picked":["Self Repair","Ball Lightning"],"picked":"Capacitor","floor":5},{"not_picked":["Rip and Tear","Cold Snap"],"picked":"Glacier","floor":7},{"not_picked":["Reinforced Body","Leap"],"picked":"Loop","floor":11},{"not_picked":["Reprogram","Conserve Battery"],"picked":"Glacier","floor":12},{"not_picked":["Heatsinks","Double Energy"],"picked":"Fusion","floor":13},{"not_picked":["Melter","Barrage"],"picked":"Consume","floor":14},{"not_picked":["Machine Learning","Echo Form"],"picked":"Electrodynamics","floor":16},{"not_picked":["Lockon","Stack"],"picked":"Genetic Algorithm","floor":18},{"not_picked":["Undo","Beam Cell","Darkness"],"picked":"SKIP","floor":19}],"player_experience":1577089,"relics_obtained":[{"floor":3,"key":"Whetstone"},{"floor":4,"key":"DataDisk"},{"floor":7,"key":"PreservedInsect"},{"floor":9,"key":"Dream Catcher"},{"floor":12,"key":"Tiny Chest"}],"event_choices":[{"damage_healed":0,"gold_gain":66,"player_choice":"Gained Gold","damage_taken":0,"max_hp_gain":0,"max_hp_loss":0,"event_name":"Golden Wing","floor":2,"gold_loss":0},{"damage_healed":0,"gold_gain":0,"player_choice":"Smashed Altar","damage_taken":0,"max_hp_gain":0,"max_hp_loss":0,"event_name":"Forgotten Altar","floor":20,"gold_loss":0,"cards_obtained":["Decay"]},{"damage_healed":0,"gold_gain":0,"player_choice":"Fight","damage_taken":0,"max_hp_gain":0,"max_hp_loss":0,"event_name":"Colosseum","floor":21,"gold_loss":0}],"is_beta":false,"boss_relics":[{"not_picked":["Lizard Tail","Philosopher\u0027s Stone"],"picked":"Fusion Hammer"}],"items_purged_floors":[],"is_endless":false,"potions_floor_spawned":[5,11,12,18],"killed_by":"Colosseum Slavers","ascension_level":15}