{"gold_per_floor":[116,391,30,45,57,57,85,85,137,148,148,164,164,176,176,254,254,267,367,381,400,9,9,37,49,49,49,65,65,94,113,113,113],"floor_reached":33,"playtime":1534,"items_purged":["Regret","Strike_R"],"score":550,"play_id":"33eb41d8-a80f-42ad-ab4b-481301d0b085","local_time":"20190412100506","is_ascension_mode":true,"campfire_choices":[{"data":"Inflame","floor":6,"key":"SMITH"},{"data":"Uppercut","floor":8,"key":"SMITH"},{"data":"Heavy Blade","floor":13,"key":"SMITH"},{"data":"Havoc","floor":15,"key":"SMITH"},{"data":"Metallicize","floor":23,"key":"SMITH"},{"data":"Pummel","floor":27,"key":"SMITH"},{"data":"True Grit","floor":29,"key":"SMITH"},{"data":"Immolate","floor":32,"key":"SMITH"}],"neow_cost":"NONE","seed_source_timestamp":76784083622004,"circlet_count":0,"master_deck":["AscendersBane","Strike_R","Strike_R","Strike_R","Defend_R","Defend_R","Defend_R","Defend_R","Bash","Battle Trance","Inflame+1","Uppercut+1","Clothesline","Twin Strike","Armaments","Havoc+1","Barricade","Heavy Blade+1","Iron Wave","Reaper","True Grit+1","Warcry+1","Dropkick","Anger","Metallicize+1","Immolate+1","Headbutt","Pummel+1","Whirlwind+1","Shrug It Off","Shrug It Off"],"relics":["Burning Blood","Strawberry","Ancient Tea Set","Oddly Smooth Stone","Sozu","Champion Belt","Mercury Hourglass","Red Skull","Question Card","Bottled Tornado","Self Forming Clay"],"potions_floor_usage":[7,16,16,19],"damage_taken":[{"damage":8,"enemies":"2 Louse","floor":1,"turns":4},{"damage":6,"enemies":"Cultist","floor":4,"turns":4},{"damage":8,"enemies":"Jaw Worm","floor":5,"turns":4},{"damage":26,"enemies":"Gremlin Nob","floor":7,"turns":4},{"damage":8,"enemies":"Looter","floor":10,"turns":4},{"damage":7,"enemies":"Large Slime","floor":12,"turns":6},{"damage":0,"enemies":"Blue Slaver","floor":14,"turns":2},{"damage":21,"enemies":"The Guardian","floor":16,"turns":8},{"damage":0,"enemies":"Chosen","floor":18,"turns":5},{"damage":33,"enemies":"Colosseum Slavers","floor":19,"turns":5},{"damage":18,"enemies":"Colosseum Nobs","floor":19,"turns":5},{"damage":13,"enemies":"Spheric Guardian","floor":20,"turns":4},{"damage":16,"enemies":"Snake Plant","floor":21,"turns":3},{"damage":0,"enemies":"Gremlin Leader","floor":24,"turns":5},{"damage":18,"enemies":"Centurion and Healer","floor":25,"turns":6},{"damage":4,"enemies":"Cultist and Chosen","floor":28,"turns":4},{"damage":35,"enemies":"Slavers","floor":30,"turns":4},{"damage":9,"enemies":"Snecko","floor":31,"turns":3},{"damage":111,"enemies":"Collector","floor":33,"turns":7}],"seed_played":"-789112326212859693","potions_obtained":[{"floor":1,"key":"AttackPotion"},{"floor":5,"key":"Regen Potion"},{"floor":12,"key":"LiquidBronze"},{"floor":16,"key":"Energy Potion"}],"is_trial":false,"path_per_floor":["M","?","$","M","M","R","E","R","T","M","?","M","R","M","R","B",null,"M","?","M","M","$","R","E","M","T","R","M","R","E","M","R","B"],"character_chosen":"IRONCLAD","items_purchased":["Inflame","Strawberry","Uppercut","Red Skull","Metallicize","Immolate"],"campfire_rested":0,"item_purchase_floors":[3,3,3,22,22,22],"current_hp_per_floor":[73,73,80,80,78,78,58,58,58,56,56,55,55,61,61,61,82,89,50,50,40,40,40,70,66,66,66,75,75,56,60,60,0],"gold":113,"neow_bonus":"TEN_PERCENT_HP_BONUS","is_prod":false,"is_daily":false,"chose_seed":false,"campfire_upgraded":8,"win_rate":0,"timestamp":1555088706,"path_taken":["M","?","$","M","M","R","E","R","T","?","?","M","R","?","R","BOSS","M","?","M","M","$","R","E","M","T","R","M","R","E","M","R","BOSS"],"build_version":"2019-01-23","purchased_purges":2,"victory":false,"max_hp_per_floor":[82,82,89,89,89,89,89,89,89,89,89,89,89,89,89,89,89,89,89,89,89,89,89,89,89,89,89,89,89,89,89,89,89],"card_choices":[{"not_picked":["Havoc","True Grit"],"picked":"Battle Trance","floor":1},{"not_picked":["Anger","Thunderclap"],"picked":"Clothesline","floor":4},{"not_picked":["Battle Trance","Body Slam"],"picked":"Twin Strike","floor":5},{"not_picked":["Barricade","Body Slam"],"picked":"Armaments","floor":7},{"not_picked":["Clash","Evolve"],"picked":"Havoc","floor":10},{"not_picked":["Body Slam","Sever Soul"],"picked":"Heavy Blade","floor":12},{"not_picked":["Fire Breathing","Havoc"],"picked":"Iron Wave","floor":14},{"not_picked":["Dark Embrace","Berserk"],"picked":"Reaper","floor":16},{"not_picked":["Bloodletting","Wild Strike"],"picked":"True Grit","floor":18},{"not_picked":["Seeing Red","Combust"],"picked":"Warcry+1","floor":19},{"not_picked":["Flex+1","Pommel Strike+1"],"picked":"Dropkick","floor":20},{"not_picked":["True Grit","Clash"],"picked":"Anger","floor":21},{"not_picked":["Power Through","Brutality"],"picked":"Headbutt","floor":24},{"not_picked":["Body Slam","Cleave+1","Dual Wield+1"],"picked":"Pummel","floor":25},{"not_picked":["Pommel Strike","Fire Breathing","Armaments"],"picked":"Whirlwind+1","floor":28},{"not_picked":["Combust","Twin Strike","Iron Wave"],"picked":"Shrug It Off","floor":30},{"not_picked":["Berserk","Spot Weakness+1","Headbutt"],"picked":"Shrug It Off","floor":31}],"player_experience":421657,"relics_obtained":[{"floor":7,"key":"Ancient Tea Set"},{"floor":9,"key":"Oddly Smooth Stone"},{"floor":19,"key":"Champion Belt"},{"floor":19,"key":"Mercury Hourglass"},{"floor":24,"key":"Question Card"},{"floor":26,"key":"Bottled Tornado"},{"floor":30,"key":"Self Forming Clay"}],"event_choices":[{"damage_healed":0,"gold_gain":275,"player_choice":"Desecrate","damage_taken":0,"max_hp_gain":0,"max_hp_loss":0,"event_name":"Golden Shrine","floor":2,"gold_loss":0,"cards_obtained":["Regret"]},{"damage_healed":0,"gold_gain":0,"cards_transformed":["Strike_R"],"player_choice":"Transformed","damage_taken":0,"max_hp_gain":0,"max_hp_loss":0,"event_name":"Transmorgrifier","floor":11,"gold_loss":0,"cards_obtained":["Barricade"]},{"damage_healed":0,"gold_gain":0,"player_choice":"Fight","damage_taken":0,"max_hp_gain":0,"max_hp_loss":0,"event_name":"Colosseum","floor":19,"gold_loss":0},{"damage_healed":0,"gold_gain":0,"player_choice":"Fought Nobs","damage_taken":0,"max_hp_gain":0,"max_hp_loss":0,"event_name":"Colosseum","floor":19,"gold_loss":0}],"is_beta":false,"boss_relics":[{"not_picked":["Mark of Pain","Runic Pyramid"],"picked":"Sozu"}],"items_purged_floors":[3,22],"is_endless":false,"potions_floor_spawned":[1,5,12,16,21,24,28],"killed_by":"Collector","ascension_level":15}