{"path_per_floor":["M","$","M","M","$","R","E","R","T","?","$","?","?","M","R","B",null,"M","M","$","$","M","R","M","M","T","R","M","$","M"],"character_chosen":"THE_SILENT","items_purchased":["Quick Slash","Infinite Blades","Noxious Fumes","Backflip","Quick Slash","Footwork","Blur","Thinking Ahead"],"gold_per_floor":[110,59,79,89,54,54,86,86,86,86,13,13,13,27,27,132,132,151,163,14,14,24,24,37,50,350,350,362,17,32],"floor_reached":31,"campfire_rested":2,"playtime":3106,"current_hp_per_floor":[70,70,66,66,66,66,51,51,61,61,61,80,80,80,80,43,77,68,48,48,48,29,52,42,27,27,50,20,20,2],"items_purged":["Clumsy"],"gold":32,"play_id":"6776739b-edea-402b-892b-6d008eb3bec9","is_prod":false,"is_daily":false,"is_ascension_mode":false,"campfire_upgraded":3,"path_taken":["M","$","M","M","$","R","E","R","T","?","$","?","?","M","R","BOSS","M","?","?","$","M","R","M","M","T","R","M","$","M","?"],"build_version":"2018-02-01-PROD3","purchased_purges":1,"victory":false,"master_deck":["Defend_G","Defend_G","Defend_G","Defend_G","Strike_G","Strike_G","Strike_G","Strike_G","Survivor","Neutralize+1","Slice","Quick Slash","Slice","PiercingWail","Infinite Blades+1","Backflip+1","Noxious Fumes+1","Slice","Tools of the Trade","Wraith Form+1","Choke+1","Footwork+1","Quick Slash","Backflip","Quick Slash","Sucker Punch","Quick Slash+1","Flying Knee","Sucker Punch","Footwork","Blur","Thinking Ahead","Noxious Fumes"],"max_hp_per_floor":[70,70,70,70,70,70,70,70,80,80,80,80,80,80,80,80,77,77,77,77,77,77,77,77,77,77,77,77,77,77],"relics":["Ring of the Snake","Tingsha","Pear","Kunai","Astrolabe","Old Coin"],"card_choices":[{"not_picked":["Dagger Throw","Poisoned Stab"],"picked":"Slice"},{"not_picked":["PiercingWail","Dagger Spray"],"picked":"Slice"},{"not_picked":["Choke","Slice"],"picked":"PiercingWail"},{"not_picked":["Noxious Fumes","Bane"],"picked":"Backflip"},{"not_picked":["Dodge and Roll","Wraith Form"],"picked":"Slice"},{"not_picked":["Phantasmal Killer","Night Terror"],"picked":"Tools of the Trade"},{"not_picked":["Calculated Gamble","Malaise"],"picked":"Footwork"},{"not_picked":["Dodge and Roll","Dash"],"picked":"Quick Slash"},{"not_picked":["Flying Knee","All Out Attack"],"picked":"Sucker Punch"},{"not_picked":["Poisoned Stab","Deadly Poison"],"picked":"Quick Slash"},{"not_picked":["Dagger Spray","Dagger Throw"],"picked":"Flying Knee"},{"not_picked":["Masterful Stab","Deadly Poison"],"picked":"Sucker Punch"},{"not_picked":["Backstab","Outmaneuver"],"picked":"Noxious Fumes"}],"player_experience":26669,"potions_floor_usage":[16,22,22,25],"damage_taken":[{"damage":0,"enemies":"2 Louse","floor":1,"turns":3},{"damage":4,"enemies":"Cultist","floor":3,"turns":3},{"damage":0,"enemies":"Small Slimes","floor":4,"turns":3},{"damage":15,"enemies":"Lagavulin","floor":7,"turns":8},{"damage":0,"enemies":"Looter","floor":14,"turns":4},{"damage":37,"enemies":"The Guardian","floor":16,"turns":9},{"damage":9,"enemies":"Chosen","floor":18,"turns":5},{"damage":20,"enemies":"2 Thieves","floor":19,"turns":4},{"damage":19,"enemies":"Cultist and Chosen","floor":22,"turns":8},{"damage":10,"enemies":"Chosen and Byrds","floor":24,"turns":7},{"damage":15,"enemies":"Snake Plant","floor":25,"turns":4},{"damage":30,"enemies":"Sentry and Sphere","floor":28,"turns":8},{"damage":18,"enemies":"Centurion and Healer","floor":30,"turns":13},{"damage":6,"enemies":"Cultist and Chosen","floor":31,"turns":3}],"event_choices":[{"event_name":"Dead Adventurer","player_choice":"Searched \u00272\u0027 times","floor":10,"damage_taken":0},{"event_name":"Mushrooms","player_choice":"Healed and dodged fight","floor":12,"damage_taken":0},{"event_name":"The Cleric","player_choice":"Leave","floor":13,"damage_taken":0}],"boss_relics":[{"not_picked":["Lizard Tail","Eternal Feather"],"picked":"Astrolabe"}],"potions_floor_spawned":[7,14,19,22,30],"seed_played":"-6857675222490244304","killed_by":"Cultist and Chosen","ascension_level":0,"is_trial":false}