{"gold_per_floor":[114,289,289,289,301,326,326,358,381,393,127,142,142,161,161,262,262,272,304,315,73,87,115,125,125,125,152,166,166,91,107,107,209,209,222,272,322,372,422,422],"floor_reached":40,"playtime":1663,"items_purged":["Doubt","Strike_R","Strike_R"],"score":534,"play_id":"34319ad1-e83c-4f13-a0bf-344c8fbe4196","local_time":"20181117201402","is_ascension_mode":false,"campfire_choices":[{"floor":7,"key":"REST"},{"data":"Demon Form","floor":10,"key":"SMITH"},{"data":"Flame Barrier","floor":15,"key":"SMITH"},{"data":"Limit Break","floor":25,"key":"SMITH"},{"data":"Defend_R","floor":29,"key":"SMITH"},{"data":"Defend_R","floor":32,"key":"SMITH"}],"neow_cost":"NONE","seed_source_timestamp":340946862317432,"circlet_count":0,"master_deck":["Strike_R","Strike_R","Strike_R+1","Defend_R","Defend_R","Defend_R+1","Defend_R+1","Bash+1","Shrug It Off+1","Demon Form+1","Flame Barrier+1","Limit Break+1","Pummel+1","Madness+1","The Bomb+1","Madness+1","Madness+1","Madness+1"],"relics":["Burning Blood","Strawberry","Matryoshka","Lantern","Darkstone Periapt","MawBank","Lee\u0027s Waffle","SsserpentHead","Busted Crown","Dream Catcher","Toxic Egg 2","Du-Vu Doll","Nunchaku","Black Star"],"potions_floor_usage":[6,14,16,20,23,27,33,40],"damage_taken":[{"damage":0,"enemies":"2 Louse","floor":1,"turns":3},{"damage":2,"enemies":"Jaw Worm","floor":5,"turns":4},{"damage":31,"enemies":"3 Sentries","floor":6,"turns":15},{"damage":29,"enemies":"Gremlin Nob","floor":8,"turns":5},{"damage":6,"enemies":"Cultist","floor":12,"turns":4},{"damage":3,"enemies":"Lots of Slimes","floor":14,"turns":2},{"damage":0,"enemies":"The Guardian","floor":16,"turns":13},{"damage":15,"enemies":"Shell Parasite","floor":18,"turns":5},{"damage":8,"enemies":"2 Thieves","floor":19,"turns":4},{"damage":21,"enemies":"Cultist and Chosen","floor":20,"turns":6},{"damage":22,"enemies":"Chosen and Byrds","floor":22,"turns":5},{"damage":20,"enemies":"Gremlin Leader","floor":23,"turns":9},{"damage":16,"enemies":"Centurion and Healer","floor":24,"turns":10},{"damage":23,"enemies":"Book of Stabbing","floor":27,"turns":5},{"damage":36,"enemies":"Sentry and Sphere","floor":28,"turns":10},{"damage":6,"enemies":"Snecko","floor":31,"turns":3},{"damage":5,"enemies":"Champ","floor":33,"turns":8},{"damage":17,"enemies":"3 Shapes","floor":35,"turns":11},{"damage":91,"enemies":"Nemesis","floor":40,"turns":7}],"seed_played":"7593257497814918416","potions_obtained":[{"floor":5,"key":"GamblersBrew"},{"floor":8,"key":"PowerPotion"},{"floor":12,"key":"AttackPotion"},{"floor":18,"key":"Weak Potion"},{"floor":19,"key":"Fire Potion"},{"floor":23,"key":"LiquidBronze"},{"floor":31,"key":"SkillPotion"},{"floor":33,"key":"Ancient Potion"},{"floor":35,"key":"SkillPotion"}],"is_trial":false,"path_per_floor":["M","?","?","?","M","E","R","E","T","R","$","M","?","M","R","B",null,"M","M","M","$","M","E","M","R","T","E","M","R","$","M","R","B",null,"M","?","?","?","?","E"],"character_chosen":"IRONCLAD","items_purchased":["Lee\u0027s Waffle","Limit Break"],"campfire_rested":1,"item_purchase_floors":[11,21],"current_hp_per_floor":[80,80,62,45,49,24,50,27,27,27,94,94,94,94,94,94,94,85,87,93,93,94,80,94,94,94,94,84,84,84,84,84,85,94,94,84,84,72,72,0],"gold":422,"neow_bonus":"UPGRADE_CARD","is_prod":false,"is_daily":false,"chose_seed":false,"campfire_upgraded":5,"win_rate":0,"timestamp":1542514442,"path_taken":["M","?","?","?","?","E","R","E","T","R","$","M","?","M","R","BOSS","M","?","M","$","M","E","M","R","T","E","M","R","?","M","R","BOSS","M","?","?","?","?","E"],"build_version":"2018-11-15","purchased_purges":3,"victory":false,"max_hp_per_floor":[80,80,87,87,87,87,87,87,87,87,94,94,94,94,94,94,94,94,94,94,94,94,94,94,94,94,94,94,94,94,94,94,94,94,94,94,94,94,94,94],"card_choices":[{"not_picked":["Warcry","Battle Trance"],"picked":"Shrug It Off","floor":1},{"not_picked":["Ghostly Armor","Cleave","Perfected Strike"],"picked":"SKIP","floor":5},{"not_picked":["Entrench","Sword Boomerang"],"picked":"Demon Form","floor":6},{"not_picked":["Heavy Blade","Sentinel","Dual Wield"],"picked":"SKIP","floor":8},{"not_picked":["Pommel Strike","Shockwave"],"picked":"Flame Barrier","floor":12},{"not_picked":["Twin Strike","Iron Wave","Headbutt"],"picked":"SKIP","floor":14},{"not_picked":["Double Tap","Impervious"],"picked":"Reaper","floor":16},{"not_picked":["Iron Wave"],"picked":"SKIP","floor":18},{"not_picked":["Seeing Red"],"picked":"SKIP","floor":19},{"not_picked":["Body Slam"],"picked":"SKIP","floor":20},{"not_picked":[],"picked":"Pummel+1","floor":22},{"not_picked":["Spot Weakness"],"picked":"SKIP","floor":23},{"not_picked":["Pommel Strike"],"picked":"SKIP","floor":24},{"not_picked":["Warcry+1"],"picked":"SKIP","floor":27},{"not_picked":["Warcry+1"],"picked":"SKIP","floor":28},{"not_picked":["Bludgeon"],"picked":"SKIP","floor":31},{"not_picked":["Sentinel+1"],"picked":"SKIP","floor":35},{"not_picked":[],"picked":"Madness+1","floor":36},{"not_picked":[],"picked":"The Bomb+1","floor":36},{"not_picked":[],"picked":"Madness+1","floor":36}],"player_experience":338810,"relics_obtained":[{"floor":6,"key":"Matryoshka"},{"floor":8,"key":"Lantern"},{"floor":9,"key":"Darkstone Periapt"},{"floor":9,"key":"MawBank"},{"floor":23,"key":"Dream Catcher"},{"floor":26,"key":"Toxic Egg 2"},{"floor":26,"key":"Du-Vu Doll"},{"floor":27,"key":"Nunchaku"}],"event_choices":[{"damage_healed":0,"gold_gain":175,"player_choice":"AGREE","damage_taken":0,"max_hp_gain":0,"max_hp_loss":0,"event_name":"Liars Game","floor":2,"gold_loss":0,"cards_obtained":["Doubt"]},{"damage_healed":0,"gold_gain":0,"player_choice":"Success","damage_taken":25,"relics_obtained":["Strawberry"],"max_hp_gain":0,"max_hp_loss":0,"event_name":"Scrap Ooze","floor":3,"gold_loss":0},{"damage_healed":0,"gold_gain":0,"player_choice":"Entered Light","damage_taken":17,"max_hp_gain":0,"max_hp_loss":0,"event_name":"Shining Light","floor":4,"gold_loss":0,"cards_upgraded":["Strike_R","Shrug It Off"]},{"damage_healed":0,"gold_gain":0,"player_choice":"Trade","damage_taken":0,"relics_obtained":["SsserpentHead"],"max_hp_gain":0,"max_hp_loss":0,"event_name":"FaceTrader","floor":13,"gold_loss":0},{"damage_healed":0,"gold_gain":0,"player_choice":"Memory 3","damage_taken":10,"max_hp_gain":0,"max_hp_loss":0,"event_name":"SensoryStone","floor":36,"gold_loss":0},{"damage_healed":0,"gold_gain":0,"player_choice":"Ignored","damage_taken":0,"max_hp_gain":0,"max_hp_loss":0,"event_name":"Tomb of Lord Red Mask","floor":37,"gold_loss":0},{"damage_healed":0,"gold_gain":0,"player_choice":"Embrace Madness","damage_taken":12,"max_hp_gain":0,"max_hp_loss":0,"event_name":"Winding Halls","floor":38,"gold_loss":0,"cards_obtained":["Madness","Madness"]},{"cards_removed":["Reaper"],"damage_healed":0,"gold_gain":0,"player_choice":"Removed Attack","damage_taken":0,"max_hp_gain":0,"max_hp_loss":0,"event_name":"Falling","floor":39,"gold_loss":0}],"is_beta":false,"boss_relics":[{"not_picked":["Calling Bell","Pandora\u0027s Box"],"picked":"Busted Crown"},{"not_picked":["Eternal Feather","Philosopher\u0027s Stone"],"picked":"Black Star"}],"items_purged_floors":[11,21,30],"is_endless":false,"potions_floor_spawned":[5,8,12,18,19,23,31,33,35],"killed_by":"Nemesis","ascension_level":0}