{"gold_per_floor":[111,126,126,137,148,178,178,191,191,218,218,252,106,126,126,223,223,233,250,268,286,298,329,329,361,385,131,131,131,161,178,178,283,283,298,347,191,191,41,373,393,393,393,393,268,278,84,103,103,103],"floor_reached":51,"playtime":14028,"items_purged":["Strike_B","Defend_B","Strike_B"],"score":909,"play_id":"f640ff58-6521-41a6-bf47-c686dbdd2fe8","local_time":"20190430152416","is_ascension_mode":true,"campfire_choices":[{"data":"Conserve Battery","floor":7,"key":"SMITH"},{"floor":15,"key":"REST"},{"data":"Creative AI","floor":24,"key":"SMITH"},{"floor":28,"key":"REST"},{"floor":29,"key":"REST"},{"data":"Defragment","floor":32,"key":"SMITH"},{"data":"Seek","floor":42,"key":"SMITH"},{"data":"Seek","floor":44,"key":"SMITH"},{"data":"White Noise","floor":49,"key":"SMITH"}],"neow_cost":"NONE","seed_source_timestamp":42130958234700,"circlet_count":0,"master_deck":["Strike_B","Defend_B+1","Defend_B","Defend_B","Zap","Dualcast","Cold Snap","Cold Snap","BootSequence","Conserve Battery+1","Sunder","Blizzard","Genetic Algorithm","Self Repair","Hologram","Creative AI+1","Coolheaded","Hologram+1","Chill+1","Turbo","Defragment+1","Turbo+1","Glacier","Seek+1","Capacitor+1","Reinforced Body+1","Seek+1","Loop","Storm+1","Conserve Battery+1","Creative AI+1","White Noise+1"],"relics":["Cracked Core","NeowsBlessing","Pocketwatch","Gremlin Horn","Prayer Wheel","Sundial","Nuclear Battery","WingedGreaves","Mercury Hourglass","Orichalcum","Anchor","Cables","Busted Crown","FossilizedHelix","War Paint","Old Coin","Bronze Scales","DollysMirror"],"potions_floor_usage":[6,10,22,23,23,23,30,36,50],"damage_taken":[{"damage":0,"enemies":"2 Louse","floor":1,"turns":1},{"damage":0,"enemies":"Small Slimes","floor":2,"turns":1},{"damage":0,"enemies":"Jaw Worm","floor":4,"turns":1},{"damage":14,"enemies":"Lots of Slimes","floor":5,"turns":5},{"damage":26,"enemies":"Lagavulin","floor":6,"turns":8},{"damage":0,"enemies":"Exordium Thugs","floor":8,"turns":4},{"damage":6,"enemies":"Gremlin Nob","floor":10,"turns":4},{"damage":3,"enemies":"Lagavulin","floor":12,"turns":8},{"damage":0,"enemies":"Exordium Wildlife","floor":14,"turns":4},{"damage":29,"enemies":"The Guardian","floor":16,"turns":11},{"damage":12,"enemies":"3 Byrds","floor":18,"turns":5},{"damage":3,"enemies":"Spheric Guardian","floor":19,"turns":5},{"damage":6,"enemies":"Shelled Parasite and Fungi","floor":20,"turns":14},{"damage":18,"enemies":"Centurion and Healer","floor":21,"turns":15},{"damage":3,"enemies":"Snecko","floor":22,"turns":5},{"damage":27,"enemies":"Book of Stabbing","floor":23,"turns":8},{"damage":35,"enemies":"Slavers","floor":25,"turns":9},{"damage":15,"enemies":"Book of Stabbing","floor":30,"turns":9},{"damage":2,"enemies":"Snake Plant","floor":31,"turns":3},{"damage":1,"enemies":"Champ","floor":33,"turns":15},{"damage":2,"enemies":"3 Shapes","floor":35,"turns":4},{"damage":49,"enemies":"2 Orb Walkers","floor":36,"turns":7},{"damage":11,"enemies":"Giant Head","floor":40,"turns":10},{"damage":32,"enemies":"3 Darklings","floor":41,"turns":4},{"damage":0,"enemies":"Maw","floor":46,"turns":7},{"damage":0,"enemies":"Sphere and 2 Shapes","floor":48,"turns":4},{"damage":21,"enemies":"Donu and Deca","floor":50,"turns":8}],"seed_played":"-6720737348378763107","potions_obtained":[{"floor":2,"key":"Energy Potion"},{"floor":8,"key":"LiquidBronze"},{"floor":14,"key":"Swift Potion"},{"floor":18,"key":"Fire Potion"},{"floor":20,"key":"EssenceOfSteel"},{"floor":22,"key":"Explosive Potion"},{"floor":25,"key":"Dexterity Potion"},{"floor":30,"key":"Dexterity Potion"},{"floor":35,"key":"Block Potion"},{"floor":36,"key":"FearPotion"},{"floor":46,"key":"SkillPotion"}],"is_trial":false,"path_per_floor":["M","M","?","M","M","E","R","M","T","E","?","E","$","M","R","B",null,"M","M","M","M","M","E","R","E","T","$","R","R","E","M","R","B",null,"M","?","$","?","$","E","M","R","T","R","$","M","$","M","R","B",null],"character_chosen":"DEFECT","items_purchased":["Self Repair","Anchor","Seek","Loop","War Paint","DollysMirror"],"campfire_rested":3,"item_purchase_floors":[13,27,37,37,39,47],"current_hp_per_floor":[75,75,68,68,54,28,28,28,28,22,22,19,19,26,48,26,63,58,62,70,59,63,43,43,15,15,15,37,59,58,63,63,69,74,75,33,33,66,66,66,41,41,41,41,41,48,48,55,55,34],"gold":103,"neow_bonus":"THREE_ENEMY_KILL","is_prod":false,"is_daily":false,"chose_seed":false,"campfire_upgraded":6,"win_rate":0,"timestamp":1556630656,"path_taken":["M","M","?","M","M","E","R","M","T","E","?","E","?","M","R","BOSS","M","M","M","M","M","E","R","E","T","?","R","R","E","M","R","BOSS","M","?","$","?","$","E","M","R","T","R","$","M","?","M","R","BOSS"],"build_version":"2019-01-23","purchased_purges":3,"victory":true,"max_hp_per_floor":[75,75,75,75,75,75,75,75,75,75,75,75,75,75,75,75,75,75,75,75,75,75,75,75,75,75,75,75,75,75,75,75,75,75,75,75,75,66,66,66,66,66,66,66,66,66,66,66,66,66],"card_choices":[{"not_picked":["Ball Lightning","Hologram"],"picked":"Cold Snap","floor":1},{"not_picked":["Streamline","Ball Lightning"],"picked":"Cold Snap","floor":2},{"not_picked":["Doom and Gloom","Melter"],"picked":"BootSequence","floor":4},{"not_picked":["Leap","Stack","Darkness"],"picked":"SKIP","floor":5},{"not_picked":["Leap","Stack","Darkness"],"picked":"SKIP","floor":5},{"not_picked":["Leap","Stack","Darkness"],"picked":"SKIP","floor":5},{"not_picked":["Leap","Aggregate"],"picked":"Conserve Battery","floor":6},{"not_picked":["Rebound","Go for the Eyes"],"picked":"Sunder","floor":8},{"not_picked":["Darkness","Gash"],"picked":"Blizzard","floor":10},{"not_picked":["Self Repair","Hyperbeam"],"picked":"Genetic Algorithm","floor":12},{"not_picked":["Compile Driver","Beam Cell"],"picked":"Hologram","floor":14},{"not_picked":["Beam Cell","Gash","Streamline"],"picked":"SKIP","floor":14},{"not_picked":["Thunder Strike","Amplify"],"picked":"Creative AI","floor":16},{"not_picked":["Beam Cell","Streamline+1"],"picked":"Coolheaded","floor":18},{"not_picked":["Redo","Coolheaded"],"picked":"Hologram+1","floor":18},{"not_picked":["Steam+1","FTL"],"picked":"Chill","floor":19},{"not_picked":["Leap","Compile Driver"],"picked":"Turbo","floor":19},{"not_picked":["Steam","BootSequence+1"],"picked":"Defragment","floor":20},{"not_picked":["Stack","Redo"],"picked":"Turbo+1","floor":20},{"not_picked":["Gash","Tempest","Storm"],"picked":"SKIP","floor":21},{"not_picked":["Stack","Darkness","Redo"],"picked":"SKIP","floor":21},{"not_picked":["Rebound","Go for the Eyes","Fusion"],"picked":"SKIP","floor":22},{"not_picked":["Streamline","Storm","Aggregate"],"picked":"SKIP","floor":22},{"not_picked":["Defragment","Static Discharge+1"],"picked":"Glacier","floor":23},{"not_picked":["Turbo","Force Field"],"picked":"Seek","floor":25},{"not_picked":["Loop","Ball Lightning"],"picked":"Capacitor+1","floor":30},{"not_picked":["Hologram","Ball Lightning+1"],"picked":"Reinforced Body+1","floor":31},{"not_picked":["Redo","Auto Shields","Stack"],"picked":"SKIP","floor":31},{"not_picked":["Barrage+1"],"picked":"SKIP","floor":35},{"not_picked":["Tempest"],"picked":"SKIP","floor":35},{"not_picked":[],"picked":"Storm+1","floor":40},{"not_picked":[],"picked":"Conserve Battery+1","floor":41},{"not_picked":["Double Energy"],"picked":"SKIP","floor":41},{"not_picked":["Redo+1"],"picked":"SKIP","floor":46},{"not_picked":["Gash+1"],"picked":"SKIP","floor":46},{"not_picked":[],"picked":"White Noise","floor":48},{"not_picked":["Rip and Tear"],"picked":"SKIP","floor":48}],"player_experience":885014,"relics_obtained":[{"floor":6,"key":"Pocketwatch"},{"floor":9,"key":"Gremlin Horn"},{"floor":10,"key":"Prayer Wheel"},{"floor":12,"key":"Sundial"},{"floor":23,"key":"WingedGreaves"},{"floor":25,"key":"Mercury Hourglass"},{"floor":26,"key":"Orichalcum"},{"floor":30,"key":"Cables"},{"floor":36,"key":"FossilizedHelix"},{"floor":40,"key":"Old Coin"},{"floor":43,"key":"Bronze Scales"}],"event_choices":[{"cards_removed":["Strike_B"],"damage_healed":0,"gold_gain":0,"player_choice":"Card Removal","damage_taken":7,"max_hp_gain":0,"max_hp_loss":0,"event_name":"Golden Wing","floor":3,"gold_loss":0},{"damage_healed":0,"gold_gain":0,"player_choice":"Ignored","damage_taken":0,"max_hp_gain":0,"max_hp_loss":0,"event_name":"Shining Light","floor":11,"gold_loss":0},{"damage_healed":0,"gold_gain":0,"player_choice":"Fight","damage_taken":0,"max_hp_gain":0,"max_hp_loss":0,"event_name":"Mysterious Sphere","floor":36,"gold_loss":0},{"damage_healed":66,"gold_gain":0,"player_choice":"Heal","damage_taken":0,"max_hp_gain":0,"max_hp_loss":9,"event_name":"The Moai Head","floor":38,"gold_loss":0}],"is_beta":false,"boss_relics":[{"not_picked":["Lizard Tail","Ectoplasm"],"picked":"Nuclear Battery"},{"not_picked":["Cursed Key","Tiny House"],"picked":"Busted Crown"}],"items_purged_floors":[13,27,45],"is_endless":false,"potions_floor_spawned":[2,8,14,18,20,22,25,30,35,36,46,48],"ascension_level":5}