{"gold_per_floor":[113,38,55,71,71,71,102,102,102,102,113,147,147,147,147,220,220,239,251,35,35,35],"floor_reached":22,"playtime":1780,"items_purged":["Writhe"],"score":326,"play_id":"0c22a290-c985-4e9d-be67-6e80b09818bb","local_time":"20190303171414","is_ascension_mode":true,"campfire_choices":[{"data":"Double Tap","floor":6,"key":"SMITH"},{"floor":8,"key":"REST"},{"data":"Bash","floor":15,"key":"SMITH"}],"neow_cost":"CURSE","seed_source_timestamp":769175550665947,"circlet_count":0,"master_deck":["AscendersBane","Strike_R","Strike_R","Strike_R+1","Defend_R+1","Defend_R","Defend_R","Defend_R","Bash+1","Double Tap+1","Twin Strike","Ghostly Armor","Whirlwind","Parasite","Reaper","Armaments","Disarm","Uppercut"],"relics":["Burning Blood","Ancient Tea Set","Self Forming Clay","Strawberry","Empty Cage","Regal Pillow"],"potions_floor_usage":[12,12,16,22,22],"damage_taken":[{"damage":5,"enemies":"Cultist","floor":1,"turns":5},{"damage":7,"enemies":"Small Slimes","floor":3,"turns":4},{"damage":9,"enemies":"2 Louse","floor":4,"turns":3},{"damage":42,"enemies":"Lagavulin","floor":7,"turns":6},{"damage":23,"enemies":"Large Slime","floor":11,"turns":6},{"damage":18,"enemies":"Gremlin Nob","floor":12,"turns":4},{"damage":32,"enemies":"Slime Boss","floor":16,"turns":9},{"damage":50,"enemies":"Spheric Guardian","floor":18,"turns":8},{"damage":18,"enemies":"Chosen","floor":19,"turns":6},{"damage":17,"enemies":"Snake Plant","floor":22,"turns":7}],"seed_played":"5816989765133470169","potions_obtained":[{"floor":4,"key":"SpeedPotion"},{"floor":7,"key":"Strength Potion"},{"floor":12,"key":"SteroidPotion"},{"floor":16,"key":"FearPotion"},{"floor":19,"key":"Explosive Potion"}],"is_trial":false,"path_per_floor":["M","$","M","M","?","R","E","R","T","?","M","E","?","?","R","B",null,"M","M","$","?","M"],"character_chosen":"IRONCLAD","items_purchased":["Regal Pillow","Uppercut"],"campfire_rested":1,"item_purchase_floors":[20,20],"current_hp_per_floor":[69,69,68,65,50,50,14,36,36,36,19,14,34,34,34,8,64,20,14,14,14,0],"gold":35,"neow_bonus":"THREE_RARE_CARDS","is_prod":false,"is_daily":false,"chose_seed":false,"campfire_upgraded":2,"win_rate":0,"timestamp":1551633254,"path_taken":["M","$","M","M","?","R","E","R","T","?","M","E","?","?","R","BOSS","M","M","$","?","M"],"build_version":"2019-01-23","purchased_purges":1,"victory":false,"max_hp_per_floor":[75,75,75,75,75,75,75,75,75,75,75,82,82,82,82,82,82,82,82,82,82,82],"card_choices":[{"not_picked":["Dark Embrace","Limit Break"],"picked":"Double Tap","floor":0},{"not_picked":["True Grit","Headbutt","Anger"],"picked":"SKIP","floor":1},{"not_picked":["Fire Breathing","Clash","Warcry"],"picked":"SKIP","floor":3},{"not_picked":["Reckless Charge","Sever Soul"],"picked":"Twin Strike","floor":4},{"not_picked":["Entrench","Corruption"],"picked":"Ghostly Armor","floor":7},{"not_picked":["Sword Boomerang","Rage","Body Slam"],"picked":"SKIP","floor":11},{"not_picked":["Hemokinesis","Bloodletting"],"picked":"Whirlwind","floor":12},{"not_picked":["Immolate","Offering"],"picked":"Reaper","floor":16},{"not_picked":["Combust","Flex"],"picked":"Armaments","floor":18},{"not_picked":["Anger","Clash"],"picked":"Disarm","floor":19}],"player_experience":1510979,"relics_obtained":[{"floor":7,"key":"Ancient Tea Set"},{"floor":9,"key":"Self Forming Clay"},{"floor":12,"key":"Strawberry"}],"event_choices":[{"damage_healed":0,"gold_gain":0,"player_choice":"Entered Light","damage_taken":15,"max_hp_gain":0,"max_hp_loss":0,"event_name":"Shining Light","floor":5,"gold_loss":0,"cards_upgraded":["Defend_R","Strike_R"]},{"damage_healed":0,"gold_gain":0,"player_choice":"Fled","damage_taken":0,"max_hp_gain":0,"max_hp_loss":0,"event_name":"Scrap Ooze","floor":10,"gold_loss":0},{"damage_healed":20,"gold_gain":0,"player_choice":"Healed and dodged fight","damage_taken":0,"max_hp_gain":0,"max_hp_loss":0,"event_name":"Mushrooms","floor":13,"gold_loss":0,"cards_obtained":["Parasite"]},{"damage_healed":0,"gold_gain":0,"player_choice":"Ignored","damage_taken":0,"max_hp_gain":0,"max_hp_loss":0,"event_name":"Liars Game","floor":14,"gold_loss":0},{"damage_healed":0,"gold_gain":0,"player_choice":"Ignored","damage_taken":0,"max_hp_gain":0,"max_hp_loss":0,"event_name":"Ghosts","floor":21,"gold_loss":0}],"is_beta":false,"boss_relics":[{"not_picked":["Velvet Choker","Black Star"],"picked":"Empty Cage"}],"items_purged_floors":[2],"is_endless":false,"potions_floor_spawned":[4,7,12,16,19],"killed_by":"Snake Plant","ascension_level":14}