{"gold_per_floor":[115,390,5,23,33,58,58,83,157,172,197,197,217,238,238,357,357,380,396,421,445,470,470,504,132,157,192,192,317,1,19,19,145,145,158,158,36,59,184,215,240,240,240,240,274,299,299,335,335,335],"floor_reached":51,"playtime":3374,"items_purged":["Regret","Strike_R"],"score":1296,"play_id":"381a38f1-4769-47dc-a5cc-b267ae3edb63","local_time":"20190407123118","is_ascension_mode":true,"campfire_choices":[{"floor":15,"key":"REST"},{"floor":23,"key":"REST"},{"data":"Feel No Pain","floor":28,"key":"SMITH"},{"floor":32,"key":"REST"},{"data":"Spot Weakness","floor":42,"key":"SMITH"},{"data":"Armaments","floor":49,"key":"SMITH"}],"neow_cost":"NONE","seed_source_timestamp":153312340259071,"circlet_count":0,"master_deck":["AscendersBane","Bash","Feel No Pain+1","Twin Strike","Sword Boomerang","Pummel","Metallicize","Corruption","Metallicize","Clothesline","Armaments+1","Immolate","Twin Strike+1","Shockwave+1","Intimidate","Clothesline+1","Master of Strategy","Enlightenment","Spot Weakness+1","Fiend Fire","Havoc","Feel No Pain","Metallicize","Reaper","Clothesline","Entrench","Immolate","Whirlwind","Dark Embrace","Entrench","Whirlwind","Searing Blow","Sentinel+1","Warcry","Havoc","Demon Form","Madness","Madness","Demon Form"],"relics":["Burning Blood","Membership Card","Oddly Smooth Stone","Gambling Chip","Ancient Tea Set","Pear","Peace Pipe","Golden Idol","Snecko Eye","Regal Pillow","Ice Cream","War Paint","Bronze Scales","WingedGreaves","Dodecahedron","Bottled Tornado","Thread and Needle","Pandora\u0027s Box","Bottled Lightning","Pocketwatch","Kunai","Orichalcum","Bottled Flame","Blood Vial"],"potions_floor_usage":[6,6,11,11,13,24,41],"damage_taken":[{"damage":4,"enemies":"Small Slimes","floor":1,"turns":4},{"damage":0,"enemies":"Cultist","floor":4,"turns":3},{"damage":7,"enemies":"Jaw Worm","floor":5,"turns":3},{"damage":22,"enemies":"Lagavulin","floor":6,"turns":7},{"damage":34,"enemies":"3 Sentries","floor":8,"turns":9},{"damage":27,"enemies":"Exordium Wildlife","floor":10,"turns":5},{"damage":43,"enemies":"Lagavulin","floor":11,"turns":9},{"damage":5,"enemies":"Looter","floor":13,"turns":4},{"damage":11,"enemies":"2 Fungi Beasts","floor":14,"turns":6},{"damage":33,"enemies":"Slime Boss","floor":16,"turns":18},{"damage":0,"enemies":"Chosen","floor":18,"turns":6},{"damage":11,"enemies":"Shell Parasite","floor":19,"turns":5},{"damage":21,"enemies":"Cultist and Chosen","floor":20,"turns":6},{"damage":6,"enemies":"3 Cultists","floor":21,"turns":5},{"damage":30,"enemies":"Snake Plant","floor":22,"turns":5},{"damage":16,"enemies":"Gremlin Leader","floor":24,"turns":7},{"damage":17,"enemies":"Slavers","floor":27,"turns":5},{"damage":0,"enemies":"Colosseum Slavers","floor":29,"turns":3},{"damage":8,"enemies":"Colosseum Nobs","floor":29,"turns":4},{"damage":3,"enemies":"Snecko","floor":31,"turns":3},{"damage":28,"enemies":"Automaton","floor":33,"turns":11},{"damage":4,"enemies":"Orb Walker","floor":35,"turns":3},{"damage":0,"enemies":"3 Darklings","floor":38,"turns":2},{"damage":0,"enemies":"Mind Bloom Boss Battle","floor":39,"turns":4},{"damage":0,"enemies":"Giant Head","floor":40,"turns":4},{"damage":16,"enemies":"4 Shapes","floor":41,"turns":3},{"damage":9,"enemies":"Nemesis","floor":45,"turns":5},{"damage":0,"enemies":"Spire Growth","floor":46,"turns":5},{"damage":0,"enemies":"Giant Head","floor":48,"turns":5},{"damage":23,"enemies":"Time Eater","floor":50,"turns":6}],"seed_played":"2814644931224638141","potions_obtained":[{"floor":4,"key":"AttackPotion"},{"floor":5,"key":"SkillPotion"},{"floor":8,"key":"Poison Potion"},{"floor":10,"key":"Regen Potion"},{"floor":11,"key":"BloodPotion"},{"floor":20,"key":"Swift Potion"},{"floor":22,"key":"AttackPotion"},{"floor":24,"key":"Fruit Juice"},{"floor":29,"key":"Explosive Potion"},{"floor":41,"key":"FearPotion"},{"floor":45,"key":"EssenceOfSteel"}],"is_trial":false,"path_per_floor":["M","?","$","M","M","E","?","E","T","M","E","?","M","M","R","B",null,"M","M","M","M","M","R","E","$","T","E","R","?","$","M","R","B",null,"M","?","$","M","?","E","M","R","T","?","E","M","?","E","R","B",null],"character_chosen":"IRONCLAD","items_purchased":["Membership Card","Oddly Smooth Stone","Feel No Pain","Master of Strategy","Enlightenment","Spot Weakness","Ice Cream","Feel No Pain","Bottled Tornado","Thread and Needle","Bottled Lightning"],"campfire_rested":3,"item_purchase_floors":[3,3,3,25,25,25,25,30,30,30,37],"current_hp_per_floor":[82,82,82,88,87,71,76,48,58,37,9,9,19,14,42,15,75,81,76,61,61,37,65,55,55,55,44,44,48,48,51,94,72,89,95,95,95,95,95,95,90,90,90,77,86,96,96,100,100,83],"gold":335,"neow_bonus":"TEN_PERCENT_HP_BONUS","is_prod":false,"is_daily":false,"chose_seed":false,"campfire_upgraded":3,"win_rate":0,"timestamp":1554665478,"path_taken":["M","?","?","M","M","E","?","E","T","?","E","?","M","M","R","BOSS","M","M","M","M","M","R","E","$","T","E","R","?","$","M","R","BOSS","M","?","$","M","?","E","M","R","T","?","E","M","?","E","R","BOSS"],"build_version":"2019-01-23","purchased_purges":2,"victory":true,"max_hp_per_floor":[88,88,88,88,88,88,93,93,103,103,103,95,95,95,95,95,95,95,95,95,95,95,95,95,95,95,95,95,95,95,95,95,95,95,95,95,95,95,95,95,100,100,100,100,100,100,100,100,100,100],"card_choices":[{"not_picked":["Rupture","Fire Breathing"],"picked":"Wild Strike","floor":1},{"not_picked":["Clash","Rupture"],"picked":"Twin Strike","floor":4},{"not_picked":["Iron Wave","Anger"],"picked":"Sword Boomerang","floor":5},{"not_picked":["Twin Strike","Wild Strike"],"picked":"Pummel","floor":6},{"not_picked":["Clash","Warcry"],"picked":"Metallicize","floor":8},{"not_picked":["Clothesline","Seeing Red"],"picked":"Corruption","floor":10},{"not_picked":["Heavy Blade","Burning Pact"],"picked":"Metallicize","floor":11},{"not_picked":["Sword Boomerang","Fire Breathing"],"picked":"Clothesline","floor":13},{"not_picked":["Pommel Strike","Blood for Blood"],"picked":"Armaments","floor":14},{"not_picked":["Juggernaut","Barricade"],"picked":"Immolate","floor":16},{"not_picked":["Battle Trance+1","Clash"],"picked":"Twin Strike+1","floor":18},{"not_picked":["Corruption+1","Pommel Strike","Anger"],"picked":"SKIP","floor":19},{"not_picked":["Heavy Blade","Searing Blow+1"],"picked":"Shockwave","floor":20},{"not_picked":["Wild Strike","Infernal Blade+1"],"picked":"Intimidate","floor":21},{"not_picked":["Entrench+1","Wild Strike+1"],"picked":"Clothesline+1","floor":22},{"not_picked":["Clothesline+1","Thunderclap","Sever Soul"],"picked":"SKIP","floor":24},{"not_picked":["Anger+1","Warcry+1"],"picked":"Fiend Fire","floor":27},{"not_picked":["Pommel Strike","Perfected Strike"],"picked":"Havoc","floor":29},{"not_picked":["Thunderclap","Twin Strike"],"picked":"Metallicize","floor":31},{"not_picked":["Impervious","Berserk"],"picked":"Reaper","floor":33},{"not_picked":["Flex","Battle Trance"],"picked":"Sentinel+1","floor":35},{"not_picked":["Wild Strike+1","Clothesline"],"picked":"Warcry","floor":38},{"not_picked":["Entrench+1","Flame Barrier"],"picked":"Havoc","floor":39},{"not_picked":["Body Slam","Cleave"],"picked":"Demon Form","floor":40},{"not_picked":["True Grit","Body Slam","Sword Boomerang"],"picked":"SKIP","floor":41},{"not_picked":["Sever Soul","Second Wind+1","Clash"],"picked":"SKIP","floor":45},{"not_picked":["Flex+1","Sword Boomerang","Rage+1"],"picked":"SKIP","floor":46},{"not_picked":["Clash+1","Perfected Strike"],"picked":"Demon Form","floor":48}],"player_experience":377629,"relics_obtained":[{"floor":6,"key":"Gambling Chip"},{"floor":8,"key":"Ancient Tea Set"},{"floor":9,"key":"Pear"},{"floor":11,"key":"Peace Pipe"},{"floor":24,"key":"Regal Pillow"},{"floor":26,"key":"War Paint"},{"floor":27,"key":"Bronze Scales"},{"floor":29,"key":"WingedGreaves"},{"floor":29,"key":"Dodecahedron"},{"floor":39,"key":"Pocketwatch"},{"floor":40,"key":"Kunai"},{"floor":43,"key":"Orichalcum"},{"floor":45,"key":"Bottled Flame"},{"floor":48,"key":"Blood Vial"}],"event_choices":[{"damage_healed":0,"gold_gain":275,"player_choice":"Desecrate","damage_taken":0,"max_hp_gain":0,"max_hp_loss":0,"event_name":"Golden Shrine","floor":2,"gold_loss":0,"cards_obtained":["Regret"]},{"damage_healed":0,"gold_gain":0,"player_choice":"Donut","damage_taken":0,"max_hp_gain":5,"max_hp_loss":0,"event_name":"Big Fish","floor":7,"gold_loss":0},{"damage_healed":0,"gold_gain":0,"player_choice":"Lose Max HP","damage_taken":0,"relics_obtained":["Golden Idol"],"max_hp_gain":0,"max_hp_loss":8,"event_name":"Golden Idol","floor":12,"gold_loss":0},{"damage_healed":0,"gold_gain":0,"player_choice":"Fight","damage_taken":0,"max_hp_gain":0,"max_hp_loss":0,"event_name":"Colosseum","floor":29,"gold_loss":0},{"damage_healed":0,"gold_gain":0,"player_choice":"Fought Nobs","damage_taken":0,"max_hp_gain":0,"max_hp_loss":0,"event_name":"Colosseum","floor":29,"gold_loss":0},{"damage_healed":0,"gold_gain":0,"player_choice":"Ignored","damage_taken":0,"max_hp_gain":0,"max_hp_loss":0,"event_name":"Tomb of Lord Red Mask","floor":36,"gold_loss":0},{"damage_healed":0,"gold_gain":0,"player_choice":"Fight","damage_taken":0,"max_hp_gain":0,"max_hp_loss":0,"event_name":"MindBloom","floor":39,"gold_loss":0},{"damage_healed":0,"gold_gain":0,"player_choice":"Embrace Madness","damage_taken":13,"max_hp_gain":0,"max_hp_loss":0,"event_name":"Winding Halls","floor":44,"gold_loss":0,"cards_obtained":["Madness","Madness"]},{"cards_removed":["Wild Strike"],"damage_healed":0,"gold_gain":0,"player_choice":"Removed Attack","damage_taken":0,"max_hp_gain":0,"max_hp_loss":0,"event_name":"Falling","floor":47,"gold_loss":0}],"is_beta":false,"boss_relics":[{"not_picked":["Philosopher\u0027s Stone","Orrery"],"picked":"Snecko Eye"},{"not_picked":["Busted Crown","Runic Dome"],"picked":"Pandora\u0027s Box"}],"items_purged_floors":[3,25],"is_endless":false,"potions_floor_spawned":[4,5,8,10,11,20,22,24,29,33,41,45,48],"ascension_level":10}