{"gold_per_floor":[117,117,24,36,102,102,129,143,143,161,8,40,58,86,86,86],"floor_reached":16,"playtime":502,"items_purged":["Strike_R"],"score":203,"play_id":"fdd93454-68f4-4997-90e1-942eb6ac9031","local_time":"20190404195123","is_ascension_mode":true,"campfire_choices":[{"data":"Enlightenment","floor":6,"key":"SMITH"},{"data":"Carnage","floor":15,"key":"SMITH"}],"neow_cost":"NONE","seed_source_timestamp":436065577545815,"circlet_count":0,"master_deck":["Strike_R","Strike_R","Strike_R","Strike_R","Defend_R","Defend_R+1","Defend_R+1","Defend_R","Bash","Carnage+1","Enlightenment+1","Dropkick","Cleave","Dual Wield","Berserk","Immolate","Berserk","Shrug It Off","Shrug It Off"],"relics":["Burning Blood","NeowsBlessing","Sundial","Happy Flower","Dream Catcher","War Paint"],"potions_floor_usage":[16],"damage_taken":[{"damage":0,"enemies":"2 Louse","floor":1,"turns":1},{"damage":0,"enemies":"Small Slimes","floor":4,"turns":1},{"damage":0,"enemies":"3 Sentries","floor":7,"turns":2},{"damage":7,"enemies":"Jaw Worm","floor":8,"turns":2},{"damage":7,"enemies":"Large Slime","floor":10,"turns":4},{"damage":42,"enemies":"Gremlin Nob","floor":12,"turns":4},{"damage":1,"enemies":"Looter","floor":13,"turns":2},{"damage":12,"enemies":"Lagavulin","floor":14,"turns":6},{"damage":66,"enemies":"Slime Boss","floor":16,"turns":6}],"seed_played":"-4688746798095488226","potions_obtained":[{"floor":4,"key":"EssenceOfSteel"},{"floor":13,"key":"Ancient Potion"},{"floor":14,"key":"BloodPotion"}],"is_trial":false,"path_per_floor":["M","?","$","M","?","R","E","M","T","M","$","E","M","E","R","B"],"character_chosen":"IRONCLAD","items_purchased":["Enlightenment","Immolate"],"campfire_rested":0,"item_purchase_floors":[3,11],"current_hp_per_floor":[78,83,83,85,85,85,85,84,84,83,83,47,52,46,46,0],"gold":86,"neow_bonus":"THREE_ENEMY_KILL","is_prod":false,"is_daily":false,"chose_seed":false,"campfire_upgraded":2,"win_rate":0,"timestamp":1554432683,"path_taken":["M","?","$","M","?","R","E","M","T","M","$","E","M","E","R","BOSS"],"build_version":"2019-01-23","purchased_purges":1,"victory":false,"max_hp_per_floor":[80,85,85,85,85,85,85,85,85,85,85,85,85,85,85,85],"card_choices":[{"not_picked":["Armaments","Searing Blow"],"picked":"Carnage","floor":1},{"not_picked":["True Grit","Body Slam"],"picked":"Dropkick","floor":4},{"not_picked":["Twin Strike","Sword Boomerang"],"picked":"Cleave","floor":7},{"not_picked":["Wild Strike","Clothesline"],"picked":"Dual Wield","floor":8},{"not_picked":["Iron Wave","True Grit"],"picked":"Berserk","floor":10},{"not_picked":["Wild Strike","Twin Strike"],"picked":"Berserk","floor":12},{"not_picked":["Warcry","Rupture"],"picked":"Shrug It Off","floor":13},{"not_picked":["Heavy Blade","Warcry"],"picked":"Shrug It Off","floor":14}],"player_experience":165453,"relics_obtained":[{"floor":7,"key":"Sundial"},{"floor":9,"key":"Happy Flower"},{"floor":12,"key":"Dream Catcher"},{"floor":14,"key":"War Paint"}],"event_choices":[{"damage_healed":0,"gold_gain":0,"player_choice":"Donut","damage_taken":0,"max_hp_gain":5,"max_hp_loss":0,"event_name":"Big Fish","floor":2,"gold_loss":0},{"damage_healed":0,"gold_gain":66,"player_choice":"Gained Gold","damage_taken":0,"max_hp_gain":0,"max_hp_loss":0,"event_name":"Golden Wing","floor":5,"gold_loss":0}],"is_beta":false,"boss_relics":[],"items_purged_floors":[11],"is_endless":false,"potions_floor_spawned":[4,13,14],"killed_by":"Slime Boss","ascension_level":8}