{"gold_per_floor":[114,114,39,39,54,54,69,69,69,25,25,15,15],"floor_reached":13,"playtime":364,"items_purged":["Defend_G"],"score":98,"play_id":"e30ce3fc-0e33-4ad1-81c2-ce85e6079875","local_time":"20181228060355","daily_mods":["Specialized","Flight","Lethality"],"is_ascension_mode":false,"campfire_choices":[{"floor":6,"key":"REST"}],"neow_cost":"","seed_source_timestamp":0,"circlet_count":0,"master_deck":["Defend_G","Defend_G","Defend_G","Defend_G","Strike_G","Strike_G","Strike_G","Strike_G","Survivor","Neutralize","Grand Finale","Grand Finale","Grand Finale","Grand Finale","Grand Finale","Grand Finale+1"],"special_seed":17893,"relics":["Ring of the Snake","Unceasing Top","Potion Belt","Molten Egg 2"],"potions_floor_usage":[12,12,13],"damage_taken":[{"damage":8,"enemies":"Small Slimes","floor":1,"turns":3},{"damage":14,"enemies":"Jaw Worm","floor":5,"turns":3},{"damage":6,"enemies":"Cultist","floor":7,"turns":3},{"damage":15,"enemies":"Exordium Thugs","floor":12,"turns":6},{"damage":28,"enemies":"3 Sentries","floor":13,"turns":6}],"seed_played":"-53600940269430925","potions_obtained":[{"floor":1,"key":"Explosive Potion"},{"floor":7,"key":"Regen Potion"},{"floor":12,"key":"Explosive Potion"}],"is_trial":false,"path_per_floor":["M","?","$","?","M","R","M","T","T","?","$","M","?"],"character_chosen":"THE_SILENT","items_purchased":[],"campfire_rested":1,"item_purchase_floors":[],"current_hp_per_floor":[62,62,62,44,30,51,45,45,45,45,45,42,14],"gold":15,"neow_bonus":"","is_prod":false,"is_daily":true,"chose_seed":false,"campfire_upgraded":0,"win_rate":0,"timestamp":1545973435,"path_taken":["M","?","$","?","?","R","?","?","T","?","?","?","?"],"build_version":"2018-12-20","purchased_purges":1,"victory":false,"max_hp_per_floor":[70,70,70,70,70,70,70,70,70,70,70,70,70],"card_choices":[{"not_picked":["PiercingWail","Slice","Prepared"],"picked":"SKIP","floor":1},{"not_picked":["Concentrate","PiercingWail","Underhanded Strike"],"picked":"SKIP","floor":5},{"not_picked":["Reflex","Slice","Distraction"],"picked":"SKIP","floor":7},{"not_picked":["Outmaneuver","Underhanded Strike+1"],"picked":"Grand Finale+1","floor":12}],"player_experience":430134,"relics_obtained":[{"floor":8,"key":"Potion Belt"},{"floor":9,"key":"Molten Egg 2"}],"event_choices":[{"cards_removed":["Strike_G"],"damage_healed":0,"gold_gain":0,"player_choice":"Forget","damage_taken":0,"max_hp_gain":0,"max_hp_loss":0,"event_name":"Living Wall","floor":2,"gold_loss":0},{"damage_healed":0,"gold_gain":0,"player_choice":"Success","damage_taken":18,"relics_obtained":["Unceasing Top"],"max_hp_gain":0,"max_hp_loss":0,"event_name":"Scrap Ooze","floor":4,"gold_loss":0},{"damage_healed":0,"gold_gain":0,"player_choice":"Left Gold","damage_taken":0,"max_hp_gain":0,"max_hp_loss":0,"event_name":"World of Goop","floor":10,"gold_loss":44},{"damage_healed":0,"gold_gain":0,"player_choice":"Searched \u00272\u0027 times","damage_taken":0,"max_hp_gain":0,"max_hp_loss":0,"event_name":"Dead Adventurer","floor":13,"gold_loss":0}],"is_beta":false,"boss_relics":[],"items_purged_floors":[3],"is_endless":false,"potions_floor_spawned":[1,7,12],"killed_by":"3 Sentries","ascension_level":0}