{"gold_per_floor":[114,114,132,155,178,178,212,212,212,212],"floor_reached":10,"playtime":1170,"items_purged":[],"score":78,"play_id":"531ba4ea-5b63-4d9a-bce5-d029224718dc","local_time":"20190425211129","is_ascension_mode":true,"campfire_choices":[{"data":"Neutralize","floor":6,"key":"SMITH"}],"neow_cost":"NONE","seed_source_timestamp":1377399506627800,"circlet_count":0,"master_deck":["Defend_G","Defend_G","Defend_G","Defend_G","Defend_G","Strike_G","Strike_G","Strike_G","Strike_G+1","Strike_G","Survivor","Neutralize+1","Well Laid Plans","Dagger Throw","PiercingWail+1","PiercingWail"],"relics":["Ring of the Snake","NeowsBlessing","Golden Idol","Bird Faced Urn","Paper Crane"],"potions_floor_usage":[7,10],"damage_taken":[{"damage":0,"enemies":"Jaw Worm","floor":1,"turns":1},{"damage":0,"enemies":"Small Slimes","floor":3,"turns":1},{"damage":0,"enemies":"2 Louse","floor":4,"turns":1},{"damage":2,"enemies":"Looter","floor":5,"turns":5},{"damage":35,"enemies":"Lagavulin","floor":7,"turns":8},{"damage":15,"enemies":"3 Sentries","floor":10,"turns":5}],"seed_played":"6007146904360551279","potions_obtained":[{"floor":1,"key":"Fire Potion"},{"floor":7,"key":"Fire Potion"}],"is_trial":false,"path_per_floor":["M","?","M","M","M","R","E","?","T","E"],"character_chosen":"THE_SILENT","items_purchased":[],"campfire_rested":0,"item_purchase_floors":[],"current_hp_per_floor":[70,65,65,65,63,63,28,15,15,2],"gold":212,"neow_bonus":"THREE_ENEMY_KILL","is_prod":false,"is_daily":false,"chose_seed":false,"campfire_upgraded":1,"win_rate":0,"timestamp":1556219489,"path_taken":["M","?","M","M","M","R","E","?","T","E"],"build_version":"2019-01-23","purchased_purges":0,"victory":false,"max_hp_per_floor":[70,65,65,65,65,65,65,65,65,65],"card_choices":[{"not_picked":["Dagger Throw","Flying Knee"],"picked":"Well Laid Plans","floor":1},{"not_picked":["Dagger Throw","Slice","Blade Dance"],"picked":"SKIP","floor":3},{"not_picked":["Prepared","Cloak And Dagger"],"picked":"Dagger Throw","floor":4},{"not_picked":["Slice","Deflect"],"picked":"PiercingWail","floor":5},{"not_picked":["Outmaneuver","Riddle With Holes"],"picked":"PiercingWail","floor":7}],"player_experience":711255,"relics_obtained":[{"floor":7,"key":"Bird Faced Urn"},{"floor":9,"key":"Paper Crane"}],"event_choices":[{"damage_healed":0,"gold_gain":0,"player_choice":"Lose Max HP","damage_taken":0,"relics_obtained":["Golden Idol"],"max_hp_gain":0,"max_hp_loss":5,"event_name":"Golden Idol","floor":2,"gold_loss":0},{"damage_healed":0,"gold_gain":0,"player_choice":"Entered Light","damage_taken":13,"max_hp_gain":0,"max_hp_loss":0,"event_name":"Shining Light","floor":8,"gold_loss":0,"cards_upgraded":["PiercingWail","Strike_G"]}],"is_beta":false,"boss_relics":[],"items_purged_floors":[],"is_endless":false,"potions_floor_spawned":[1,7],"killed_by":"3 Sentries","ascension_level":3}