{"gold_per_floor":[114,11,22,34,54,54,81,81,81,81,81,98,114,214,214,317,317,330,330],"floor_reached":19,"playtime":1225,"items_purged":[],"score":177,"play_id":"e2cbc377-0d59-40e1-bf60-c1f519f0c199","local_time":"20181118114620","is_ascension_mode":true,"campfire_choices":[{"floor":6,"key":"RECALL"},{"floor":8,"key":"REST"},{"data":"Genetic Algorithm","floor":10,"key":"SMITH"},{"floor":15,"key":"REST"}],"neow_cost":"NONE","seed_source_timestamp":341705736244086,"circlet_count":0,"master_deck":["Strike_B","Strike_B","Strike_B","Strike_B","Defend_B","Defend_B","Defend_B","Defend_B","Zap","Dualcast","Redo","Genetic Algorithm+1","Ball Lightning","Coolheaded","Capacitor","Coolheaded","Ball Lightning","Defragment","Electrodynamics"],"relics":["Cracked Core","NeowsBlessing","Mercury Hourglass","Inserter"],"potions_floor_usage":[7,16,18],"damage_taken":[{"damage":0,"enemies":"Cultist","floor":1,"turns":1},{"damage":0,"enemies":"Small Slimes","floor":3,"turns":1},{"damage":0,"enemies":"2 Louse","floor":4,"turns":1},{"damage":19,"enemies":"Red Slaver","floor":5,"turns":4},{"damage":21,"enemies":"Lagavulin","floor":7,"turns":8},{"damage":3,"enemies":"Blue Slaver","floor":12,"turns":3},{"damage":8,"enemies":"Lots of Slimes","floor":13,"turns":2},{"damage":27,"enemies":"Hexaghost","floor":16,"turns":10},{"damage":31,"enemies":"Shell Parasite","floor":18,"turns":5},{"damage":26,"enemies":"Colosseum Slavers","floor":19,"turns":4},{"damage":28,"enemies":"Colosseum Nobs","floor":19,"turns":2}],"seed_played":"-7777286052358314985","potions_obtained":[{"floor":5,"key":"FearPotion"},{"floor":13,"key":"AttackPotion"},{"floor":16,"key":"SkillPotion"}],"is_trial":false,"path_per_floor":["M","$","M","M","M","R","E","R","T","R","?","M","M","?","R","B",null,"M","?"],"character_chosen":"DEFECT","items_purchased":["Genetic Algorithm","Ball Lightning"],"campfire_rested":2,"item_purchase_floors":[2,2],"current_hp_per_floor":[75,75,75,75,56,56,35,57,57,57,57,54,46,46,68,41,75,44,0],"gold":330,"neow_bonus":"THREE_ENEMY_KILL","is_prod":false,"is_daily":false,"chose_seed":false,"campfire_upgraded":1,"win_rate":0,"timestamp":1542537980,"path_taken":["M","$","?","M","M","R","E","R","T","R","?","M","M","?","R","BOSS","M","?"],"build_version":"2018-11-15","purchased_purges":0,"victory":false,"max_hp_per_floor":[75,75,75,75,75,75,75,75,75,75,75,75,75,75,75,75,75,75,75],"card_choices":[{"not_picked":["Chaos","Conserve Battery"],"picked":"Redo","floor":1},{"not_picked":["Beam Cell","Melter"],"picked":"Coolheaded","floor":3},{"not_picked":["Double Energy","Barrage"],"picked":"Capacitor","floor":4},{"not_picked":["Darkness","Lockon"],"picked":"Coolheaded","floor":5},{"not_picked":["Barrage","Meteor Strike"],"picked":"Ball Lightning","floor":7},{"not_picked":["Redo","Turbo","Go for the Eyes"],"picked":"SKIP","floor":12},{"not_picked":["Conserve Battery","Compile Driver"],"picked":"Defragment","floor":13},{"not_picked":["Echo Form","Biased Cognition"],"picked":"Electrodynamics","floor":16},{"not_picked":["Beam Cell","Chaos","Ball Lightning"],"picked":"SKIP","floor":18}],"player_experience":213741,"relics_obtained":[{"floor":7,"key":"Mercury Hourglass"}],"event_choices":[{"damage_healed":0,"gold_gain":0,"player_choice":"Ignored","damage_taken":0,"max_hp_gain":0,"max_hp_loss":0,"event_name":"Shining Light","floor":11,"gold_loss":0},{"damage_healed":0,"gold_gain":100,"player_choice":"Pray","damage_taken":0,"max_hp_gain":0,"max_hp_loss":0,"event_name":"Golden Shrine","floor":14,"gold_loss":0},{"damage_healed":0,"gold_gain":0,"player_choice":"Fight","damage_taken":0,"max_hp_gain":0,"max_hp_loss":0,"event_name":"Colosseum","floor":19,"gold_loss":0},{"damage_healed":0,"gold_gain":0,"player_choice":"Fought Nobs","damage_taken":0,"max_hp_gain":0,"max_hp_loss":0,"event_name":"Colosseum","floor":19,"gold_loss":0}],"is_beta":false,"boss_relics":[{"not_picked":["Eternal Feather","Runic Pyramid"],"picked":"Inserter"}],"items_purged_floors":[],"is_endless":false,"potions_floor_spawned":[5,13,16,19],"killed_by":"Colosseum Nobs","ascension_level":1}