{"gold_per_floor":[118,118,132,57,71,104,104,138,191,191,211,243,243,274,274,274],"floor_reached":16,"playtime":1129,"items_purged":["Strike_R"],"score":218,"play_id":"c7b2bc1c-1a85-4fc4-80bf-f5c276ab4781","local_time":"20190304201404","is_ascension_mode":true,"campfire_choices":[{"floor":7,"key":"REST"},{"floor":10,"key":"REST"},{"floor":15,"key":"REST"}],"neow_cost":"NONE","seed_source_timestamp":867028903436566,"circlet_count":0,"master_deck":["AscendersBane","Strike_R","Strike_R","Strike_R","Strike_R","Defend_R","Defend_R","Defend_R","Defend_R","Bash","Inflame+1","Shrug It Off","Clothesline","Uppercut","Carnage","Feed","Twin Strike"],"relics":["Burning Blood","Gremlin Horn","Smiling Mask","Ancient Tea Set","Boot","Anchor"],"potions_floor_usage":[8,14],"damage_taken":[{"damage":18,"enemies":"Jaw Worm","floor":1,"turns":5},{"damage":14,"enemies":"Small Slimes","floor":3,"turns":4},{"damage":5,"enemies":"2 Louse","floor":5,"turns":4},{"damage":49,"enemies":"3 Sentries","floor":6,"turns":13},{"damage":24,"enemies":"Gremlin Nob","floor":8,"turns":4},{"damage":1,"enemies":"2 Fungi Beasts","floor":11,"turns":2},{"damage":37,"enemies":"3 Sentries","floor":12,"turns":8},{"damage":8,"enemies":"Gremlin Nob","floor":14,"turns":3},{"damage":47,"enemies":"The Guardian","floor":16,"turns":14}],"seed_played":"-675477747347203011","potions_obtained":[{"floor":3,"key":"Ancient Potion"},{"floor":11,"key":"FearPotion"},{"floor":14,"key":"SpeedPotion"}],"is_trial":false,"path_per_floor":["M","?","M","$","M","E","R","E","T","R","M","E","?","E","R","B"],"character_chosen":"IRONCLAD","items_purchased":[],"campfire_rested":3,"item_purchase_floors":[],"current_hp_per_floor":[63,63,55,55,56,13,37,19,19,43,48,20,20,21,47,0],"gold":274,"neow_bonus":"TEN_PERCENT_HP_BONUS","is_prod":false,"is_daily":false,"chose_seed":false,"campfire_upgraded":0,"win_rate":0,"timestamp":1551730444,"path_taken":["M","?","M","$","M","E","R","E","T","R","M","E","?","E","R","BOSS"],"build_version":"2019-01-23","purchased_purges":1,"victory":false,"max_hp_per_floor":[82,82,82,82,82,82,82,82,82,82,82,85,85,88,88,88],"card_choices":[{"not_picked":["Shrug It Off","Armaments"],"picked":"Inflame","floor":1},{"not_picked":["Searing Blow","Dual Wield"],"picked":"Shrug It Off","floor":3},{"not_picked":["Fire Breathing","Flex"],"picked":"Clothesline","floor":5},{"not_picked":["Dropkick","Wild Strike"],"picked":"Uppercut","floor":6},{"not_picked":["Havoc","Clothesline"],"picked":"Carnage","floor":8},{"not_picked":["Perfected Strike","Armaments"],"picked":"Feed","floor":11},{"not_picked":["Thunderclap","Sever Soul","Fire Breathing"],"picked":"SKIP","floor":12},{"not_picked":["Pommel Strike","Havoc"],"picked":"Twin Strike","floor":14}],"player_experience":1514395,"relics_obtained":[{"floor":6,"key":"Gremlin Horn"},{"floor":8,"key":"Smiling Mask"},{"floor":9,"key":"Ancient Tea Set"},{"floor":12,"key":"Boot"},{"floor":14,"key":"Anchor"}],"event_choices":[{"damage_healed":0,"gold_gain":0,"player_choice":"Grow","damage_taken":0,"max_hp_gain":0,"max_hp_loss":0,"event_name":"Living Wall","floor":2,"gold_loss":0,"cards_upgraded":["Inflame"]},{"damage_healed":0,"gold_gain":0,"player_choice":"Ignored","damage_taken":0,"max_hp_gain":0,"max_hp_loss":0,"event_name":"Golden Idol","floor":13,"gold_loss":0}],"is_beta":false,"boss_relics":[],"items_purged_floors":[4],"is_endless":false,"potions_floor_spawned":[3,11,14],"killed_by":"The Guardian","ascension_level":14}