{"gold_per_floor":[115,125,200,200,165,220,239,266,289,303,322,322,335,350,350,427,427,445,51,64,64,84,84],"floor_reached":23,"playtime":2243,"items_purged":["Strike_R"],"score":369,"play_id":"6ed823b7-a6bf-48d7-a6f6-e67faf9e1f3d","local_time":"20190505180759","is_ascension_mode":true,"campfire_choices":[{"floor":12,"key":"REST"},{"floor":15,"key":"REST"}],"neow_cost":"NONE","seed_source_timestamp":495827512416900,"circlet_count":0,"master_deck":["AscendersBane","Strike_R","Strike_R","Strike_R","Defend_R","Defend_R","Defend_R","Defend_R","Bash","Offering","Armaments","Cleave","Pommel Strike","Thunderclap","Cleave","Inflame","Dropkick","Disarm","Limit Break","Iron Wave+1","Double Tap","Shrug It Off","Sword Boomerang","True Grit"],"relics":["Burning Blood","Smiling Mask","Tiny Chest","Paper Frog","Ancient Tea Set","Cursed Key","Vajra"],"potions_floor_usage":[6,8,13,18,18,22,23],"damage_taken":[{"damage":5,"enemies":"2 Louse","floor":1,"turns":3},{"damage":8,"enemies":"Jaw Worm","floor":2,"turns":3},{"damage":26,"enemies":"Gremlin Nob","floor":6,"turns":4},{"damage":0,"enemies":"Small Slimes","floor":7,"turns":3},{"damage":15,"enemies":"3 Sentries","floor":8,"turns":7},{"damage":6,"enemies":"Exordium Thugs","floor":10,"turns":2},{"damage":19,"enemies":"Exordium Wildlife","floor":11,"turns":3},{"damage":11,"enemies":"Gremlin Gang","floor":13,"turns":3},{"damage":10,"enemies":"2 Fungi Beasts","floor":14,"turns":3},{"damage":38,"enemies":"The Guardian","floor":16,"turns":10},{"damage":29,"enemies":"2 Thieves","floor":18,"turns":5},{"damage":15,"enemies":"Shell Parasite","floor":20,"turns":4},{"damage":19,"enemies":"Chosen and Byrds","floor":22,"turns":4},{"damage":18,"enemies":"Book of Stabbing","floor":23,"turns":3}],"seed_played":"2662290294616981349","potions_obtained":[{"floor":1,"key":"Strength Potion"},{"floor":7,"key":"Explosive Potion"},{"floor":8,"key":"GamblersBrew"},{"floor":14,"key":"Block Potion"},{"floor":16,"key":"Block Potion"},{"floor":18,"key":"GamblersBrew"},{"floor":22,"key":"Explosive Potion"}],"is_trial":false,"path_per_floor":["M","M","?","?","?","E","M","E","T","M","M","R","M","M","R","B",null,"M","$","M","?","M","E"],"character_chosen":"IRONCLAD","items_purchased":["Double Tap","Vajra","Shrug It Off"],"campfire_rested":2,"item_purchase_floors":[19,19,19],"current_hp_per_floor":[69,67,56,38,56,36,42,33,33,33,20,42,37,33,55,23,62,39,39,30,30,17,0],"gold":84,"neow_bonus":"ONE_RANDOM_RARE_CARD","is_prod":false,"is_daily":false,"chose_seed":false,"campfire_upgraded":0,"win_rate":0,"timestamp":1557072479,"path_taken":["M","M","?","?","?","E","?","E","T","M","M","R","M","M","R","BOSS","M","$","M","?","M","E"],"build_version":"2019-01-23","purchased_purges":1,"victory":false,"max_hp_per_floor":[75,75,75,75,75,75,75,75,75,75,75,75,75,75,75,75,75,75,75,75,75,75,75],"card_choices":[{"not_picked":["Rampage","Perfected Strike"],"picked":"Armaments","floor":1},{"not_picked":["Iron Wave","Body Slam"],"picked":"Cleave","floor":2},{"not_picked":["Headbutt","Havoc"],"picked":"Pommel Strike","floor":6},{"not_picked":["Iron Wave","Body Slam"],"picked":"Thunderclap","floor":7},{"not_picked":["Clothesline","Armaments"],"picked":"Cleave","floor":8},{"not_picked":["Headbutt","Anger"],"picked":"Inflame","floor":10},{"not_picked":["Iron Wave","Warcry","Evolve"],"picked":"SKIP","floor":11},{"not_picked":["Body Slam","Entrench"],"picked":"Dropkick","floor":13},{"not_picked":["Anger","Twin Strike"],"picked":"Disarm","floor":14},{"not_picked":["Impervious","Berserk"],"picked":"Limit Break","floor":16},{"not_picked":["Thunderclap","Flex"],"picked":"Iron Wave+1","floor":18},{"not_picked":["Sever Soul","True Grit"],"picked":"Sword Boomerang","floor":20},{"not_picked":["Anger","Sword Boomerang"],"picked":"True Grit","floor":22}],"player_experience":1120338,"relics_obtained":[{"floor":6,"key":"Tiny Chest"},{"floor":8,"key":"Paper Frog"},{"floor":9,"key":"Ancient Tea Set"}],"event_choices":[{"damage_healed":0,"gold_gain":75,"player_choice":"Gather Gold","damage_taken":11,"max_hp_gain":0,"max_hp_loss":0,"event_name":"World of Goop","floor":3,"gold_loss":0},{"damage_healed":0,"gold_gain":0,"player_choice":"Success","damage_taken":18,"relics_obtained":["Smiling Mask"],"max_hp_gain":0,"max_hp_loss":0,"event_name":"Scrap Ooze","floor":4,"gold_loss":0},{"damage_healed":18,"gold_gain":0,"player_choice":"Healed","damage_taken":0,"max_hp_gain":0,"max_hp_loss":0,"event_name":"The Cleric","floor":5,"gold_loss":35},{"cards_removed":["Strike_R"],"damage_healed":0,"gold_gain":0,"player_choice":"Purged","damage_taken":0,"max_hp_gain":0,"max_hp_loss":0,"event_name":"Purifier","floor":21,"gold_loss":0}],"is_beta":false,"boss_relics":[{"not_picked":["Lizard Tail","White Beast Statue"],"picked":"Cursed Key"}],"items_purged_floors":[19],"is_endless":false,"potions_floor_spawned":[1,7,8,14,16,18,22],"killed_by":"Book of Stabbing","ascension_level":16}