{"gold_per_floor":[118,132,132,15,15,49,49,79,103,103,122,122,136,155,155,229,229,246,263,282,72,72,72,72],"floor_reached":24,"playtime":596,"items_purged":[],"score":416,"play_id":"12466cf8-4f28-4f35-984a-4b759ddcec30","local_time":"20190504223050","is_ascension_mode":true,"campfire_choices":[{"data":"Inflame","floor":7,"key":"SMITH"},{"data":"Inflame","floor":10,"key":"SMITH"},{"data":"Intimidate","floor":15,"key":"SMITH"},{"floor":23,"key":"REST"}],"neow_cost":"NONE","seed_source_timestamp":426844681208200,"circlet_count":0,"master_deck":["AscendersBane","Strike_R","Strike_R","Strike_R","Strike_R","Strike_R","Defend_R","Defend_R","Defend_R","Defend_R","Bash","Disarm+1","Headbutt","Inflame+1","Battle Trance","Offering","Inflame+1","Intimidate+1","Headbutt","Demon Form","Thunderclap+1","Heavy Blade","Thunderclap","Apotheosis","Decay"],"relics":["Burning Blood","NeowsBlessing","Anchor","Red Skull","Strawberry","Snecko Eye"],"potions_floor_usage":[16,24,24],"damage_taken":[{"damage":0,"enemies":"Cultist","floor":1,"turns":1},{"damage":0,"enemies":"2 Louse","floor":2,"turns":1},{"damage":0,"enemies":"Lagavulin","floor":6,"turns":1},{"damage":32,"enemies":"Gremlin Nob","floor":8,"turns":4},{"damage":0,"enemies":"Jaw Worm","floor":11,"turns":3},{"damage":8,"enemies":"Exordium Thugs","floor":13,"turns":5},{"damage":0,"enemies":"Exordium Wildlife","floor":14,"turns":3},{"damage":38,"enemies":"Hexaghost","floor":16,"turns":9},{"damage":27,"enemies":"2 Thieves","floor":18,"turns":4},{"damage":37,"enemies":"Shell Parasite","floor":19,"turns":5},{"damage":14,"enemies":"Centurion and Healer","floor":20,"turns":6},{"damage":38,"enemies":"Book of Stabbing","floor":24,"turns":3}],"seed_played":"1753672850984180910","potions_obtained":[{"floor":6,"key":"Ancient Potion"},{"floor":11,"key":"Strength Potion"},{"floor":16,"key":"EssenceOfSteel"},{"floor":19,"key":"SteroidPotion"}],"is_trial":false,"path_per_floor":["M","M","$","$","?","E","R","E","T","R","M","?","M","M","R","B",null,"M","M","M","$","?","R","E"],"character_chosen":"IRONCLAD","items_purchased":["Inflame","Battle Trance","Apotheosis"],"campfire_rested":1,"item_purchase_floors":[4,4,21],"current_hp_per_floor":[74,75,75,75,75,75,75,49,56,56,62,62,60,66,66,34,70,49,18,10,10,10,34,0],"gold":72,"neow_bonus":"THREE_ENEMY_KILL","is_prod":false,"is_daily":false,"chose_seed":false,"campfire_upgraded":3,"win_rate":0,"timestamp":1557001850,"path_taken":["M","M","?","$","?","E","R","E","T","R","M","?","?","M","R","BOSS","M","M","M","$","?","R","E"],"build_version":"2019-01-23","purchased_purges":0,"victory":false,"max_hp_per_floor":[75,75,75,75,75,75,75,75,82,82,82,82,82,82,82,82,82,82,82,82,82,82,82,82],"card_choices":[{"not_picked":["Pommel Strike","Clash"],"picked":"Disarm","floor":1},{"not_picked":["Flex","Clash"],"picked":"Headbutt","floor":2},{"not_picked":["Pommel Strike","Clash"],"picked":"Offering","floor":6},{"not_picked":["Hemokinesis","Bludgeon"],"picked":"Inflame","floor":8},{"not_picked":["Thunderclap","Flex"],"picked":"Intimidate","floor":11},{"not_picked":["Pommel Strike","Power Through"],"picked":"Headbutt","floor":13},{"not_picked":["Body Slam","Wild Strike","Thunderclap"],"picked":"SKIP","floor":14},{"not_picked":["Exhume","Reaper"],"picked":"Demon Form","floor":16},{"not_picked":["Warcry","Iron Wave"],"picked":"Thunderclap+1","floor":18},{"not_picked":["Seeing Red","Armaments"],"picked":"Heavy Blade","floor":19},{"not_picked":["True Grit","Headbutt"],"picked":"Thunderclap","floor":20}],"player_experience":1092327,"relics_obtained":[{"floor":6,"key":"Anchor"},{"floor":8,"key":"Red Skull"},{"floor":9,"key":"Strawberry"}],"event_choices":[{"damage_healed":0,"gold_gain":0,"player_choice":"Leave","damage_taken":0,"max_hp_gain":0,"max_hp_loss":0,"event_name":"The Cleric","floor":5,"gold_loss":0},{"damage_healed":0,"gold_gain":0,"player_choice":"Upgraded","damage_taken":0,"max_hp_gain":0,"max_hp_loss":0,"event_name":"Upgrade Shrine","floor":12,"gold_loss":0,"cards_upgraded":["Disarm"]},{"damage_healed":0,"gold_gain":0,"player_choice":"Smashed Altar","damage_taken":0,"max_hp_gain":0,"max_hp_loss":0,"event_name":"Forgotten Altar","floor":22,"gold_loss":0,"cards_obtained":["Decay"]}],"is_beta":false,"boss_relics":[{"not_picked":["Runic Dome","Runic Cube"],"picked":"Snecko Eye"}],"items_purged_floors":[],"is_endless":false,"potions_floor_spawned":[6,11,13,16,19,20],"killed_by":"Book of Stabbing","ascension_level":16}