{"gold_per_floor":[111,121,132,132,132,132,166,181,260,280,280,308,335,347,359,473,485,516,541,573,600,623,635,479,544,544,544,544,544,555,569,569,664,664,681,174,185,200,220,247,247,247,299,334,354,383,383,22,22,22,22,22,22,56,56],"floor_reached":55,"playtime":2911,"items_purged":["Strike_G","Strike_G"],"score":945,"play_id":"1159b5cc-a75f-4f47-ae27-011bb671173c","local_time":"20190314211718","is_ascension_mode":true,"campfire_choices":[{"data":"Poisoned Stab","floor":6,"key":"SMITH"},{"floor":11,"key":"REST"},{"data":"Noxious Fumes","floor":15,"key":"SMITH"},{"floor":23,"key":"REST"},{"data":"Crippling Poison","floor":27,"key":"SMITH"},{"floor":29,"key":"REST"},{"floor":32,"key":"REST"},{"data":"Footwork","floor":41,"key":"SMITH"},{"floor":49,"key":"RECALL"},{"data":"Infinite Blades","floor":52,"key":"SMITH"}],"neow_cost":"NONE","seed_source_timestamp":1110409452858469,"circlet_count":0,"master_deck":["Defend_G","Defend_G","Defend_G","Defend_G","Defend_G","Strike_G","Strike_G","Survivor","Neutralize+1","Flying Knee","Poisoned Stab+1","Poisoned Stab","Noxious Fumes+1","Crippling Poison+1","Wraith Form v2","Footwork+1","Footwork+1","Flying Knee","Adrenaline","Footwork","Backflip","Blur","Backflip","Dash","Cloak And Dagger+1","Blur","Dodge and Roll","Dodge and Roll","Blur+1","Skewer","Poisoned Stab+1","Expertise","Quick Slash+1","Madness","Madness","Infinite Blades+1","Expertise","Quick Slash+1"],"relics":["Ring of the Snake","Happy Flower","Pocketwatch","Ornamental Fan","Odd Mushroom","MawBank","Runic Dome","Tiny Chest","Bottled Lightning","Sozu","The Specimen","Meat on the Bone","Kunai","Prayer Wheel","TwistedFunnel","Gremlin Horn"],"potions_floor_usage":[25,33,50,50],"damage_taken":[{"damage":0,"enemies":"Cultist","floor":1,"turns":5},{"damage":0,"enemies":"Small Slimes","floor":2,"turns":3},{"damage":4,"enemies":"2 Louse","floor":3,"turns":3},{"damage":22,"enemies":"3 Sentries","floor":7,"turns":11},{"damage":10,"enemies":"Exordium Thugs","floor":8,"turns":5},{"damage":0,"enemies":"Blue Slaver","floor":10,"turns":4},{"damage":9,"enemies":"The Mushroom Lair","floor":12,"turns":4},{"damage":9,"enemies":"Gremlin Nob","floor":13,"turns":4},{"damage":9,"enemies":"Hexaghost","floor":16,"turns":8},{"damage":1,"enemies":"Chosen","floor":18,"turns":4},{"damage":16,"enemies":"2 Thieves","floor":19,"turns":4},{"damage":3,"enemies":"Chosen and Byrds","floor":20,"turns":6},{"damage":4,"enemies":"Centurion and Healer","floor":21,"turns":6},{"damage":6,"enemies":"Cultist and Chosen","floor":22,"turns":6},{"damage":27,"enemies":"Slavers","floor":25,"turns":5},{"damage":0,"enemies":"Snecko","floor":30,"turns":6},{"damage":14,"enemies":"Chosen and Byrds","floor":31,"turns":5},{"damage":33,"enemies":"Collector","floor":33,"turns":11},{"damage":0,"enemies":"Orb Walker","floor":35,"turns":4},{"damage":0,"enemies":"3 Shapes","floor":37,"turns":3},{"damage":3,"enemies":"Spire Growth","floor":38,"turns":6},{"damage":0,"enemies":"Maw","floor":39,"turns":9},{"damage":18,"enemies":"Reptomancer","floor":40,"turns":9},{"damage":8,"enemies":"Giant Head","floor":44,"turns":11},{"damage":6,"enemies":"Jaw Worm Horde","floor":45,"turns":5},{"damage":0,"enemies":"Nemesis","floor":46,"turns":11},{"damage":0,"enemies":"Donu and Deca","floor":50,"turns":12},{"damage":15,"enemies":"Shield and Spear","floor":54,"turns":9},{"damage":63,"enemies":"The Heart","floor":55,"turns":5}],"seed_played":"-2045978502570562893","potions_obtained":[{"floor":1,"key":"Weak Potion"},{"floor":8,"key":"Strength Potion"},{"floor":13,"key":"Swift Potion"},{"floor":16,"key":"AttackPotion"},{"floor":21,"key":"Dexterity Potion"},{"floor":30,"key":"EssenceOfSteel"}],"is_trial":false,"path_per_floor":["M","M","M","?","?","R","E","M","T","M","R","?","E","$","R","B",null,"M","M","M","M","M","R","$","E","T","R","?","R","M","M","R","B",null,"M","$","M","M","M","E","R","?","T","E","M","E","?","$","R","B",null,"R","$","E","B"],"character_chosen":"THE_SILENT","items_purchased":["Footwork","Backflip","The Specimen","Blur","Dodge and Roll","TwistedFunnel","Infinite Blades","Expertise"],"campfire_rested":4,"item_purchase_floors":[24,24,36,36,36,48,48,48],"current_hp_per_floor":[70,70,66,59,59,59,37,27,27,27,48,39,30,30,30,21,70,69,53,50,46,40,61,61,34,34,34,21,43,43,29,51,18,75,75,75,75,72,72,54,54,54,54,46,40,40,31,31,31,43,75,75,75,60,0],"gold":56,"neow_bonus":"RANDOM_COMMON_RELIC","is_prod":false,"is_daily":false,"chose_seed":false,"campfire_upgraded":5,"win_rate":0,"timestamp":1552623438,"path_taken":["M","M","?","?","?","R","E","M","T","?","R","?","E","?","R","BOSS","M","M","M","M","M","R","$","E","T","R","?","R","M","M","R","BOSS","M","$","M","M","M","E","R","?","T","E","M","E","?","$","R","BOSS","R","$","E","BOSS"],"build_version":"2019-01-23","purchased_purges":2,"victory":false,"max_hp_per_floor":[70,70,70,70,70,70,70,70,70,70,70,70,70,70,70,70,70,70,70,70,70,70,70,70,70,70,70,75,75,75,75,75,75,75,75,75,75,75,75,75,75,75,75,75,75,75,75,75,75,75,75,75,75,75,75],"card_choices":[{"not_picked":["Dodge and Roll","Acrobatics"],"picked":"Flying Knee","floor":1},{"not_picked":["Prepared","Bane"],"picked":"Poisoned Stab","floor":2},{"not_picked":["A Thousand Cuts","Cloak And Dagger"],"picked":"Poisoned Stab","floor":3},{"not_picked":["Outmaneuver","Acrobatics"],"picked":"Noxious Fumes","floor":7},{"not_picked":["Outmaneuver","Bane","Deflect"],"picked":"SKIP","floor":8},{"not_picked":["Acrobatics","Bane","Masterful Stab"],"picked":"SKIP","floor":10},{"not_picked":["Eviscerate","Sucker Punch"],"picked":"Crippling Poison","floor":12},{"not_picked":["Prepared","Bullet Time","Eviscerate"],"picked":"SKIP","floor":13},{"not_picked":["Venomology","Doppelganger"],"picked":"Wraith Form v2","floor":16},{"not_picked":["Cloak And Dagger","Prepared+1"],"picked":"Footwork","floor":18},{"not_picked":["Cloak And Dagger","Distraction","Slice+1"],"picked":"SKIP","floor":19},{"not_picked":["Outmaneuver","Blur+1"],"picked":"Footwork+1","floor":20},{"not_picked":["Underhanded Strike","Blade Dance"],"picked":"Flying Knee","floor":21},{"not_picked":["Expertise","Sucker Punch+1"],"picked":"Adrenaline","floor":22},{"not_picked":["Poisoned Stab","Bane+1"],"picked":"Blur","floor":25},{"not_picked":["Masterful Stab","Phantasmal Killer"],"picked":"Backflip","floor":30},{"not_picked":["Deflect+1","Cloak And Dagger"],"picked":"Dash","floor":31},{"not_picked":["Corpse Explosion","Glass Knife"],"picked":"Wraith Form v2","floor":33},{"not_picked":["Dodge and Roll","Expertise+1"],"picked":"Cloak And Dagger+1","floor":35},{"not_picked":["Dagger Throw+1","Predator+1"],"picked":"Dodge and Roll","floor":37},{"not_picked":["Cloak And Dagger+1","Skewer+1"],"picked":"Blur+1","floor":38},{"not_picked":["Flying Knee+1","Underhanded Strike+1"],"picked":"Skewer","floor":39},{"not_picked":["Bane+1","Masterful Stab","Reflex+1"],"picked":"SKIP","floor":40},{"not_picked":["Wraith Form v2","Storm of Steel"],"picked":"Poisoned Stab+1","floor":44},{"not_picked":["PiercingWail+1","Flying Knee"],"picked":"Expertise","floor":45},{"not_picked":["Doppelganger","Underhanded Strike"],"picked":"Quick Slash+1","floor":46},{"not_picked":["Outmaneuver","Reflex+1"],"picked":"Quick Slash+1","floor":54}],"player_experience":26859,"relics_obtained":[{"floor":7,"key":"Pocketwatch"},{"floor":9,"key":"Ornamental Fan"},{"floor":12,"key":"Odd Mushroom"},{"floor":13,"key":"MawBank"},{"floor":25,"key":"Tiny Chest"},{"floor":26,"key":"Bottled Lightning"},{"floor":40,"key":"Meat on the Bone"},{"floor":44,"key":"Kunai"},{"floor":46,"key":"Prayer Wheel"},{"floor":54,"key":"Gremlin Horn"}],"event_choices":[{"cards_removed":["Strike_G"],"damage_healed":0,"gold_gain":0,"player_choice":"Card Removal","damage_taken":7,"max_hp_gain":0,"max_hp_loss":0,"event_name":"Golden Wing","floor":4,"gold_loss":0},{"damage_healed":0,"gold_gain":0,"player_choice":"Upgraded","damage_taken":0,"max_hp_gain":0,"max_hp_loss":0,"event_name":"Upgrade Shrine","floor":5,"gold_loss":0,"cards_upgraded":["Neutralize"]},{"damage_healed":0,"gold_gain":0,"player_choice":"Fought Mushrooms","damage_taken":0,"max_hp_gain":0,"max_hp_loss":0,"event_name":"Mushrooms","floor":12,"gold_loss":0},{"damage_healed":0,"gold_gain":0,"player_choice":"Shed Blood","damage_taken":18,"max_hp_gain":5,"max_hp_loss":0,"event_name":"Forgotten Altar","floor":28,"gold_loss":0},{"cards_removed":["Wraith Form v2"],"damage_healed":0,"gold_gain":0,"player_choice":"Removed Power","damage_taken":0,"max_hp_gain":0,"max_hp_loss":0,"event_name":"Falling","floor":42,"gold_loss":0},{"damage_healed":0,"gold_gain":0,"player_choice":"Embrace Madness","damage_taken":9,"max_hp_gain":0,"max_hp_loss":0,"event_name":"Winding Halls","floor":47,"gold_loss":0,"cards_obtained":["Madness","Madness"]}],"is_beta":false,"boss_relics":[{"not_picked":["Ectoplasm","Coffee Dripper"],"picked":"Runic Dome"},{"not_picked":["White Beast Statue","Cursed Key"],"picked":"Sozu"}],"items_purged_floors":[24,36],"is_endless":false,"potions_floor_spawned":[1,8,13,16,20,21,30,39,40,44,45],"killed_by":"The Heart","ascension_level":2}