{"gold_per_floor":[10,10,27,42,60,60,85,96,174,174,174,174,190,207,207,312,312,326,336,336,351,362,362,382,382,409,409,47,62,62,62,62,162,162,177,193,193,208,208,208,237,252,252,252,266,295,295,310,310,310,310,310,44,44],"floor_reached":54,"playtime":2364,"items_purged":["Strike_R","Strike_R"],"score":702,"play_id":"47849059-f61f-48c3-8025-5ec332ca21dc","local_time":"20190209210550","is_ascension_mode":false,"campfire_choices":[{"data":"Searing Blow","floor":6,"key":"SMITH"},{"data":"Searing Blow+1","floor":10,"key":"SMITH"},{"data":"Armaments","floor":15,"key":"SMITH"},{"data":"Searing Blow+2","floor":23,"key":"SMITH"},{"data":"Searing Blow+3","floor":25,"key":"SMITH"},{"data":"Searing Blow+4","floor":27,"key":"SMITH"},{"data":"Searing Blow+5","floor":30,"key":"SMITH"},{"data":"Searing Blow+6","floor":32,"key":"SMITH"},{"floor":40,"key":"RECALL"},{"floor":44,"key":"REST"},{"floor":49,"key":"REST"},{"data":"Searing Blow+7","floor":52,"key":"SMITH"}],"neow_cost":"NO_GOLD","seed_source_timestamp":97982775087980,"circlet_count":0,"master_deck":["Defend_R","Defend_R","Defend_R","Defend_R","Bash","Disarm","Thunderclap","Searing Blow+8","Headbutt","Metallicize","Armaments+1","Impervious","True Grit","Thunderclap+1","Feed","Clash","Metallicize","Headbutt","Demon Form","Clash+1","Iron Wave+1","Twin Strike","Flame Barrier","Armaments+1","Shrug It Off","Parasite","Uppercut+1","Flame Barrier"],"relics":["Burning Blood","Du-Vu Doll","Gremlin Horn","Kunai","Sozu","Lantern","Bag of Marbles","Art of War","Lizard Tail","Ginger","Smiling Mask","Spirit Poop","Pen Nib"],"potions_floor_usage":[5,16,16,33],"damage_taken":[{"damage":7,"enemies":"Small Slimes","floor":1,"turns":3},{"damage":2,"enemies":"Cultist","floor":3,"turns":4},{"damage":6,"enemies":"Jaw Worm","floor":4,"turns":4},{"damage":0,"enemies":"Lots of Slimes","floor":5,"turns":1},{"damage":31,"enemies":"Lagavulin","floor":7,"turns":5},{"damage":0,"enemies":"Exordium Wildlife","floor":8,"turns":2},{"damage":13,"enemies":"Large Slime","floor":13,"turns":4},{"damage":13,"enemies":"3 Louse","floor":14,"turns":2},{"damage":7,"enemies":"Hexaghost","floor":16,"turns":11},{"damage":15,"enemies":"Shell Parasite","floor":18,"turns":5},{"damage":13,"enemies":"3 Byrds","floor":19,"turns":5},{"damage":17,"enemies":"Sentry and Sphere","floor":21,"turns":8},{"damage":24,"enemies":"Snecko","floor":22,"turns":6},{"damage":5,"enemies":"Centurion and Healer","floor":24,"turns":7},{"damage":0,"enemies":"Shelled Parasite and Fungi","floor":29,"turns":2},{"damage":36,"enemies":"Collector","floor":33,"turns":10},{"damage":7,"enemies":"3 Shapes","floor":35,"turns":5},{"damage":7,"enemies":"3 Darklings","floor":36,"turns":3},{"damage":5,"enemies":"4 Shapes","floor":38,"turns":3},{"damage":48,"enemies":"Giant Head","floor":41,"turns":9},{"damage":49,"enemies":"Transient","floor":42,"turns":5},{"damage":36,"enemies":"Maw","floor":45,"turns":6},{"damage":27,"enemies":"Reptomancer","floor":46,"turns":8},{"damage":3,"enemies":"Writhing Mass","floor":48,"turns":6},{"damage":44,"enemies":"Time Eater","floor":50,"turns":13},{"damage":96,"enemies":"Shield and Spear","floor":54,"turns":6}],"seed_played":"-7937073432578190292","potions_obtained":[{"floor":1,"key":"Swift Potion"},{"floor":3,"key":"AttackPotion"},{"floor":8,"key":"Dexterity Potion"},{"floor":14,"key":"SkillPotion"},{"floor":16,"key":"SteroidPotion"}],"is_trial":false,"path_per_floor":["M","?","M","M","M","R","E","M","T","R","$","?","M","M","R","B",null,"M","M","?","M","M","R","M","R","T","R","$","M","R","?","R","B",null,"M","M","?","M","?","R","E","M","T","R","M","E","?","M","R","B",null,"R","$","E"],"character_chosen":"IRONCLAD","items_purchased":["Bag of Marbles","Art of War","Flame Barrier","Pen Nib"],"campfire_rested":2,"item_purchase_floors":[28,28,53,53],"current_hp_per_floor":[79,80,80,80,80,80,55,61,61,61,61,61,54,47,47,46,80,71,64,64,56,38,38,43,43,43,43,43,52,52,52,52,22,90,89,92,92,93,93,93,51,8,8,36,53,32,32,35,63,25,94,94,94,0],"gold":44,"neow_bonus":"ONE_RARE_RELIC","is_prod":false,"is_daily":false,"chose_seed":false,"campfire_upgraded":9,"win_rate":0,"timestamp":1549775150,"path_taken":["M","?","?","M","?","R","E","M","T","R","?","?","?","M","R","BOSS","M","M","?","M","M","R","M","R","T","R","$","M","R","?","R","BOSS","M","M","?","M","?","R","E","?","T","R","M","E","?","M","R","BOSS","R","$","E"],"build_version":"2019-01-23","purchased_purges":2,"victory":false,"max_hp_per_floor":[80,80,80,80,80,80,80,80,80,80,80,80,80,80,80,80,80,80,80,80,83,83,83,87,87,87,87,87,90,90,90,90,90,90,90,94,94,94,94,94,94,94,94,94,94,94,94,94,94,94,94,94,94,94],"card_choices":[{"not_picked":["Sentinel","Clash"],"picked":"Disarm","floor":1},{"not_picked":["Fire Breathing","Seeing Red"],"picked":"Spot Weakness","floor":3},{"not_picked":["Havoc","Anger"],"picked":"Thunderclap","floor":4},{"not_picked":["True Grit","Twin Strike"],"picked":"Searing Blow","floor":5},{"not_picked":["Disarm","Evolve"],"picked":"Headbutt","floor":7},{"not_picked":["Anger","True Grit","Body Slam"],"picked":"SKIP","floor":8},{"not_picked":["Heavy Blade","Shrug It Off"],"picked":"Metallicize","floor":13},{"not_picked":["Demon Form","Shrug It Off"],"picked":"Armaments","floor":14},{"not_picked":["Juggernaut","Exhume"],"picked":"Impervious","floor":16},{"not_picked":["Blood for Blood","Seeing Red"],"picked":"True Grit","floor":18},{"not_picked":["Heavy Blade","Whirlwind"],"picked":"Thunderclap+1","floor":19},{"not_picked":["Warcry","Heavy Blade"],"picked":"Metallicize","floor":21},{"not_picked":["Twin Strike","Second Wind","Heavy Blade+1"],"picked":"SKIP","floor":22},{"not_picked":["Sword Boomerang","Perfected Strike"],"picked":"Headbutt","floor":24},{"not_picked":["Havoc+1","Body Slam","Heavy Blade"],"picked":"SKIP","floor":29},{"not_picked":["Brutality","Double Tap"],"picked":"Demon Form","floor":33},{"not_picked":["Anger","Perfected Strike+1"],"picked":"Clash+1","floor":35},{"not_picked":["Wild Strike+1","Rampage"],"picked":"Iron Wave+1","floor":36},{"not_picked":["Shrug It Off","Sword Boomerang","Body Slam+1"],"picked":"SKIP","floor":38},{"not_picked":["Anger","Exhume"],"picked":"Flame Barrier","floor":41},{"not_picked":["Feel No Pain","Twin Strike"],"picked":"Armaments+1","floor":42},{"not_picked":["Whirlwind+1","Body Slam"],"picked":"Shrug It Off","floor":45},{"not_picked":["Clothesline","Infernal Blade+1","Power Through"],"picked":"SKIP","floor":46},{"not_picked":["Bloodletting+1","Combust+1"],"picked":"Uppercut+1","floor":48}],"player_experience":417321,"relics_obtained":[{"floor":7,"key":"Gremlin Horn"},{"floor":9,"key":"Kunai"},{"floor":26,"key":"Lantern"},{"floor":41,"key":"Ginger"},{"floor":46,"key":"Smiling Mask"}],"event_choices":[{"damage_healed":1,"gold_gain":0,"player_choice":"Full Heal","damage_taken":0,"max_hp_gain":0,"max_hp_loss":0,"event_name":"Wheel of Change","floor":2,"gold_loss":0},{"damage_healed":0,"gold_gain":0,"player_choice":"Bought 0 Potions","damage_taken":0,"max_hp_gain":0,"max_hp_loss":0,"event_name":"The Woman in Blue","floor":12,"gold_loss":0},{"damage_healed":0,"gold_gain":0,"cards_transformed":["Strike_R","Strike_R"],"player_choice":"Became Test Subject","damage_taken":0,"max_hp_gain":0,"max_hp_loss":0,"event_name":"Drug Dealer","floor":20,"gold_loss":0,"cards_obtained":["Feed","Clash"]},{"damage_healed":0,"gold_gain":0,"player_choice":"Smashed Altar","damage_taken":0,"max_hp_gain":0,"max_hp_loss":0,"event_name":"Forgotten Altar","floor":31,"gold_loss":0,"cards_obtained":["Decay"]},{"cards_removed":["Spot Weakness"],"damage_healed":0,"gold_gain":0,"player_choice":"Removed Skill","damage_taken":0,"max_hp_gain":0,"max_hp_loss":0,"event_name":"Falling","floor":37,"gold_loss":0},{"damage_healed":0,"gold_gain":0,"cards_transformed":["Strike_R"],"player_choice":"Transformed","damage_taken":0,"max_hp_gain":0,"max_hp_loss":0,"event_name":"Transmorgrifier","floor":39,"gold_loss":0,"cards_obtained":["Twin Strike"]},{"cards_removed":["Decay"],"damage_healed":0,"gold_gain":0,"player_choice":"Offered Curse","damage_taken":0,"relics_obtained":["Spirit Poop"],"max_hp_gain":0,"max_hp_loss":0,"event_name":"Bonfire Elementals","floor":47,"gold_loss":0}],"is_beta":false,"boss_relics":[{"not_picked":["Snecko Eye","Runic Cube"],"picked":"Sozu"},{"not_picked":["White Beast Statue","Philosopher\u0027s Stone"],"picked":"Lizard Tail"}],"items_purged_floors":[28,53],"is_endless":false,"potions_floor_spawned":[1,3,8,14,16,22,29,33,36,46,48],"killed_by":"Shield and Spear","ascension_level":0}