{"gold_per_floor":[115,125,145,156,174,174,199,199,199,199,62,97,97,109,109,204,204,224,241,241,256,270,305,68,121,190,202,202,202],"floor_reached":29,"playtime":2913,"items_purged":[],"score":352,"play_id":"521ba347-7658-4db5-9ed5-40eaf9b5d885","local_time":"20190405161916","is_ascension_mode":false,"campfire_choices":[{"data":"Armaments","floor":6,"key":"SMITH"},{"data":"Armaments","floor":8,"key":"SMITH"},{"data":"Power Through","floor":10,"key":"SMITH"},{"data":"Offering","floor":13,"key":"SMITH"},{"data":"Iron Wave","floor":15,"key":"SMITH"},{"data":"Disarm","floor":28,"key":"SMITH"}],"neow_cost":"NONE","seed_source_timestamp":1231691266380300,"circlet_count":0,"master_deck":["Strike_R","Strike_R","Strike_R","Strike_R","Strike_R","Defend_R","Defend_R","Defend_R","Defend_R","Bash","Iron Wave","Armaments+1","Iron Wave+1","Body Slam","Power Through+1","Armaments+1","Impervious","Offering+1","Thunderclap","Reaper","Iron Wave+1","Berserk","Anger+1","Shrug It Off","Shrug It Off","HandOfGreed+1","Berserk","Disarm+1","Disarm"],"relics":["Burning Blood","Blood Vial","Bag of Preparation","Strawberry","Coffee Dripper","Molten Egg 2","Centennial Puzzle","Incense Burner","Self Forming Clay"],"potions_floor_usage":[12,16,23,25,25,29],"damage_taken":[{"damage":1,"enemies":"Cultist","floor":1,"turns":3},{"damage":7,"enemies":"2 Louse","floor":2,"turns":4},{"damage":2,"enemies":"Jaw Worm","floor":3,"turns":6},{"damage":19,"enemies":"Lots of Slimes","floor":4,"turns":7},{"damage":4,"enemies":"Blue Slaver","floor":5,"turns":4},{"damage":34,"enemies":"3 Sentries","floor":7,"turns":12},{"damage":0,"enemies":"Lagavulin","floor":12,"turns":5},{"damage":6,"enemies":"2 Fungi Beasts","floor":14,"turns":2},{"damage":62,"enemies":"Hexaghost","floor":16,"turns":11},{"damage":6,"enemies":"Spheric Guardian","floor":18,"turns":3},{"damage":6,"enemies":"Chosen","floor":19,"turns":3},{"damage":22,"enemies":"Centurion and Healer","floor":21,"turns":5},{"damage":41,"enemies":"Shelled Parasite and Fungi","floor":22,"turns":6},{"damage":53,"enemies":"Gremlin Leader","floor":23,"turns":7},{"damage":31,"enemies":"Slavers","floor":25,"turns":7},{"damage":30,"enemies":"Sentry and Sphere","floor":27,"turns":4},{"damage":6,"enemies":"Centurion and Healer","floor":29,"turns":4}],"seed_played":"-5391521779989577337","potions_obtained":[{"floor":2,"key":"Swift Potion"},{"floor":4,"key":"PowerPotion"},{"floor":7,"key":"Ancient Potion"},{"floor":12,"key":"SpeedPotion"},{"floor":16,"key":"Swift Potion"},{"floor":23,"key":"Regen Potion"},{"floor":27,"key":"GamblersBrew"}],"is_trial":false,"path_per_floor":["M","M","M","M","M","R","E","R","T","R","$","E","R","M","R","B",null,"M","M","?","M","M","E","$","E","T","M","R","M"],"character_chosen":"IRONCLAD","items_purchased":["Impervious","HandOfGreed+1","Berserk"],"campfire_rested":0,"item_purchase_floors":[11,24,24],"current_hp_per_floor":[88,87,88,75,77,77,49,49,49,49,49,64,64,66,66,12,95,95,95,95,79,58,30,30,28,28,11,11,11],"gold":202,"neow_bonus":"TEN_PERCENT_HP_BONUS","is_prod":false,"is_daily":false,"chose_seed":false,"campfire_upgraded":6,"win_rate":0.0,"timestamp":1554473956,"path_taken":["M","M","M","?","M","R","E","R","T","R","$","E","R","?","R","BOSS","M","M","?","M","M","E","$","E","T","?","R","M"],"build_version":"2019-01-23","purchased_purges":0,"victory":false,"max_hp_per_floor":[88,88,88,88,88,88,88,88,88,88,88,95,95,95,95,95,95,95,95,95,95,95,95,95,95,95,95,95,95],"card_choices":[{"not_picked":["Clothesline","Heavy Blade"],"picked":"Iron Wave","floor":1},{"not_picked":["Body Slam","True Grit"],"picked":"Armaments","floor":2},{"not_picked":["Searing Blow","Flex"],"picked":"Iron Wave","floor":3},{"not_picked":["Searing Blow","Clash"],"picked":"Body Slam","floor":4},{"not_picked":["Twin Strike","Body Slam"],"picked":"Power Through","floor":5},{"not_picked":["Heavy Blade","Pommel Strike"],"picked":"Armaments","floor":7},{"not_picked":["True Grit","Demon Form"],"picked":"Offering","floor":12},{"not_picked":["Flex","Perfected Strike"],"picked":"Thunderclap","floor":14},{"not_picked":["Brutality","Offering"],"picked":"Reaper","floor":16},{"not_picked":["Clothesline+1","Thunderclap+1"],"picked":"Iron Wave+1","floor":18},{"not_picked":["Heavy Blade+1","Searing Blow"],"picked":"Berserk","floor":19},{"not_picked":["Rupture","Clothesline+1"],"picked":"Anger+1","floor":21},{"not_picked":["Anger+1","Cleave+1"],"picked":"Shrug It Off","floor":22},{"not_picked":["Reckless Charge+1","Warcry"],"picked":"Shrug It Off","floor":23},{"not_picked":["Cleave+1","Perfected Strike+1"],"picked":"Disarm","floor":25},{"not_picked":["Perfected Strike+1","Armaments"],"picked":"Disarm","floor":27}],"player_experience":93017,"relics_obtained":[{"floor":7,"key":"Blood Vial"},{"floor":9,"key":"Bag of Preparation"},{"floor":12,"key":"Strawberry"},{"floor":20,"key":"Molten Egg 2"},{"floor":23,"key":"Centennial Puzzle"},{"floor":25,"key":"Incense Burner"},{"floor":26,"key":"Self Forming Clay"}],"event_choices":[{"damage_healed":0,"gold_gain":0,"player_choice":"Relic","damage_taken":0,"max_hp_gain":0,"max_hp_loss":0,"event_name":"Wheel of Change","floor":20,"gold_loss":0}],"is_beta":false,"boss_relics":[{"not_picked":["Ectoplasm","Busted Crown"],"picked":"Coffee Dripper"}],"items_purged_floors":[],"is_endless":false,"potions_floor_spawned":[2,4,7,12,16,21,22,23,27],"killed_by":"Centurion and Healer","ascension_level":0}