{"gold_per_floor":[109,109,126,126,142,142,142,167,202,243,255,267,304,316,328,439,451,473,365,384,396,416,416,416,97,169,199,199,230,230,263,263,361,361,372,391,391,38,48,48,76,76,101,101,126,26,26,60,60,60],"floor_reached":51,"playtime":1814,"items_purged":["Glacier","All For One"],"score":1005,"play_id":"9a06b1bb-23de-44c0-addf-3102b8e9cbf3","local_time":"20181201100128","daily_mods":["SealedDeck","Vintage","Heirloom","Time Dilation","Flight","Elite Swarm"],"is_ascension_mode":false,"campfire_choices":[{"data":"Gash","floor":6,"key":"SMITH"},{"data":"Gash","floor":7,"key":"SMITH"},{"data":"Thunder Strike","floor":11,"key":"SMITH"},{"floor":15,"key":"REST"},{"floor":23,"key":"REST"},{"floor":24,"key":"REST"},{"data":"Gash","floor":30,"key":"SMITH"},{"floor":32,"key":"REST"},{"floor":40,"key":"REST"},{"data":"1","floor":42,"key":"LIFT"},{"data":"2","floor":44,"key":"LIFT"},{"data":"3","floor":47,"key":"LIFT"},{"data":"Beam Cell","floor":49,"key":"SMITH"}],"neow_cost":"","seed_source_timestamp":0,"circlet_count":0,"master_deck":["White Noise","Ball Lightning","Ball Lightning","Ball Lightning","Gash+1","Gash+1","Gash+1","Thunder Strike+1","Beam Cell+1","Go for the Eyes+1","Echo Form+1","All For One+1"],"relics":["Cracked Core","Calipers","Boot","Sundial","Juzu Bracelet","MawBank","DataDisk","Art of War","Bronze Scales","Empty Cage","Lantern","Bag of Preparation","Peace Pipe","Dream Catcher","PreservedInsect","Meat on the Bone","Molten Egg 2","Potion Belt","Ancient Tea Set","Philosopher\u0027s Stone","Unceasing Top","Darkstone Periapt","Lee\u0027s Waffle","Orichalcum","Question Card","Girya","Anchor","Shuriken","Strawberry"],"potions_floor_usage":[3,10,22,31,36],"damage_taken":[{"damage":0,"enemies":"2 Louse","floor":1,"turns":2},{"damage":0,"enemies":"Small Slimes","floor":3,"turns":1},{"damage":0,"enemies":"Cultist","floor":5,"turns":2},{"damage":18,"enemies":"Lagavulin","floor":8,"turns":3},{"damage":5,"enemies":"Gremlin Nob","floor":10,"turns":3},{"damage":18,"enemies":"Lagavulin","floor":13,"turns":3},{"damage":0,"enemies":"Slime Boss","floor":16,"turns":4},{"damage":8,"enemies":"3 Byrds","floor":18,"turns":2},{"damage":10,"enemies":"Chosen","floor":20,"turns":2},{"damage":20,"enemies":"Centurion and Healer","floor":21,"turns":2},{"damage":10,"enemies":"Shelled Parasite and Fungi","floor":22,"turns":2},{"damage":7,"enemies":"Slavers","floor":27,"turns":2},{"damage":8,"enemies":"Book of Stabbing","floor":29,"turns":1},{"damage":0,"enemies":"Slavers","floor":31,"turns":1},{"damage":34,"enemies":"Automaton","floor":33,"turns":5},{"damage":18,"enemies":"3 Darklings","floor":35,"turns":3},{"damage":22,"enemies":"3 Shapes","floor":36,"turns":3},{"damage":45,"enemies":"Sphere and 2 Shapes","floor":39,"turns":3},{"damage":0,"enemies":"Reptomancer","floor":41,"turns":2},{"damage":0,"enemies":"Giant Head","floor":45,"turns":2},{"damage":0,"enemies":"Nemesis","floor":48,"turns":1},{"damage":29,"enemies":"Time Eater","floor":50,"turns":3}],"seed_played":"8382068881041208792","potions_obtained":[{"floor":1,"key":"Explosive Potion"},{"floor":5,"key":"GamblersBrew"},{"floor":8,"key":"SkillPotion"},{"floor":18,"key":"GamblersBrew"},{"floor":20,"key":"Poison Potion"},{"floor":31,"key":"SpeedPotion"},{"floor":35,"key":"Ancient Potion"},{"floor":41,"key":"Explosive Potion"}],"is_trial":true,"path_per_floor":["M","$","M","$","M","R","R","E","T","E","R","$","E","?","R","B",null,"M","$","M","M","M","R","R","$","T","E","?","E","R","E","R","B",null,"M","M","?","$","M","R","E","R","T","R","E","$","R","E","R","B",null],"character_chosen":"DEFECT","items_purchased":["Beam Cell","All For One","PreservedInsect","Lee\u0027s Waffle","Orichalcum"],"campfire_rested":5,"item_purchase_floors":[19,25,25,38,38],"current_hp_per_floor":[75,75,75,75,75,75,75,57,57,52,52,52,34,34,56,56,75,67,67,57,37,27,49,71,71,71,64,64,56,56,56,75,41,75,57,47,47,82,49,73,73,73,73,73,73,73,73,80,80,51],"gold":60,"neow_bonus":"","is_prod":false,"is_daily":false,"chose_seed":false,"campfire_upgraded":5,"win_rate":0,"timestamp":1543654888,"path_taken":["M","$","M","$","M","R","R","E","T","E","R","$","E","?","R","BOSS","M","$","M","M","M","R","R","$","T","E","?","E","R","E","R","BOSS","M","M","?","$","M","R","E","R","T","R","E","$","R","E","R","BOSS"],"build_version":"2018-11-15","purchased_purges":2,"victory":true,"max_hp_per_floor":[75,75,75,75,75,75,75,75,75,75,75,75,75,75,75,75,75,75,75,75,75,75,75,75,75,75,75,75,75,75,75,75,75,75,75,75,75,82,82,82,82,82,82,82,82,82,82,89,89,89],"card_choices":[{"not_picked":["Creative AI","Seek","Hyperbeam"],"picked":"SKIP","floor":8},{"not_picked":["Fission","Electrodynamics"],"picked":"Thunder Strike","floor":10},{"not_picked":["Hyperbeam","Multi-Cast","Rainbow"],"picked":"SKIP","floor":13},{"not_picked":["Blizzard","Beam Cell"],"picked":"Go for the Eyes+1","floor":24},{"not_picked":["Fission","Meteor Strike"],"picked":"Echo Form","floor":27},{"not_picked":["Electrodynamics","Core Surge+1","Meteor Strike+1"],"picked":"SKIP","floor":29},{"not_picked":["Multi-Cast","Biased Cognition","Core Surge+1"],"picked":"SKIP","floor":31},{"not_picked":["Machine Learning","Electrodynamics","Echo Form"],"picked":"All For One+1","floor":41},{"not_picked":["Multi-Cast","Hyperbeam+1","Thunder Strike+1","All For One+1"],"picked":"SKIP","floor":45},{"not_picked":["Electrodynamics","Creative AI","Biased Cognition","Multi-Cast"],"picked":"SKIP","floor":48}],"player_experience":305159,"relics_obtained":[{"floor":1,"key":"Boot"},{"floor":3,"key":"Sundial"},{"floor":5,"key":"Juzu Bracelet"},{"floor":8,"key":"MawBank"},{"floor":9,"key":"DataDisk"},{"floor":10,"key":"Art of War"},{"floor":13,"key":"Bronze Scales"},{"floor":18,"key":"Lantern"},{"floor":20,"key":"Bag of Preparation"},{"floor":21,"key":"Peace Pipe"},{"floor":22,"key":"Dream Catcher"},{"floor":26,"key":"Meat on the Bone"},{"floor":27,"key":"Molten Egg 2"},{"floor":29,"key":"Potion Belt"},{"floor":31,"key":"Ancient Tea Set"},{"floor":35,"key":"Unceasing Top"},{"floor":36,"key":"Darkstone Periapt"},{"floor":39,"key":"Question Card"},{"floor":41,"key":"Girya"},{"floor":43,"key":"Anchor"},{"floor":45,"key":"Shuriken"},{"floor":48,"key":"Strawberry"}],"event_choices":[{"damage_healed":0,"gold_gain":0,"player_choice":"Ignored","damage_taken":0,"max_hp_gain":0,"max_hp_loss":0,"event_name":"Liars Game","floor":14,"gold_loss":0},{"damage_healed":0,"gold_gain":0,"player_choice":"Ignored","damage_taken":0,"max_hp_gain":0,"max_hp_loss":0,"event_name":"Vampires","floor":28,"gold_loss":0},{"damage_healed":0,"gold_gain":0,"player_choice":"Forge","damage_taken":0,"max_hp_gain":0,"max_hp_loss":0,"event_name":"Accursed Blacksmith","floor":37,"gold_loss":0,"cards_upgraded":["Echo Form"]}],"is_beta":false,"boss_relics":[{"not_picked":["Calling Bell","Velvet Choker"],"picked":"Empty Cage"},{"not_picked":["Astrolabe","Runic Dome"],"picked":"Philosopher\u0027s Stone"}],"items_purged_floors":[19,46],"is_endless":false,"potions_floor_spawned":[1,5,8,18,20,31,35,41],"ascension_level":0}