{"gold_per_floor":[119,119,119,133,151,151,183,183,183,202,202,229,249,249,249,350,350,364,378,4,4,23,23,35,1,25,60,71,90,108,108],"floor_reached":31,"playtime":3022,"items_purged":["Defend_B"],"score":300,"play_id":"72f80ba3-a9c2-442f-8a50-91db221dba2c","local_time":"20190326224204","is_ascension_mode":true,"campfire_choices":[{"floor":6.0,"key":"REST"},{"data":"Lockon","floor":8.0,"key":"SMITH"},{"floor":11.0,"key":"REST"},{"floor":15.0,"key":"REST"},{"floor":23.0,"key":"REST"}],"neow_cost":"PERCENT_DAMAGE","seed_source_timestamp":0,"circlet_count":0,"master_deck":["Strike_B","Strike_B","Strike_B+1","Strike_B","Defend_B","Defend_B","Defend_B","Zap+1","Dualcast","Jack Of All Trades+1","Chrysalis","Rebound","Hologram","Undo","Lockon+1","Capacitor","Leap","Conserve Battery","Buffer","Conserve Battery+1","Redo+1","Melter","Panacea","Rebound+1","Chill","BootSequence","Normality","Redo+1","Reinforced Body","Rip and Tear"],"special_seed":0,"relics":["Cracked Core","Darkstone Periapt","Meat on the Bone","Symbiotic Virus","Cursed Key","Membership Card","Sundial","Boot","Frozen Egg 2"],"potions_floor_usage":[],"damage_taken":[{"damage":7.0,"enemies":"Small Slimes","floor":1.0,"turns":3.0},{"damage":0.0,"enemies":"Jaw Worm","floor":4.0,"turns":3.0},{"damage":0.0,"enemies":"Cultist","floor":5.0,"turns":3.0},{"damage":13.0,"enemies":"Lots of Slimes","floor":7.0,"turns":3.0},{"damage":9.0,"enemies":"Exordium Wildlife","floor":10.0,"turns":3.0},{"damage":34.0,"enemies":"Gremlin Nob","floor":12.0,"turns":5.0},{"damage":3.0,"enemies":"Looter","floor":13.0,"turns":2.0},{"damage":48.0,"enemies":"Slime Boss","floor":16.0,"turns":16.0},{"damage":4.0,"enemies":"Chosen","floor":18.0,"turns":6.0},{"damage":25.0,"enemies":"3 Byrds","floor":19.0,"turns":4.0},{"damage":25.0,"enemies":"Snecko","floor":22.0,"turns":6.0},{"damage":11.0,"enemies":"Sentry and Sphere","floor":24.0,"turns":4.0},{"damage":44.0,"enemies":"Book of Stabbing","floor":27.0,"turns":4.0},{"damage":14.0,"enemies":"Centurion and Healer","floor":28.0,"turns":7.0},{"damage":0.0,"enemies":"Shelled Parasite and Fungi","floor":29.0,"turns":4.0},{"damage":22,"enemies":"Snecko","floor":30,"turns":5},{"damage":19,"enemies":"3 Cultists","floor":31,"turns":4}],"seed_played":"-8235168134295713093","potions_obtained":[{"floor":10.0,"key":"GamblersBrew"},{"floor":12.0,"key":"Swift Potion"},{"floor":13.0,"key":"Weak Potion"},{"floor":16.0,"key":"Poison Potion"},{"floor":18.0,"key":"Explosive Potion"},{"floor":22.0,"key":"PowerPotion"},{"floor":27.0,"key":"GamblersBrew"}],"is_trial":false,"path_per_floor":["M","?","?","M","M","R","M","R","T","M","R","E","M","T","R","B",null,"M","M","$","?","M","R","M","$","T","E","M","M","M","M"],"character_chosen":"DEFECT","items_purchased":["Membership Card","Melter","Panacea","Block Potion","Regen Potion","BootSequence"],"campfire_rested":4,"item_purchase_floors":[20,20,20,20,20,25],"current_hp_per_floor":[47,32,32,32,32,54,41,41,41,32,54,20,29,29,51,15,75,71,46,46,46,33,55,44,44,50,18,16,28,18,0],"gold":108,"neow_bonus":"RANDOM_COLORLESS_2","is_prod":false,"is_daily":false,"chose_seed":false,"campfire_upgraded":1,"win_rate":0,"timestamp":1553607724,"path_taken":["M","?","?","?","M","R","?","R","T","M","R","E","M","?","R","BOSS","M","M","$","?","M","R","M","$","T","E","?","M","M","M"],"build_version":"2019-01-23","purchased_purges":1,"victory":false,"max_hp_per_floor":[75,75,75,75,75,75,75,75,75,75,75,75,75,75,75,75,75,75,75,75,75,75,75,75,75,81,81,81,81,81,81],"card_choices":[{"not_picked":["Loop","Steam"],"picked":"Rebound","floor":1.0},{"not_picked":["Steam Power","Darkness"],"picked":"Hologram","floor":4.0},{"not_picked":["Turbo","Gash"],"picked":"Undo","floor":5.0},{"not_picked":["Cold Snap","Coolheaded"],"picked":"Lockon","floor":7.0},{"not_picked":["Gash","Beam Cell"],"picked":"Capacitor","floor":10.0},{"not_picked":["Compile Driver","Buffer"],"picked":"Leap","floor":12.0},{"not_picked":["Stack","Barrage"],"picked":"Conserve Battery","floor":13.0},{"not_picked":["Amplify","Reboot"],"picked":"Buffer","floor":16.0},{"not_picked":["Beam Cell","Recycle+1"],"picked":"Conserve Battery+1","floor":18.0},{"not_picked":["Self Repair","Beam Cell"],"picked":"Redo+1","floor":19.0},{"not_picked":["Skim","Melter"],"picked":"Rebound+1","floor":22.0},{"not_picked":["Cold Snap","Buffer"],"picked":"Chill","floor":24.0},{"not_picked":["Genetic Algorithm","Meteor Strike"],"picked":"Redo+1","floor":27.0},{"not_picked":["Tempest","Genetic Algorithm+1"],"picked":"Reinforced Body","floor":28.0},{"not_picked":["Sweeping Beam","Gash+1"],"picked":"Rip and Tear","floor":29},{"not_picked":["Capacitor+1","Sweeping Beam","Gash"],"picked":"SKIP","floor":30}],"player_experience":169513,"relics_obtained":[{"floor":9.0,"key":"Darkstone Periapt"},{"floor":12.0,"key":"Meat on the Bone"},{"floor":14.0,"key":"Symbiotic Virus"},{"floor":26.0,"key":"Boot"},{"floor":27.0,"key":"Frozen Egg 2"}],"event_choices":[{"damage_healed":0.0,"max_hp_gain":0.0,"max_hp_loss":0.0,"gold_gain":0.0,"event_name":"Shining Light","player_choice":"Entered Light","floor":2.0,"gold_loss":0.0,"damage_taken":15.0,"cards_upgraded":["Strike_B","Jack Of All Trades"]},{"damage_healed":0.0,"max_hp_gain":0.0,"max_hp_loss":0.0,"gold_gain":0.0,"event_name":"Upgrade Shrine","player_choice":"Upgraded","floor":3.0,"gold_loss":0.0,"damage_taken":0.0,"cards_upgraded":["Zap"]},{"damage_healed":0.0,"max_hp_gain":0.0,"max_hp_loss":0.0,"gold_gain":0.0,"event_name":"WeMeetAgain","player_choice":"Gave Potion","floor":21.0,"gold_loss":0.0,"damage_taken":0.0,"relics_obtained":["Sundial"]}],"is_beta":false,"boss_relics":[{"not_picked":["Runic Pyramid","Snecko Eye"],"picked":"Cursed Key"}],"items_purged_floors":[20],"is_endless":false,"potions_floor_spawned":[10,12,13,16,18,22,27],"killed_by":"3 Cultists","ascension_level":3}