{"gold_per_floor":[113,32,32,51,31,70,23,44,124,163,163,186,186,201,201,297,297,280,298,97,121,121],"floor_reached":22,"playtime":1211,"items_purged":[],"score":418,"play_id":"fb840515-1fcd-4a0c-b03b-83e717e650d0","local_time":"20190325193941","is_ascension_mode":true,"campfire_choices":[{"data":"Demon Form","floor":11,"key":"SMITH"},{"floor":13,"key":"REST"},{"data":"Pummel","floor":15,"key":"SMITH"}],"neow_cost":"NONE","seed_source_timestamp":1213723881010142,"circlet_count":0,"master_deck":["AscendersBane","Strike_R","Strike_R","Strike_R","Defend_R","Defend_R+1","Defend_R","Defend_R+1","Bash","Battle Trance","Injury","Pommel Strike","Pummel+1","Armaments","Demon Form+1","Ghostly Armor","Limit Break","Intimidate"],"relics":["Burning Blood","Bag of Marbles","Golden Idol","War Paint","Anchor","Empty Cage","PreservedInsect"],"potions_floor_usage":[6,6,16,19,22],"damage_taken":[{"damage":4,"enemies":"Small Slimes","floor":1,"turns":4},{"damage":7,"enemies":"Jaw Worm","floor":4,"turns":3},{"damage":16,"enemies":"Gremlin Nob","floor":6,"turns":3},{"damage":1,"enemies":"Cultist","floor":8,"turns":3},{"damage":47,"enemies":"3 Sentries","floor":10,"turns":9},{"damage":0,"enemies":"2 Fungi Beasts","floor":12,"turns":3},{"damage":9,"enemies":"Looter","floor":14,"turns":4},{"damage":0,"enemies":"Slime Boss","floor":16,"turns":5},{"damage":22,"enemies":"2 Thieves","floor":18,"turns":4},{"damage":17,"enemies":"Shell Parasite","floor":19,"turns":8},{"damage":29,"enemies":"Snake Plant","floor":21,"turns":5},{"damage":27,"enemies":"3 Cultists","floor":22,"turns":4}],"seed_played":"2164686461606716462","potions_obtained":[{"floor":1,"key":"GamblersBrew"},{"floor":5,"key":"Poison Potion"},{"floor":14,"key":"SteroidPotion"},{"floor":16,"key":"SpeedPotion"}],"is_trial":false,"path_per_floor":["M","$","?","M","?","E","$","M","T","E","R","M","R","M","R","B",null,"M","M","$","M","M"],"character_chosen":"IRONCLAD","items_purchased":["Battle Trance","Armaments","PreservedInsect","PowerPotion"],"campfire_rested":1,"item_purchase_floors":[2,7,20,20],"current_hp_per_floor":[70,70,70,69,69,59,59,64,64,23,23,29,51,48,48,54,70,54,43,43,20,0],"gold":121,"neow_bonus":"RANDOM_COMMON_RELIC","is_prod":false,"is_daily":false,"chose_seed":false,"campfire_upgraded":2,"win_rate":0,"timestamp":1553542781,"path_taken":["M","$","?","M","?","E","$","M","T","E","R","M","R","M","R","BOSS","M","M","$","M","M"],"build_version":"2019-01-23","purchased_purges":0,"victory":false,"max_hp_per_floor":[75,75,75,75,75,75,75,75,75,75,75,75,75,75,75,75,75,75,75,75,75,75],"card_choices":[{"not_picked":["Feel No Pain","Fire Breathing","Body Slam"],"picked":"SKIP","floor":1},{"not_picked":["Perfected Strike","Havoc"],"picked":"Pommel Strike","floor":4},{"not_picked":["Sever Soul","Infernal Blade"],"picked":"Pummel","floor":6},{"not_picked":["Feel No Pain","Wild Strike","Havoc"],"picked":"SKIP","floor":8},{"not_picked":["Second Wind","Reckless Charge"],"picked":"Demon Form","floor":10},{"not_picked":["Armaments","Body Slam"],"picked":"Ghostly Armor","floor":12},{"not_picked":["Iron Wave","Headbutt","Rupture"],"picked":"SKIP","floor":14},{"not_picked":["Bludgeon","Dark Embrace"],"picked":"Limit Break","floor":16},{"not_picked":["True Grit","Perfected Strike","Havoc"],"picked":"SKIP","floor":18},{"not_picked":["Warcry+1","Clash","Clothesline"],"picked":"SKIP","floor":19},{"not_picked":["True Grit","Flex"],"picked":"Intimidate","floor":21}],"player_experience":1632014,"relics_obtained":[{"floor":6,"key":"War Paint"},{"floor":10,"key":"Anchor"}],"event_choices":[{"damage_healed":0,"gold_gain":0,"player_choice":"Take Wound","damage_taken":0,"relics_obtained":["Golden Idol"],"max_hp_gain":0,"max_hp_loss":0,"event_name":"Golden Idol","floor":3,"gold_loss":0,"cards_obtained":["Injury"]},{"damage_healed":0,"gold_gain":0,"player_choice":"Bought 1 Potion","damage_taken":0,"max_hp_gain":0,"max_hp_loss":0,"event_name":"The Woman in Blue","floor":5,"gold_loss":0}],"is_beta":false,"boss_relics":[{"not_picked":["Runic Pyramid","Black Star"],"picked":"Empty Cage"}],"items_purged_floors":[],"is_endless":false,"potions_floor_spawned":[1,14,16],"killed_by":"3 Cultists","ascension_level":14}