{"gold_per_floor":[112,129,129,14,14,50,69,89,136,136,36,109,122,142,142,273,273,291,166,189,204,204,247,162,12,12,56,56,72,72],"floor_reached":30,"playtime":1382,"items_purged":["Strike_R","Strike_R","Strike_R","Defend_R"],"score":270,"play_id":"0c56f4d6-fec0-4926-82f3-d627175fe384","local_time":"20180904174317","is_ascension_mode":false,"campfire_choices":[{"data":"Bash","floor":10,"key":"SMITH"},{"data":"Carnage","floor":15,"key":"SMITH"}],"neow_cost":"NONE","seed_source_timestamp":156484141287334,"circlet_count":0,"master_deck":["Strike_R+1","Defend_R","Defend_R+1","Defend_R","Bash+1","Carnage+1","Battle Trance","Dropkick","Clash","Metallicize","Ghostly Armor+1","Armaments+1","Disarm+1","Fiend Fire","Dropkick","Rage+1","Warcry+1","Dropkick"],"relics":["Burning Blood","Golden Idol","Toxic Egg 2","Lantern","Vajra","Mark of Pain","MutagenicStrength","Mummified Hand","Red Skull","Singing Bowl","Ornamental Fan","Peace Pipe"],"potions_floor_usage":[6,12,16,20,23,27,30],"damage_taken":[{"damage":4,"enemies":"Small Slimes","floor":1,"turns":5},{"damage":6,"enemies":"Cultist","floor":2,"turns":3},{"damage":18,"enemies":"Lagavulin","floor":6,"turns":6},{"damage":6,"enemies":"2 Louse","floor":7,"turns":3},{"damage":0,"enemies":"Exordium Thugs","floor":8,"turns":3},{"damage":11,"enemies":"Lagavulin Event","floor":12,"turns":3},{"damage":0,"enemies":"Exordium Wildlife","floor":13,"turns":3},{"damage":0,"enemies":"Large Slime","floor":14,"turns":6},{"damage":16,"enemies":"Slime Boss","floor":16,"turns":11},{"damage":5,"enemies":"Spheric Guardian","floor":18,"turns":4},{"damage":12,"enemies":"3 Byrds","floor":20,"turns":4},{"damage":0,"enemies":"Centurion and Healer","floor":21,"turns":5},{"damage":35,"enemies":"Gremlin Leader","floor":23,"turns":4},{"damage":8,"enemies":"Book of Stabbing","floor":27,"turns":5},{"damage":0,"enemies":"Chosen and Byrds","floor":29,"turns":5},{"damage":82,"enemies":"Gremlin Leader","floor":30,"turns":8}],"seed_played":"798647489701147142","potions_obtained":[{"floor":1,"key":"GamblersBrew"},{"floor":2,"key":"SteroidPotion"},{"floor":7,"key":"Strength Potion"},{"floor":12,"key":"Explosive Potion"},{"floor":18,"key":"LiquidBronze"},{"floor":23,"key":"AttackPotion"},{"floor":29,"key":"Regen Potion"}],"is_trial":false,"path_per_floor":["M","M","?","$","?","E","M","M","T","R","$","?","M","M","R","B",null,"M","$","M","M","?","E","?","$","T","E","T","M"],"character_chosen":"IRONCLAD","items_purchased":["Dropkick"],"campfire_rested":0,"item_purchase_floors":[4],"current_hp_per_floor":[80,80,64,64,44,32,32,38,38,38,38,33,39,45,45,35,80,80,80,74,80,80,51,51,51,51,51,51,57,0],"gold":72,"neow_bonus":"REMOVE_CARD","is_prod":false,"is_daily":false,"chose_seed":false,"campfire_upgraded":2,"win_rate":0,"timestamp":1536108197,"path_taken":["M","M","?","$","?","E","M","?","T","R","?","?","M","M","R","BOSS","M","$","M","M","?","E","?","?","T","E","?","M","E"],"build_version":"2018-08-30","purchased_purges":4,"victory":false,"max_hp_per_floor":[80,80,80,80,80,80,80,80,80,80,80,80,80,80,80,80,80,80,80,80,80,80,80,80,80,80,82,82,82,82],"card_choices":[{"not_picked":["Second Wind","Pummel"],"picked":"Carnage","floor":1},{"not_picked":["Sword Boomerang","Sever Soul"],"picked":"Battle Trance","floor":2},{"not_picked":["Perfected Strike","Infernal Blade","Second Wind"],"picked":"SKIP","floor":6},{"not_picked":["Hemokinesis","Sentinel+1"],"picked":"Clash","floor":7},{"not_picked":["Rupture","Body Slam"],"picked":"Metallicize","floor":8},{"not_picked":["Havoc+1","Combust"],"picked":"Ghostly Armor+1","floor":12},{"not_picked":["Body Slam","Pommel Strike"],"picked":"Armaments+1","floor":13},{"not_picked":["Wild Strike","Corruption"],"picked":"Disarm+1","floor":14},{"not_picked":["Immolate","Brutality"],"picked":"Fiend Fire","floor":16},{"not_picked":["Thunderclap+1","Rampage","Power Through+1"],"picked":"SKIP","floor":18},{"not_picked":["Uppercut","True Grit+1"],"picked":"Dropkick","floor":20},{"not_picked":["Twin Strike","Warcry+1"],"picked":"Rage+1","floor":21},{"not_picked":["Reckless Charge","Evolve"],"picked":"Warcry+1","floor":23},{"not_picked":["Brutality","Thunderclap","Combust"],"picked":"Singing Bowl","floor":27},{"not_picked":["Pummel","True Grit+1"],"picked":"Dropkick","floor":29}],"player_experience":173034,"relics_obtained":[{"floor":6,"key":"Toxic Egg 2"},{"floor":9,"key":"Lantern"},{"floor":12,"key":"Vajra"},{"floor":23,"key":"Mummified Hand"},{"floor":26,"key":"Singing Bowl"},{"floor":27,"key":"Ornamental Fan"},{"floor":28,"key":"Peace Pipe"}],"event_choices":[{"event_name":"Shining Light","player_choice":"Entered Light","floor":3,"damage_taken":0},{"event_name":"Golden Idol","player_choice":"Take Damage","floor":5,"damage_taken":0},{"event_name":"Dead Adventurer","player_choice":"Searched \u00272\u0027 times","floor":12,"damage_taken":0},{"event_name":"Drug Dealer","player_choice":"Inject Mutagens","floor":22,"damage_taken":0},{"event_name":"Addict","player_choice":"Obtained Relic","floor":24,"damage_taken":0}],"is_beta":false,"boss_relics":[{"not_picked":["Calling Bell","Snecko Eye"],"picked":"Mark of Pain"}],"items_purged_floors":[4,11,19,25],"is_endless":false,"potions_floor_spawned":[1,2,7,12,18,23,29],"killed_by":"Gremlin Leader","ascension_level":0}