{"gold_per_floor":[111,36,186,261,14,14,49,49,103,103,27,42,75,88,88,165,165,178,195,195,47,47],"floor_reached":22,"playtime":2060,"items_purged":["Doubt","Doubt"],"score":333,"play_id":"c4290513-3d68-4ad7-9d9b-f0d282b2c2c7","local_time":"20190324183619","is_ascension_mode":true,"campfire_choices":[{"data":"Streamline","floor":6,"key":"SMITH"},{"floor":15,"key":"REST"}],"neow_cost":"CURSE","seed_source_timestamp":1122666410402128,"circlet_count":0,"master_deck":["AscendersBane","Strike_B","Strike_B","Strike_B","Strike_B","Defend_B","Defend_B","Defend_B","Defend_B","Zap","Dualcast","Swift Strike","Bandage Up","Streamline+1","Echo Form","Genetic Algorithm+1","Glacier","Self Repair","Beam Cell","Electrodynamics","Go for the Eyes"],"relics":["Cracked Core","Bottled Tornado","Ancient Tea Set","Omamori","Black Star","Regal Pillow"],"potions_floor_usage":[16,22],"damage_taken":[{"damage":12,"enemies":"Jaw Worm","floor":1,"turns":3},{"damage":25,"enemies":"3 Sentries","floor":7,"turns":8},{"damage":0,"enemies":"2 Louse","floor":12,"turns":3},{"damage":4,"enemies":"Lagavulin","floor":13,"turns":6},{"damage":4,"enemies":"Small Slimes","floor":14,"turns":4},{"damage":16,"enemies":"The Guardian","floor":16,"turns":12},{"damage":33,"enemies":"3 Byrds","floor":18,"turns":4},{"damage":39,"enemies":"2 Thieves","floor":19,"turns":5},{"damage":24,"enemies":"Chosen and Byrds","floor":22,"turns":4}],"seed_played":"8589432333821667552","potions_obtained":[{"floor":13,"key":"Weak Potion"},{"floor":16,"key":"Poison Potion"},{"floor":18,"key":"Weak Potion"}],"is_trial":false,"path_per_floor":["M","$","?","?","$","R","E","$","T","?","$","M","E","M","R","B",null,"M","M","?","$","M"],"character_chosen":"DEFECT","items_purchased":["Echo Form","Genetic Algorithm","Regal Pillow"],"campfire_rested":1,"item_purchase_floors":[5,11,21],"current_hp_per_floor":[56,56,56,45,45,45,24,24,24,29,29,33,37,44,66,61,72,47,12,12,12,0],"gold":47,"neow_bonus":"RANDOM_COLORLESS_2","is_prod":false,"is_daily":false,"chose_seed":false,"campfire_upgraded":1,"win_rate":0,"timestamp":1553452579,"path_taken":["M","$","?","?","$","R","E","$","T","?","?","M","E","M","R","BOSS","M","M","?","$","M"],"build_version":"2019-01-23","purchased_purges":2,"victory":false,"max_hp_per_floor":[71,71,71,71,71,71,71,71,71,76,76,76,76,76,76,76,76,76,76,76,76,76],"card_choices":[{"not_picked":["Leap","Barrage"],"picked":"Streamline","floor":1},{"not_picked":["Turbo","Go for the Eyes","Stack"],"picked":"SKIP","floor":7},{"not_picked":["Turbo","Genetic Algorithm"],"picked":"Glacier","floor":12},{"not_picked":["Auto Shields","Conserve Battery"],"picked":"Self Repair","floor":13},{"not_picked":["Rip and Tear","Steam Power"],"picked":"Beam Cell","floor":14},{"not_picked":["Seek","Meteor Strike"],"picked":"Electrodynamics","floor":16},{"not_picked":["Cold Snap","Genetic Algorithm","Reinforced Body"],"picked":"SKIP","floor":18},{"not_picked":["Aggregate","Streamline"],"picked":"Go for the Eyes","floor":19}],"player_experience":1624342,"relics_obtained":[{"floor":7,"key":"Bottled Tornado"},{"floor":9,"key":"Ancient Tea Set"},{"floor":13,"key":"Omamori"}],"event_choices":[{"damage_healed":0,"gold_gain":150,"player_choice":"AGREE","damage_taken":0,"max_hp_gain":0,"max_hp_loss":0,"event_name":"Liars Game","floor":3,"gold_loss":0,"cards_obtained":["Doubt"]},{"damage_healed":0,"gold_gain":75,"player_choice":"Gather Gold","damage_taken":11,"max_hp_gain":0,"max_hp_loss":0,"event_name":"World of Goop","floor":4,"gold_loss":0},{"damage_healed":0,"gold_gain":0,"player_choice":"Donut","damage_taken":0,"max_hp_gain":5,"max_hp_loss":0,"event_name":"Big Fish","floor":10,"gold_loss":0},{"damage_healed":0,"gold_gain":0,"player_choice":"Upgraded","damage_taken":0,"max_hp_gain":0,"max_hp_loss":0,"event_name":"Upgrade Shrine","floor":20,"gold_loss":0,"cards_upgraded":["Genetic Algorithm"]}],"is_beta":false,"boss_relics":[{"not_picked":["Fusion Hammer","Velvet Choker"],"picked":"Black Star"}],"items_purged_floors":[2,5],"is_endless":false,"potions_floor_spawned":[13,16,18,19],"killed_by":"Chosen and Byrds","ascension_level":15}