{"gold_per_floor":[111,129,145,163,178,178,205,185,257,257,271,271,91,191,191,191],"floor_reached":16,"playtime":843,"items_purged":[],"score":117,"play_id":"1ba692e1-353d-497b-a71c-9459ccf48f72","local_time":"20190416092057","is_ascension_mode":true,"campfire_choices":[{"data":"Footwork","floor":6,"key":"SMITH"},{"data":"Blade Dance","floor":10,"key":"SMITH"},{"data":"Choke","floor":12,"key":"SMITH"},{"data":"Dodge and Roll","floor":15,"key":"SMITH"}],"neow_cost":"NONE","seed_source_timestamp":557494989252100,"circlet_count":0,"master_deck":["Defend_G","Defend_G","Defend_G","Defend_G","Defend_G","Strike_G","Strike_G","Strike_G","Strike_G","Strike_G","Survivor","Neutralize","Backflip","Blade Dance+1","Choke+1","Footwork+1","Dodge and Roll+1","Backstab"],"relics":["Coffee Dripper","Regal Pillow","Meat on the Bone","Anchor"],"potions_floor_usage":[5,16,16],"damage_taken":[{"damage":0,"enemies":"Jaw Worm","floor":1,"turns":4},{"damage":0,"enemies":"Cultist","floor":2,"turns":4},{"damage":0,"enemies":"Small Slimes","floor":3,"turns":4},{"damage":4,"enemies":"Red Slaver","floor":4,"turns":4},{"damage":12,"enemies":"Exordium Wildlife","floor":5,"turns":4},{"damage":8,"enemies":"3 Sentries","floor":7,"turns":10},{"damage":0,"enemies":"Large Slime","floor":11,"turns":5},{"damage":56,"enemies":"Slime Boss","floor":16,"turns":12}],"seed_played":"8943351293570832605","potions_obtained":[{"floor":2,"key":"GamblersBrew"},{"floor":3,"key":"GhostInAJar"},{"floor":5,"key":"Regen Potion"},{"floor":8,"key":"EssenceOfSteel"}],"is_trial":false,"path_per_floor":["M","M","M","M","M","R","E","?","T","R","M","R","$","?","R","B"],"character_chosen":"THE_SILENT","items_purchased":["Anchor","Backstab"],"campfire_rested":0,"item_purchase_floors":[13,13],"current_hp_per_floor":[70,70,70,66,54,54,46,46,46,46,46,46,46,46,46,0],"gold":191,"neow_bonus":"BOSS_RELIC","is_prod":false,"is_daily":false,"chose_seed":false,"campfire_upgraded":4,"win_rate":0,"timestamp":1555399257,"path_taken":["M","M","M","M","M","R","E","?","T","R","M","R","?","?","R","BOSS"],"build_version":"2019-01-23","purchased_purges":0,"victory":false,"max_hp_per_floor":[70,70,70,70,70,70,70,70,70,70,70,70,70,70,70,70],"card_choices":[{"not_picked":["Dodge and Roll","Bouncing Flask"],"picked":"Backflip","floor":1},{"not_picked":["Backstab","Outmaneuver"],"picked":"Blade Dance","floor":2},{"not_picked":["Reflex","Riddle With Holes","Deadly Poison"],"picked":"SKIP","floor":3},{"not_picked":["Dagger Throw","Quick Slash"],"picked":"Choke","floor":4},{"not_picked":["Slice","Backflip"],"picked":"Footwork","floor":5},{"not_picked":["Sucker Punch","Flying Knee"],"picked":"Dodge and Roll","floor":7},{"not_picked":["Terror","Flying Knee","Poisoned Stab"],"picked":"SKIP","floor":11}],"player_experience":485457,"relics_obtained":[{"floor":7,"key":"Regal Pillow"},{"floor":9,"key":"Meat on the Bone"}],"event_choices":[{"damage_healed":0,"gold_gain":0,"player_choice":"Bought 1 Potion","damage_taken":0,"max_hp_gain":0,"max_hp_loss":0,"event_name":"The Woman in Blue","floor":8,"gold_loss":0},{"damage_healed":0,"gold_gain":100,"player_choice":"Gold","damage_taken":0,"max_hp_gain":0,"max_hp_loss":0,"event_name":"Wheel of Change","floor":14,"gold_loss":0}],"is_beta":false,"boss_relics":[],"items_purged_floors":[],"is_endless":false,"potions_floor_spawned":[2,3,5],"killed_by":"Slime Boss","ascension_level":3}