{"gold_per_floor":[117,22,35,50,27,60,60,94,94,62,62,91,56,66,66,165,165,185,197,0,0],"floor_reached":21,"playtime":828,"items_purged":[],"score":227,"play_id":"23b28111-3b79-4ea9-891a-55af831e6bdd","local_time":"20190427230350","is_ascension_mode":true,"campfire_choices":[{"floor":7,"key":"REST"},{"floor":15,"key":"REST"}],"neow_cost":"NONE","seed_source_timestamp":42643480785402,"circlet_count":0,"master_deck":["Strike_B","Strike_B","Strike_B","Strike_B","Defend_B","Defend_B","Defend_B","Defend_B","Zap","Dualcast","FTL","Mind Blast","Ball Lightning","Conserve Battery+1","Leap","Conserve Battery+1","Static Discharge","Rebound","Fusion+1","Echo Form","Redo+1"],"relics":["Cracked Core","NeowsBlessing","Omamori","Pear","Toxic Egg 2","War Paint","Eternal Feather"],"potions_floor_usage":[6,12,14,18],"damage_taken":[{"damage":0,"enemies":"Cultist","floor":1,"turns":1},{"damage":0,"enemies":"Jaw Worm","floor":3,"turns":1},{"damage":0,"enemies":"2 Louse","floor":4,"turns":1},{"damage":31,"enemies":"3 Sentries","floor":6,"turns":9},{"damage":42,"enemies":"Lagavulin","floor":8,"turns":7},{"damage":13,"enemies":"3 Sentries","floor":12,"turns":5},{"damage":0,"enemies":"Red Slaver","floor":14,"turns":3},{"damage":46,"enemies":"Slime Boss","floor":16,"turns":12},{"damage":22,"enemies":"Shell Parasite","floor":18,"turns":6},{"damage":22,"enemies":"Spheric Guardian","floor":19,"turns":5},{"damage":44,"enemies":"Colosseum Slavers","floor":21,"turns":4}],"seed_played":"-6040501835579675195","potions_obtained":[{"floor":1,"key":"Poison Potion"},{"floor":8,"key":"FocusPotion"},{"floor":12,"key":"FearPotion"},{"floor":16,"key":"Energy Potion"},{"floor":19,"key":"GamblersBrew"}],"is_trial":false,"path_per_floor":["M","$","M","M","$","E","R","E","T","?","?","E","?","M","R","B",null,"M","M","?","?"],"character_chosen":"DEFECT","items_purchased":["Mind Blast","Leap"],"campfire_rested":2,"item_purchase_floors":[2,5],"current_hp_per_floor":[75,75,75,75,75,44,66,34,34,34,31,18,39,39,64,18,85,63,41,41,0],"gold":0,"neow_bonus":"THREE_ENEMY_KILL","is_prod":false,"is_daily":false,"chose_seed":false,"campfire_upgraded":0,"win_rate":0,"timestamp":1556431430,"path_taken":["M","$","M","M","$","E","R","E","T","?","?","E","?","M","R","BOSS","M","M","?","?"],"build_version":"2019-01-23","purchased_purges":0,"victory":false,"max_hp_per_floor":[75,75,75,75,75,75,75,85,85,85,85,85,85,85,85,85,85,85,85,85,85],"card_choices":[{"not_picked":["Streamline","BootSequence"],"picked":"FTL","floor":1},{"not_picked":["Leap","Streamline"],"picked":"Ball Lightning","floor":3},{"not_picked":["Go for the Eyes","Leap"],"picked":"Conserve Battery","floor":4},{"not_picked":["Darkness","Double Energy"],"picked":"Conserve Battery","floor":6},{"not_picked":["Sunder","Scrape"],"picked":"Static Discharge","floor":8},{"not_picked":["Compile Driver","Streamline"],"picked":"Rebound","floor":12},{"not_picked":["Beam Cell","Double Energy+1"],"picked":"Fusion+1","floor":14},{"not_picked":["Amplify+1","Biased Cognition"],"picked":"Echo Form","floor":16},{"not_picked":["Gash","Storm","Turbo+1"],"picked":"SKIP","floor":18},{"not_picked":["Turbo+1","Compile Driver"],"picked":"Redo+1","floor":19}],"player_experience":449007,"relics_obtained":[{"floor":6,"key":"Omamori"},{"floor":8,"key":"Pear"},{"floor":12,"key":"War Paint"}],"event_choices":[{"damage_healed":0,"gold_gain":0,"player_choice":"Left Gold","damage_taken":0,"max_hp_gain":0,"max_hp_loss":0,"event_name":"World of Goop","floor":10,"gold_loss":32},{"damage_healed":0,"gold_gain":0,"player_choice":"Success","damage_taken":3,"relics_obtained":["Toxic Egg 2"],"max_hp_gain":0,"max_hp_loss":0,"event_name":"Scrap Ooze","floor":11,"gold_loss":0},{"damage_healed":21,"gold_gain":0,"player_choice":"Healed","damage_taken":0,"max_hp_gain":0,"max_hp_loss":0,"event_name":"The Cleric","floor":13,"gold_loss":35},{"damage_healed":0,"gold_gain":0,"player_choice":"Paid Fearfully","damage_taken":0,"max_hp_gain":0,"max_hp_loss":0,"event_name":"Masked Bandits","floor":20,"gold_loss":197},{"damage_healed":0,"gold_gain":0,"player_choice":"Fight","damage_taken":0,"max_hp_gain":0,"max_hp_loss":0,"event_name":"Colosseum","floor":21,"gold_loss":0}],"is_beta":false,"boss_relics":[{"not_picked":["Calling Bell","Velvet Choker"],"picked":"Eternal Feather"}],"items_purged_floors":[],"is_endless":false,"potions_floor_spawned":[1,8,12,16,19],"killed_by":"Colosseum Slavers","ascension_level":3}