{"gold_per_floor":[114,124,36,54,73,102,102,121,121,121],"floor_reached":10,"playtime":357,"items_purged":[],"score":126,"play_id":"357a13cb-ccd7-48b1-b3ff-c3116264795b","local_time":"20190417151616","is_ascension_mode":true,"campfire_choices":[{"floor":7,"key":"REST"}],"neow_cost":"NONE","seed_source_timestamp":14475176935931,"circlet_count":0,"master_deck":["AscendersBane","Strike_R","Strike_R","Strike_R","Strike_R","Strike_R","Defend_R","Defend_R","Defend_R","Defend_R","Bash","Ghostly Armor","Spot Weakness","Spot Weakness","Whirlwind","Whirlwind","Shrug It Off","True Grit"],"relics":["Burning Blood","Bronze Scales","Shuriken","Boot"],"potions_floor_usage":[6,6],"damage_taken":[{"damage":8,"enemies":"Jaw Worm","floor":1,"turns":5},{"damage":6,"enemies":"Small Slimes","floor":2,"turns":5},{"damage":6,"enemies":"2 Louse","floor":4,"turns":3},{"damage":34,"enemies":"Exordium Thugs","floor":5,"turns":6},{"damage":18,"enemies":"3 Sentries","floor":6,"turns":3},{"damage":17,"enemies":"Looter","floor":8,"turns":3},{"damage":53,"enemies":"Lagavulin","floor":10,"turns":8}],"seed_played":"-9150814419548458872","potions_obtained":[{"floor":1,"key":"SpeedPotion"},{"floor":2,"key":"PowerPotion"}],"is_trial":false,"path_per_floor":["M","M","$","M","M","E","R","M","T","E"],"character_chosen":"IRONCLAD","items_purchased":["Spot Weakness"],"campfire_rested":1,"item_purchase_floors":[3],"current_hp_per_floor":[66,66,66,66,38,26,48,37,37,0],"gold":121,"neow_bonus":"RANDOM_COMMON_RELIC","is_prod":false,"is_daily":false,"chose_seed":false,"campfire_upgraded":0,"win_rate":0,"timestamp":1555539376,"path_taken":["M","M","$","M","M","E","R","M","T","E"],"build_version":"2019-01-23","purchased_purges":0,"victory":false,"max_hp_per_floor":[75,75,75,75,75,75,75,75,75,75],"card_choices":[{"not_picked":["Iron Wave","Armaments"],"picked":"Ghostly Armor","floor":1},{"not_picked":["Reckless Charge","Searing Blow"],"picked":"Spot Weakness","floor":2},{"not_picked":["Perfected Strike","Uppercut"],"picked":"Whirlwind","floor":4},{"not_picked":["Warcry","Corruption"],"picked":"Whirlwind","floor":5},{"not_picked":["Brutality","Sword Boomerang"],"picked":"Shrug It Off","floor":6},{"not_picked":["Sword Boomerang","Havoc"],"picked":"True Grit","floor":8}],"player_experience":454602,"relics_obtained":[{"floor":6,"key":"Shuriken"},{"floor":9,"key":"Boot"}],"event_choices":[],"is_beta":false,"boss_relics":[],"items_purged_floors":[],"is_endless":false,"potions_floor_spawned":[1,2,5],"killed_by":"Lagavulin","ascension_level":16}