{"gold_per_floor":[116,3,3,3,21,21,21,55,55,78,78,154,187,28,28,122,122,138,157,157,176,191,191,227,240,240,240,256,256,98,121,121,210,210,224,248,42,42,60,60,0,0,27,41,41,65,80,103,103,103],"floor_reached":51,"playtime":3240,"items_purged":["Defend_B","Writhe"],"score":1277,"play_id":"729c58a3-2793-43a5-88d7-821ce94ea3b4","local_time":"20190427192244","is_ascension_mode":true,"campfire_choices":[{"floor":6,"key":"REST"},{"data":"Zap","floor":11,"key":"SMITH"},{"data":"Hologram","floor":15,"key":"SMITH"},{"data":"Stack","floor":23,"key":"SMITH"},{"floor":27,"key":"REST"},{"data":"Echo Form","floor":29,"key":"SMITH"},{"data":"Dualcast","floor":32,"key":"SMITH"},{"data":"Fission","floor":40,"key":"SMITH"},{"data":"Apotheosis","floor":42,"key":"SMITH"},{"floor":49,"key":"REST"}],"neow_cost":"NONE","seed_source_timestamp":3012218183953492,"circlet_count":0,"master_deck":["AscendersBane","Strike_B","Strike_B","Strike_B","Defend_B","Defend_B","Defend_B","Zap+1","Dualcast+1","Rebound","Cold Snap","FTL","Cold Snap","BootSequence","Hologram+1","Compile Driver","Echo Form+1","Glacier","Stack+1","Sweeping Beam+1","Cold Snap","BootSequence","Cold Snap","Ball Lightning","Fission+1","Static Discharge+1","Apotheosis+1","Hologram+1","Reinforced Body+1"],"relics":["Cracked Core","DataDisk","Smiling Mask","Golden Idol","StoneCalendar","Ginger","Orichalcum","Bag of Preparation","Velvet Choker","Letter Opener","Ornamental Fan","Pantograph","Nuclear Battery","Red Mask","Anchor"],"potions_floor_usage":[10,12,19,24,30,33,46,46,50,50],"damage_taken":[{"damage":9,"enemies":"Jaw Worm","floor":1,"turns":4},{"damage":0,"enemies":"Small Slimes","floor":5,"turns":2},{"damage":15,"enemies":"Lagavulin","floor":8,"turns":6},{"damage":1,"enemies":"2 Louse","floor":10,"turns":3},{"damage":0,"enemies":"3 Sentries","floor":12,"turns":7},{"damage":4,"enemies":"3 Sentries","floor":13,"turns":7},{"damage":18,"enemies":"The Guardian","floor":16,"turns":10},{"damage":8,"enemies":"3 Byrds","floor":18,"turns":5},{"damage":3,"enemies":"2 Thieves","floor":19,"turns":4},{"damage":0,"enemies":"Chosen and Byrds","floor":21,"turns":7},{"damage":7,"enemies":"Centurion and Healer","floor":22,"turns":7},{"damage":15,"enemies":"Slavers","floor":24,"turns":5},{"damage":14,"enemies":"Shelled Parasite and Fungi","floor":25,"turns":6},{"damage":0,"enemies":"Cultist and Chosen","floor":28,"turns":7},{"damage":0,"enemies":"Centurion and Healer","floor":31,"turns":7},{"damage":19,"enemies":"Collector","floor":33,"turns":11},{"damage":4,"enemies":"Orb Walker","floor":35,"turns":4},{"damage":0,"enemies":"3 Shapes","floor":36,"turns":6},{"damage":1,"enemies":"Writhing Mass","floor":39,"turns":8},{"damage":0,"enemies":"Sphere and 2 Shapes","floor":44,"turns":6},{"damage":25,"enemies":"Spire Growth","floor":46,"turns":7},{"damage":2,"enemies":"3 Darklings","floor":47,"turns":5},{"damage":0,"enemies":"4 Shapes","floor":48,"turns":6},{"damage":65,"enemies":"Time Eater","floor":50,"turns":12}],"seed_played":"-6055235518568283232","potions_obtained":[{"floor":5,"key":"Fruit Juice"},{"floor":8,"key":"Dexterity Potion"},{"floor":10,"key":"Explosive Potion"},{"floor":13,"key":"SkillPotion"},{"floor":21,"key":"Weak Potion"},{"floor":25,"key":"SneckoOil"},{"floor":31,"key":"Block Potion"},{"floor":39,"key":"AttackPotion"},{"floor":47,"key":"FocusPotion"},{"floor":48,"key":"PowerPotion"}],"is_trial":false,"path_per_floor":["M","$","?","?","M","R","?","E","T","M","R","?","E","$","R","B",null,"M","M","?","M","M","R","E","M","T","R","M","R","$","M","R","B",null,"M","M","$","?","M","R","?","R","T","M","$","M","M","M","R","B",null],"character_chosen":"DEFECT","items_purchased":["Cold Snap","FTL","Compile Driver","Fire Potion","Fruit Juice","Apotheosis"],"campfire_rested":3,"item_purchase_floors":[2,2,14,14,30,37],"current_hp_per_floor":[55,55,37,37,37,56,56,41,41,45,45,45,41,41,41,23,58,50,47,47,47,40,40,25,11,11,31,31,31,36,36,36,42,66,62,62,62,62,61,61,61,61,61,61,61,36,34,34,56,9],"gold":103,"neow_bonus":"RANDOM_COMMON_RELIC","is_prod":false,"is_daily":false,"chose_seed":false,"campfire_upgraded":7,"win_rate":0,"timestamp":1556389364,"path_taken":["M","$","?","?","M","R","?","E","T","M","R","?","E","?","R","BOSS","M","M","?","M","M","R","E","M","T","R","M","R","$","M","R","BOSS","M","M","$","?","M","R","?","R","T","?","$","M","?","M","R","BOSS"],"build_version":"2019-01-23","purchased_purges":2,"victory":true,"max_hp_per_floor":[71,71,71,64,64,64,64,64,64,69,69,69,69,69,69,69,69,69,69,69,69,69,69,69,69,69,69,69,69,74,74,74,74,74,74,74,74,74,74,74,74,74,74,74,74,74,74,74,74,74],"card_choices":[{"not_picked":["Beam Cell","Streamline"],"picked":"Rebound","floor":1},{"not_picked":["Go for the Eyes","Hello World"],"picked":"Cold Snap","floor":5},{"not_picked":["Leap","Coolheaded"],"picked":"BootSequence","floor":8},{"not_picked":["Coolheaded","Redo","Skim"],"picked":"SKIP","floor":10},{"not_picked":["Rebound","Lockon"],"picked":"Hologram","floor":13},{"not_picked":["Rainbow","Creative AI"],"picked":"Echo Form","floor":16},{"not_picked":["Stack","Blizzard"],"picked":"Glacier","floor":18},{"not_picked":["Reprogram","Turbo"],"picked":"Stack","floor":19},{"not_picked":["Undo","Stack+1"],"picked":"Sweeping Beam+1","floor":21},{"not_picked":["Go for the Eyes","Thunder Strike","Steam"],"picked":"SKIP","floor":22},{"not_picked":["Ball Lightning","Consume"],"picked":"Cold Snap","floor":24},{"not_picked":["Beam Cell","Compile Driver"],"picked":"BootSequence","floor":25},{"not_picked":["Turbo","Barrage+1"],"picked":"Cold Snap","floor":28},{"not_picked":["Reprogram","Redo"],"picked":"Ball Lightning","floor":31},{"not_picked":["Multi-Cast","Reboot"],"picked":"Fission","floor":33},{"not_picked":["Steam Power","Scrape"],"picked":"Static Discharge+1","floor":35},{"not_picked":["Streamline+1","Sunder","Storm"],"picked":"SKIP","floor":36},{"not_picked":["Streamline+1","Sunder","Storm"],"picked":"SKIP","floor":36},{"not_picked":["Redo","Rebound+1","Undo"],"picked":"SKIP","floor":39},{"not_picked":["Steam Power+1","Go for the Eyes","Compile Driver"],"picked":"SKIP","floor":44},{"not_picked":["Sunder","Chill","Redo+1"],"picked":"SKIP","floor":46},{"not_picked":["Sweeping Beam","Melter+1"],"picked":"Hologram+1","floor":47},{"not_picked":["Gash+1","Chaos+1"],"picked":"Reinforced Body+1","floor":48}],"player_experience":224800,"relics_obtained":[{"floor":8,"key":"StoneCalendar"},{"floor":9,"key":"Ginger"},{"floor":12,"key":"Orichalcum"},{"floor":13,"key":"Bag of Preparation"},{"floor":24,"key":"Ornamental Fan"},{"floor":26,"key":"Pantograph"},{"floor":43,"key":"Anchor"}],"event_choices":[{"damage_healed":0,"gold_gain":0,"player_choice":"Success","damage_taken":18,"relics_obtained":["Smiling Mask"],"max_hp_gain":0,"max_hp_loss":0,"event_name":"Scrap Ooze","floor":3,"gold_loss":0},{"damage_healed":0,"gold_gain":0,"player_choice":"Lose Max HP","damage_taken":0,"relics_obtained":["Golden Idol"],"max_hp_gain":0,"max_hp_loss":7,"event_name":"Golden Idol","floor":4,"gold_loss":0},{"damage_healed":0,"gold_gain":0,"player_choice":"Ignored","damage_taken":0,"max_hp_gain":0,"max_hp_loss":0,"event_name":"Golden Wing","floor":7,"gold_loss":0},{"damage_healed":0,"gold_gain":0,"player_choice":"Searched \u00272\u0027 times","damage_taken":0,"max_hp_gain":0,"max_hp_loss":0,"event_name":"Dead Adventurer","floor":12,"gold_loss":0},{"damage_healed":0,"gold_gain":0,"player_choice":"Opened","damage_taken":0,"relics_obtained":["Letter Opener"],"max_hp_gain":0,"max_hp_loss":0,"event_name":"The Mausoleum","floor":20,"gold_loss":0,"cards_obtained":["Writhe"]},{"cards_removed":["Strike_B"],"damage_healed":0,"gold_gain":0,"player_choice":"Removed Attack","damage_taken":0,"max_hp_gain":0,"max_hp_loss":0,"event_name":"Falling","floor":38,"gold_loss":0},{"damage_healed":0,"gold_gain":0,"player_choice":"Paid","damage_taken":0,"relics_obtained":["Red Mask"],"max_hp_gain":0,"max_hp_loss":0,"event_name":"Tomb of Lord Red Mask","floor":41,"gold_loss":60}],"is_beta":false,"boss_relics":[{"not_picked":["Empty Cage","Ectoplasm"],"picked":"Velvet Choker"},{"not_picked":["White Beast Statue","Snecko Eye"],"picked":"Nuclear Battery"}],"items_purged_floors":[14,30],"is_endless":false,"potions_floor_spawned":[5,8,10,13,21,25,31,39,47,48],"ascension_level":19}