{"gold_per_floor":[13,29,0,17,17,47,47,67,67,67,67,100,117,148,148,251,251,251,166,166,166,121,121,23,23,23,23,23,23,23,23,23,23,23,23,23,23,23,23,23,23,23,23,23,23,23,23,23,23,23],"floor_reached":51,"playtime":2721,"items_purged":[],"score":1242,"play_id":"8e7eee2d-461c-4814-877f-acda38eaa0e8","local_time":"20190115193858","is_ascension_mode":true,"campfire_choices":[{"data":"Defend_R","floor":7,"key":"SMITH"},{"data":"Defend_R","floor":10,"key":"SMITH"},{"data":"Corruption","floor":15,"key":"SMITH"},{"data":"Armaments","floor":25,"key":"SMITH"},{"data":"Bloodletting","floor":27,"key":"SMITH"},{"floor":32,"key":"REST"},{"data":"Barricade","floor":42,"key":"SMITH"},{"data":"Disarm","floor":44,"key":"SMITH"},{"data":"Offering","floor":49,"key":"SMITH"}],"neow_cost":"NO_GOLD","seed_source_timestamp":861061394596116,"circlet_count":0,"master_deck":["AscendersBane","Strike_R","Strike_R","Strike_R","Defend_R","Defend_R+1","Defend_R+1","Defend_R+1","Bash","Carnage","Headbutt","Thunderclap","Anger","Anger","Armaments+1","Corruption+1","Offering+1","Warcry+1","Bloodletting+1","True Grit","Barricade+1","Shockwave+1","Impervious","Disarm+1","True Grit","Flame Barrier+1","Corruption+1","Parasite","Disarm+1"],"relics":["Burning Blood","Paper Frog","Kunai","Sundial","Dead Branch","Potion Belt","Ectoplasm","Blue Candle","Letter Opener","Torii","Gremlin Horn","Turnip","War Paint","Mummified Hand","Bottled Flame","Cursed Key","Singing Bowl","Mercury Hourglass","Lantern"],"potions_floor_usage":[6,14,16,22,33,33,33,33,33,36,50,50,50,50,50],"damage_taken":[{"damage":12,"enemies":"Jaw Worm","floor":1,"turns":2},{"damage":5,"enemies":"Small Slimes","floor":2,"turns":3},{"damage":0,"enemies":"Cultist","floor":4,"turns":3},{"damage":28,"enemies":"3 Sentries","floor":6,"turns":7},{"damage":0,"enemies":"Exordium Wildlife","floor":8,"turns":3},{"damage":9,"enemies":"Gremlin Nob","floor":12,"turns":3},{"damage":0,"enemies":"2 Fungi Beasts","floor":13,"turns":3},{"damage":3,"enemies":"Lagavulin","floor":14,"turns":5},{"damage":10,"enemies":"The Guardian","floor":16,"turns":9},{"damage":6,"enemies":"3 Byrds","floor":18,"turns":4},{"damage":18,"enemies":"Colosseum Slavers","floor":21,"turns":4},{"damage":10,"enemies":"Colosseum Nobs","floor":21,"turns":3},{"damage":3,"enemies":"2 Thieves","floor":22,"turns":4},{"damage":14,"enemies":"Gremlin Leader","floor":23,"turns":3},{"damage":6,"enemies":"Snecko","floor":30,"turns":3},{"damage":45,"enemies":"Slavers","floor":31,"turns":3},{"damage":53,"enemies":"Collector","floor":33,"turns":7},{"damage":0,"enemies":"Orb Walker","floor":35,"turns":2},{"damage":8,"enemies":"3 Shapes","floor":36,"turns":4},{"damage":6,"enemies":"Writhing Mass","floor":38,"turns":4},{"damage":0,"enemies":"Maw","floor":39,"turns":6},{"damage":1,"enemies":"Nemesis","floor":40,"turns":5},{"damage":0,"enemies":"3 Darklings","floor":45,"turns":1},{"damage":4,"enemies":"Giant Head","floor":48,"turns":3},{"damage":17,"enemies":"Time Eater","floor":50,"turns":12}],"seed_played":"-5552074469011117874","potions_obtained":[{"floor":4,"key":"Block Potion"},{"floor":13,"key":"Regen Potion"},{"floor":14,"key":"SkillPotion"},{"floor":16,"key":"Block Potion"},{"floor":21,"key":"Energy Potion"},{"floor":30,"key":"Energy Potion"},{"floor":31,"key":"Fire Potion"},{"floor":33,"key":"SteroidPotion"},{"floor":38,"key":"AttackPotion"},{"floor":40,"key":"PowerPotion"}],"is_trial":false,"path_per_floor":["M","M","?","M","?","E","R","M","T","R","?","E","M","E","R","B",null,"M","?","T","?","M","E","$","R","T","R","$","T","M","E","R","B",null,"M","M","$","M","M","E","?","R","T","R","M","$","?","E","R","B",null],"character_chosen":"IRONCLAD","items_purchased":["EntropicBrew"],"campfire_rested":1,"item_purchase_floors":[24],"current_hp_per_floor":[66,67,67,73,78,56,56,62,62,62,59,56,62,79,79,75,83,83,83,83,67,70,62,62,62,62,62,62,62,62,23,48,9,66,72,70,70,70,76,83,83,83,83,83,87,87,87,89,89,78],"gold":23,"neow_bonus":"TRANSFORM_TWO_CARDS","is_prod":false,"is_daily":false,"chose_seed":false,"campfire_upgraded":8,"win_rate":0,"timestamp":1547581138,"path_taken":["M","M","?","M","?","E","R","M","T","R","?","E","?","E","R","BOSS","M","?","?","?","M","E","$","R","T","R","$","?","M","E","R","BOSS","M","M","?","M","M","E","?","R","T","R","?","$","?","E","R","BOSS"],"build_version":"2019-01-10","purchased_purges":0,"victory":true,"max_hp_per_floor":[80,80,80,80,85,85,85,85,85,85,85,85,85,85,85,85,85,85,85,85,85,85,85,85,85,85,85,85,85,85,85,85,85,85,85,85,85,85,85,87,87,87,87,87,87,87,87,89,89,89],"card_choices":[{"not_picked":["Rupture","Heavy Blade"],"picked":"Thunderclap","floor":1},{"not_picked":["True Grit","Twin Strike"],"picked":"Anger","floor":2},{"not_picked":["Feel No Pain","Reckless Charge","Armaments"],"picked":"SKIP","floor":4},{"not_picked":["Sword Boomerang","Wild Strike","Burning Pact"],"picked":"SKIP","floor":6},{"not_picked":["Fire Breathing","Dropkick"],"picked":"Anger","floor":8},{"not_picked":["Dark Embrace","Combust","Sever Soul"],"picked":"SKIP","floor":12},{"not_picked":["Carnage","Warcry"],"picked":"Armaments","floor":13},{"not_picked":["Ghostly Armor","Whirlwind"],"picked":"Corruption","floor":14},{"not_picked":["Juggernaut","Berserk"],"picked":"Offering","floor":16},{"not_picked":["Clothesline","Flex"],"picked":"Warcry","floor":18},{"not_picked":["Clash","Twin Strike"],"picked":"Bloodletting","floor":21},{"not_picked":["Clash","Heavy Blade","Whirlwind"],"picked":"SKIP","floor":22},{"not_picked":["Heavy Blade","Sword Boomerang+1"],"picked":"True Grit","floor":23},{"not_picked":["Searing Blow+1","Thunderclap"],"picked":"Barricade","floor":30},{"not_picked":["Searing Blow","True Grit+1"],"picked":"Shockwave+1","floor":31},{"not_picked":["Limit Break","Reaper"],"picked":"Impervious","floor":33},{"not_picked":["Sever Soul","Clash+1","Perfected Strike+1"],"picked":"SKIP","floor":35},{"not_picked":["Bloodletting+1","Pommel Strike"],"picked":"Disarm","floor":36},{"not_picked":["Evolve","Wild Strike"],"picked":"True Grit","floor":38},{"not_picked":["Perfected Strike","Rampage"],"picked":"Flame Barrier+1","floor":39},{"not_picked":["Infernal Blade","Spot Weakness+1","Whirlwind+1"],"picked":"Singing Bowl","floor":40},{"not_picked":["Entrench+1","Armaments"],"picked":"Disarm+1","floor":45},{"not_picked":["Wild Strike+1","Perfected Strike+1","Fire Breathing"],"picked":"Singing Bowl","floor":48}],"player_experience":106972,"relics_obtained":[{"floor":6,"key":"Paper Frog"},{"floor":9,"key":"Kunai"},{"floor":12,"key":"Dead Branch"},{"floor":14,"key":"Potion Belt"},{"floor":20,"key":"Letter Opener"},{"floor":21,"key":"Torii"},{"floor":21,"key":"Gremlin Horn"},{"floor":23,"key":"Turnip"},{"floor":26,"key":"War Paint"},{"floor":29,"key":"Mummified Hand"},{"floor":31,"key":"Bottled Flame"},{"floor":40,"key":"Singing Bowl"},{"floor":43,"key":"Mercury Hourglass"},{"floor":48,"key":"Lantern"}],"event_choices":[{"damage_healed":0,"gold_gain":0,"player_choice":"Left Gold","damage_taken":0,"max_hp_gain":0,"max_hp_loss":0,"event_name":"World of Goop","floor":3,"gold_loss":29},{"damage_healed":0,"gold_gain":0,"player_choice":"Donut","damage_taken":0,"max_hp_gain":5,"max_hp_loss":0,"event_name":"Big Fish","floor":5,"gold_loss":0},{"damage_healed":0,"gold_gain":0,"player_choice":"Success","damage_taken":3,"relics_obtained":["Sundial"],"max_hp_gain":0,"max_hp_loss":0,"event_name":"Scrap Ooze","floor":11,"gold_loss":0},{"damage_healed":0,"gold_gain":0,"player_choice":"Obtained Relic","damage_taken":0,"relics_obtained":["Blue Candle"],"max_hp_gain":0,"max_hp_loss":0,"event_name":"Addict","floor":19,"gold_loss":85},{"damage_healed":0,"gold_gain":0,"player_choice":"Fight","damage_taken":0,"max_hp_gain":0,"max_hp_loss":0,"event_name":"Colosseum","floor":21,"gold_loss":0},{"damage_healed":0,"gold_gain":0,"player_choice":"Fought Nobs","damage_taken":0,"max_hp_gain":0,"max_hp_loss":0,"event_name":"Colosseum","floor":21,"gold_loss":0},{"damage_healed":0,"gold_gain":0,"player_choice":"Copied","damage_taken":0,"max_hp_gain":0,"max_hp_loss":0,"event_name":"Duplicator","floor":41,"gold_loss":0,"cards_obtained":["Corruption"]},{"damage_healed":0,"gold_gain":0,"player_choice":"0 cards matched","damage_taken":0,"max_hp_gain":0,"max_hp_loss":0,"event_name":"Match and Keep!","floor":47,"gold_loss":0,"cards_obtained":[]}],"is_beta":false,"boss_relics":[{"not_picked":["Lizard Tail","Runic Pyramid"],"picked":"Ectoplasm"},{"not_picked":["Orrery","Black Star"],"picked":"Cursed Key"}],"items_purged_floors":[],"is_endless":false,"potions_floor_spawned":[4,13,14,16,21,21,30,31,33,35,38,39,40],"ascension_level":10}