{"gold_per_floor":[118,34,34,34,51,51,65,65,119,134,309,309,338,8,8,110,110,127,143,64,81,81],"floor_reached":22,"playtime":942,"items_purged":[],"score":209,"play_id":"bc71b0a0-2458-414e-bb71-8c5bb38fb67b","local_time":"20180826210920","is_ascension_mode":false,"campfire_choices":[{"data":"Redo","floor":6,"key":"SMITH"},{"floor":8,"key":"REST"},{"floor":15,"key":"REST"}],"neow_cost":"NONE","seed_source_timestamp":1068243188778360,"circlet_count":0,"master_deck":["Strike_B","Strike_B","Strike_B","Strike_B","Defend_B","Defend_B","Defend_B","Defend_B","Zap","Dualcast+1","Redo+1","Lockon","Rebound","Loop","Sweeping Beam","Doubt","Chill","Transmutation","Multi-Cast","Doom and Gloom+1","Lockon","Darkness","Static Discharge+1"],"relics":["Runic Dome","Unceasing Top","Tiny Chest","Omamori","Ancient Tea Set","Busted Crown"],"potions_floor_usage":[],"damage_taken":[{"damage":1,"enemies":"2 Louse","floor":1,"turns":2},{"damage":1,"enemies":"Cultist","floor":5,"turns":3},{"damage":6,"enemies":"Jaw Worm","floor":7,"turns":2},{"damage":15,"enemies":"Looter","floor":10,"turns":3},{"damage":30,"enemies":"Gremlin Nob","floor":13,"turns":4},{"damage":51,"enemies":"Hexaghost","floor":16,"turns":10},{"damage":3,"enemies":"Spheric Guardian","floor":18,"turns":5},{"damage":21,"enemies":"2 Thieves","floor":19,"turns":4},{"damage":27,"enemies":"Centurion and Healer","floor":21,"turns":6},{"damage":28,"enemies":"Snake Plant","floor":22,"turns":2}],"seed_played":"8553997157007209383","potions_obtained":[{"floor":7,"key":"Weak Potion"},{"floor":10,"key":"Block Potion"},{"floor":16,"key":"Swift Potion"}],"is_trial":false,"path_per_floor":["M","$","?","?","M","R","M","R","T","M","?","?","E","$","R","B",null,"M","M","$","M"],"character_chosen":"DEFECT","items_purchased":["Lockon","Rebound","Ancient Tea Set","Transmutation","Darkness"],"campfire_rested":2,"item_purchase_floors":[2,2,14,14,20],"current_hp_per_floor":[74,74,74,74,73,73,67,75,75,60,60,65,35,35,57,6,75,72,55,55,28,0],"gold":81,"neow_bonus":"BOSS_RELIC","is_prod":false,"is_daily":false,"chose_seed":false,"campfire_upgraded":1,"win_rate":0,"timestamp":1535342960,"path_taken":["M","$","?","?","M","R","M","R","T","?","?","?","E","$","R","BOSS","M","M","$","M","M"],"build_version":"2018-08-23v2","purchased_purges":0,"victory":false,"max_hp_per_floor":[75,75,75,75,75,75,75,75,75,75,75,75,75,75,75,75,75,75,75,75,75,75],"card_choices":[{"not_picked":["Barrage","Blizzard"],"picked":"Redo","floor":1},{"not_picked":["Streamline","Static Discharge"],"picked":"Loop","floor":5},{"not_picked":["Self Repair","Reboot"],"picked":"Sweeping Beam","floor":7},{"not_picked":["White Noise","Ball Lightning"],"picked":"Turbo","floor":10},{"not_picked":["Melter","Leap"],"picked":"Chill","floor":13},{"not_picked":["Amplify","Seek"],"picked":"Multi-Cast","floor":16},{"not_picked":[],"picked":"Doom and Gloom+1","floor":18},{"not_picked":[],"picked":"Lockon","floor":19},{"not_picked":[],"picked":"Static Discharge+1","floor":21}],"player_experience":42721,"relics_obtained":[{"floor":4,"key":"Unceasing Top"},{"floor":9,"key":"Tiny Chest"},{"floor":13,"key":"Omamori"}],"event_choices":[{"event_name":"Upgrade Shrine","player_choice":"Upgraded","floor":3,"damage_taken":0},{"event_name":"Wheel of Change","player_choice":"Relic","floor":4,"damage_taken":0},{"event_name":"Liars Game","player_choice":"agreed","floor":11,"damage_taken":0},{"event_name":"Bonfire Elementals","player_choice":"COMMON","floor":12,"damage_taken":0}],"is_beta":false,"boss_relics":[{"not_picked":["Inserter","Eternal Feather"],"picked":"Busted Crown"}],"items_purged_floors":[],"is_endless":false,"potions_floor_spawned":[7,10,16,21],"killed_by":"Snake Plant","ascension_level":0}