{"gold_per_floor":[20,39,39,50,50,82,98,110,110,121,121,135,135,154,154,273,273,294,307,320,320,60,60,94,114,193,214,214],"floor_reached":28,"playtime":1768,"items_purged":[],"score":339,"play_id":"c31efc4b-312c-487c-8246-ff939dd7e169","local_time":"20190331121015","is_ascension_mode":true,"campfire_choices":[{"data":"Pommel Strike","floor":11,"key":"SMITH"},{"floor":15,"key":"REST"},{"floor":23,"key":"REST"}],"neow_cost":"NO_GOLD","seed_source_timestamp":1438410980626708,"circlet_count":0,"master_deck":["Strike_R","Strike_R","Strike_R","Strike_R","Strike_R+1","Defend_R+1","Defend_R","Defend_R","Defend_R","Bash","Sword Boomerang+1","Twin Strike","Battle Trance","Offering","Battle Trance","Pommel Strike+1","Headbutt","Injury","True Grit","Thunderclap+1","Perfected Strike","Spot Weakness+1","Dual Wield"],"relics":["Burning Blood","Unceasing Top","Sundial","Oddly Smooth Stone","Golden Idol","Sozu","Shuriken","Anchor","Letter Opener"],"potions_floor_usage":[6,7,16,18],"damage_taken":[{"damage":5,"enemies":"Small Slimes","floor":1,"turns":4},{"damage":7,"enemies":"2 Louse","floor":2,"turns":3},{"damage":1,"enemies":"Cultist","floor":4,"turns":3},{"damage":32,"enemies":"Gremlin Nob","floor":6,"turns":4},{"damage":11,"enemies":"Looter","floor":7,"turns":2},{"damage":10,"enemies":"2 Fungi Beasts","floor":8,"turns":3},{"damage":1,"enemies":"Blue Slaver","floor":10,"turns":3},{"damage":0,"enemies":"Large Slime","floor":12,"turns":3},{"damage":7,"enemies":"3 Louse","floor":14,"turns":3},{"damage":60,"enemies":"Slime Boss","floor":16,"turns":15},{"damage":4,"enemies":"3 Byrds","floor":18,"turns":5},{"damage":3,"enemies":"Chosen","floor":19,"turns":3},{"damage":36,"enemies":"Snake Plant","floor":20,"turns":4},{"damage":0,"enemies":"Gremlin Leader","floor":24,"turns":5},{"damage":16,"enemies":"Sentry and Sphere","floor":25,"turns":4},{"damage":34,"enemies":"Shelled Parasite and Fungi","floor":27,"turns":4},{"damage":30,"enemies":"Cultist and Chosen","floor":28,"turns":6}],"seed_played":"7854601985509392307","potions_obtained":[{"floor":2,"key":"Explosive Potion"},{"floor":6,"key":"Explosive Potion"},{"floor":14,"key":"Dexterity Potion"},{"floor":16,"key":"SpeedPotion"}],"is_trial":false,"path_per_floor":["M","M","?","M","?","E","M","M","T","M","R","M","?","M","R","B",null,"M","M","M","?","$","R","E","M","T","M","M"],"character_chosen":"IRONCLAD","items_purchased":["Shuriken"],"campfire_rested":2,"item_purchase_floors":[22],"current_hp_per_floor":[80,79,79,80,64,38,33,29,29,34,34,40,40,39,63,9,62,64,67,37,37,37,61,67,57,57,29,0],"gold":214,"neow_bonus":"ONE_RARE_RELIC","is_prod":false,"is_daily":false,"chose_seed":false,"campfire_upgraded":1,"win_rate":0,"timestamp":1554001815,"path_taken":["M","M","?","M","?","E","M","M","T","M","R","M","?","M","R","BOSS","M","M","M","?","?","R","E","M","T","M","M"],"build_version":"2019-01-23","purchased_purges":0,"victory":false,"max_hp_per_floor":[80,80,80,80,80,80,80,80,80,80,80,80,80,80,80,80,80,80,80,80,80,80,80,80,80,80,80,80],"card_choices":[{"not_picked":["Warcry","Anger"],"picked":"Sword Boomerang","floor":1},{"not_picked":["Thunderclap","Cleave"],"picked":"Twin Strike","floor":2},{"not_picked":["Dropkick","Rupture"],"picked":"Battle Trance","floor":4},{"not_picked":["Sword Boomerang","Armaments"],"picked":"Offering","floor":6},{"not_picked":["Body Slam","Iron Wave"],"picked":"Battle Trance","floor":7},{"not_picked":["Clothesline","Sentinel","Bloodletting"],"picked":"SKIP","floor":8},{"not_picked":["Seeing Red","Hemokinesis"],"picked":"Pommel Strike","floor":10},{"not_picked":["Burning Pact","Thunderclap"],"picked":"Headbutt","floor":12},{"not_picked":["Body Slam","Pommel Strike"],"picked":"True Grit","floor":14},{"not_picked":["Sword Boomerang","Hemokinesis"],"picked":"Thunderclap+1","floor":18},{"not_picked":["Havoc","Twin Strike"],"picked":"Perfected Strike","floor":19},{"not_picked":["Rampage","Warcry","Seeing Red"],"picked":"SKIP","floor":20},{"not_picked":["Wild Strike","Pummel+1"],"picked":"Spot Weakness+1","floor":24},{"not_picked":["Heavy Blade","Warcry"],"picked":"Dual Wield","floor":25},{"not_picked":["Dropkick","Fiend Fire","Anger"],"picked":"SKIP","floor":27}],"player_experience":212141,"relics_obtained":[{"floor":6,"key":"Sundial"},{"floor":9,"key":"Oddly Smooth Stone"},{"floor":24,"key":"Anchor"},{"floor":26,"key":"Letter Opener"}],"event_choices":[{"damage_healed":0,"gold_gain":0,"player_choice":"Grow","damage_taken":0,"max_hp_gain":0,"max_hp_loss":0,"event_name":"Living Wall","floor":3,"gold_loss":0,"cards_upgraded":["Sword Boomerang"]},{"damage_healed":0,"gold_gain":0,"player_choice":"Entered Light","damage_taken":16,"max_hp_gain":0,"max_hp_loss":0,"event_name":"Shining Light","floor":5,"gold_loss":0,"cards_upgraded":["Strike_R","Defend_R"]},{"damage_healed":0,"gold_gain":0,"player_choice":"Take Wound","damage_taken":0,"relics_obtained":["Golden Idol"],"max_hp_gain":0,"max_hp_loss":0,"event_name":"Golden Idol","floor":13,"gold_loss":0,"cards_obtained":["Injury"]},{"damage_healed":0,"gold_gain":0,"player_choice":"0 cards matched","damage_taken":0,"max_hp_gain":0,"max_hp_loss":0,"event_name":"Match and Keep!","floor":21,"gold_loss":0,"cards_obtained":[]}],"is_beta":false,"boss_relics":[{"not_picked":["Coffee Dripper","Runic Dome"],"picked":"Sozu"}],"items_purged_floors":[],"is_endless":false,"potions_floor_spawned":[2,6,14,16,18,27],"killed_by":"Cultist and Chosen","ascension_level":5}