{"gold_per_floor":[110,110,136,136,136,136,176,176,225,225,225,42,66,42,42,173,173,189,76,76,92,92,92,128,128,128,21,36,49,64,64,64,190,190,204,537,554,568,568,568,598,598,598,610,620,313,332,332,332,332],"floor_reached":50,"playtime":3662,"items_purged":[],"score":586,"play_id":"3e32988c-5f79-48ac-97aa-10f959a4084a","local_time":"20181210174341","is_ascension_mode":false,"campfire_choices":[{"data":"Fission","floor":6,"key":"SMITH"},{"floor":8,"key":"REST"},{"floor":10,"key":"REST"},{"data":"Streamline","floor":15,"key":"SMITH"},{"floor":23,"key":"REST"},{"floor":25,"key":"REST"},{"floor":32,"key":"REST"},{"floor":40,"key":"REST"},{"data":"Storm","floor":42,"key":"SMITH"},{"floor":49,"key":"REST"}],"neow_cost":"NONE","seed_source_timestamp":499218437204615,"circlet_count":0,"master_deck":["Defend_B","Defend_B","Defend_B","Defend_B","Zap","Dualcast","Gash","Injury","Fission+1","Storm","Conserve Battery+1","Streamline+1","Cold Snap","Electrodynamics","Sunder","Tempest+1","Storm+1","Trip+1","Swift Strike","Beam Cell","Bite","Bite","Bite","Bite","Bite","Static Discharge","Go for the Eyes+1","Darkness+1","Conserve Battery+1","Coolheaded+1","Ball Lightning+1","Electrodynamics","Fusion+1","FTL+1","Rebound+1","Force Field+1","Core Surge+1","Chill+1","Doom and Gloom+1","Self Repair","Creative AI","Barrage+1"],"relics":["Cracked Core","Bag of Preparation","Toxic Egg 2","Art of War","PreservedInsect","Runic Pyramid","Molten Egg 2","Cables","Inserter","Bag of Marbles","Darkstone Periapt","Orichalcum","GremlinMask"],"potions_floor_usage":[16,29,33,33,50,50,50],"damage_taken":[{"damage":2,"enemies":"Small Slimes","floor":1,"turns":3},{"damage":51,"enemies":"3 Sentries","floor":7,"turns":11},{"damage":1,"enemies":"Jaw Worm","floor":13,"turns":3},{"damage":53,"enemies":"Hexaghost","floor":16,"turns":11},{"damage":13,"enemies":"3 Byrds","floor":18,"turns":3},{"damage":30,"enemies":"2 Thieves","floor":21,"turns":3},{"damage":10,"enemies":"Gremlin Leader","floor":24,"turns":4},{"damage":13,"enemies":"3 Cultists","floor":28,"turns":3},{"damage":3,"enemies":"Shelled Parasite and Fungi","floor":29,"turns":5},{"damage":10,"enemies":"Chosen and Byrds","floor":30,"turns":4},{"damage":74,"enemies":"Champ","floor":33,"turns":9},{"damage":15,"enemies":"3 Darklings","floor":35,"turns":3},{"damage":17,"enemies":"3 Shapes","floor":37,"turns":3},{"damage":15,"enemies":"Spire Growth","floor":38,"turns":4},{"damage":14,"enemies":"Reptomancer","floor":41,"turns":5},{"damage":14,"enemies":"Jaw Worm Horde","floor":44,"turns":2},{"damage":25,"enemies":"Maw","floor":45,"turns":7},{"damage":23,"enemies":"Transient","floor":47,"turns":5},{"damage":54,"enemies":"Donu and Deca","floor":50,"turns":5}],"seed_played":"-3458408287659602280","potions_obtained":[{"floor":7,"key":"Poison Potion"},{"floor":16,"key":"SteroidPotion"},{"floor":24,"key":"Fruit Juice"},{"floor":28,"key":"PowerPotion"},{"floor":29,"key":"FocusPotion"},{"floor":33,"key":"Dexterity Potion"},{"floor":35,"key":"FocusPotion"}],"is_trial":false,"path_per_floor":["M","?","T","?","?","R","E","R","T","R","?","$","M","$","R","B",null,"M","$","?","M","?","R","E","R","T","$","M","M","M","$","R","B",null,"M","?","M","M","?","R","E","R","T","M","M","$","M","?","R","B"],"character_chosen":"DEFECT","items_purchased":["Blood Vial","Conserve Battery+1","Cold Snap","Tempest+1","Storm","Go for the Eyes+1","Darkness+1","Creative AI","Orichalcum"],"campfire_rested":7,"item_purchase_floors":[12,12,14,19,19,27,27,46,46],"current_hp_per_floor":[80,80,80,80,80,80,29,53,53,77,70,70,71,71,71,20,82,69,69,45,17,17,41,37,61,61,61,52,60,54,54,80,16,87,72,72,59,50,50,76,66,66,66,52,33,33,14,14,40,0],"gold":332,"neow_bonus":"TEN_PERCENT_HP_BONUS","is_prod":false,"is_daily":false,"chose_seed":false,"campfire_upgraded":3,"win_rate":0,"timestamp":1544492621,"path_taken":["M","?","?","?","?","R","E","R","T","R","?","$","M","?","R","BOSS","M","?","?","?","?","R","E","R","T","?","M","M","M","$","R","BOSS","M","?","M","M","?","R","E","R","T","M","M","$","?","?","R","BOSS"],"build_version":"2018-12-06","purchased_purges":0,"victory":false,"max_hp_per_floor":[82,82,82,82,82,82,82,82,82,82,82,82,82,82,82,82,82,82,82,82,82,82,82,82,82,82,82,82,87,87,87,87,87,87,87,87,87,87,87,87,87,87,87,87,87,87,87,87,87,87],"card_choices":[{"not_picked":["Stack","Turbo"],"picked":"Gash","floor":1},{"not_picked":["Beam Cell","Go for the Eyes"],"picked":"Storm","floor":7},{"not_picked":["Aggregate+1","Turbo+1"],"picked":"Streamline","floor":13},{"not_picked":["Creative AI","All For One"],"picked":"Electrodynamics","floor":16},{"not_picked":["Beam Cell","Sweeping Beam"],"picked":"Sunder","floor":18},{"not_picked":["Cold Snap","Rip and Tear+1"],"picked":"Beam Cell","floor":21},{"not_picked":["Ball Lightning+1","Redo+1"],"picked":"Static Discharge","floor":24},{"not_picked":["Ball Lightning+1","Hello World"],"picked":"Conserve Battery+1","floor":28},{"not_picked":["Compile Driver+1","Steam+1"],"picked":"Coolheaded+1","floor":29},{"not_picked":["Conserve Battery+1","Rebound+1"],"picked":"Ball Lightning+1","floor":30},{"not_picked":["Hyperbeam+1","Machine Learning"],"picked":"Electrodynamics","floor":33},{"not_picked":["Leap+1","Sweeping Beam+1"],"picked":"Fusion+1","floor":35},{"not_picked":["Beam Cell+1","Leap+1"],"picked":"FTL+1","floor":37},{"not_picked":["Conserve Battery+1","Stack+1"],"picked":"Rebound+1","floor":38},{"not_picked":["Electrodynamics","Reinforced Body+1"],"picked":"Chill+1","floor":41},{"not_picked":["Steam+1","Conserve Battery+1"],"picked":"Doom and Gloom+1","floor":44},{"not_picked":["FTL+1","Leap+1"],"picked":"Self Repair","floor":45},{"not_picked":["Turbo+1","Gash+1"],"picked":"Barrage+1","floor":47}],"player_experience":203754,"relics_obtained":[{"floor":3,"key":"Bag of Preparation"},{"floor":7,"key":"Art of War"},{"floor":9,"key":"PreservedInsect"},{"floor":24,"key":"Molten Egg 2"},{"floor":26,"key":"Cables"},{"floor":41,"key":"Bag of Marbles"},{"floor":43,"key":"Darkstone Periapt"}],"event_choices":[{"damage_healed":0,"gold_gain":0,"player_choice":"Take Wound","damage_taken":0,"relics_obtained":["Golden Idol"],"max_hp_gain":0,"max_hp_loss":0,"event_name":"Golden Idol","floor":2,"gold_loss":0,"cards_obtained":["Injury"]},{"damage_healed":0,"gold_gain":0,"cards_transformed":["Strike_B"],"player_choice":"Change","damage_taken":0,"max_hp_gain":0,"max_hp_loss":0,"event_name":"Living Wall","floor":4,"gold_loss":0,"cards_obtained":["Fission"]},{"damage_healed":0,"gold_gain":0,"player_choice":"Box","damage_taken":0,"relics_obtained":["Toxic Egg 2"],"max_hp_gain":0,"max_hp_loss":0,"event_name":"Big Fish","floor":5,"gold_loss":0,"cards_obtained":["Regret"]},{"cards_removed":["Regret"],"damage_healed":0,"gold_gain":0,"player_choice":"Card Removal","damage_taken":7,"max_hp_gain":0,"max_hp_loss":0,"event_name":"Golden Wing","floor":11,"gold_loss":0},{"damage_healed":0,"gold_gain":0,"player_choice":"CARD CARD ","damage_taken":24,"max_hp_gain":0,"max_hp_loss":0,"event_name":"Knowing Skull","floor":20,"potions_obtained":[],"gold_loss":0,"cards_obtained":["Trip","Swift Strike"]},{"damage_healed":0,"gold_gain":0,"player_choice":"Became a vampire (Vial)","damage_taken":0,"max_hp_gain":0,"max_hp_loss":0,"event_name":"Vampires","floor":22,"relics_lost":["Blood Vial"],"gold_loss":0,"cards_obtained":["Bite","Bite","Bite","Bite","Bite"]},{"damage_healed":0,"gold_gain":333,"player_choice":"Gave Idol","damage_taken":0,"max_hp_gain":0,"max_hp_loss":0,"event_name":"The Moai Head","floor":36,"relics_lost":["Golden Idol"],"gold_loss":0},{"damage_healed":0,"gold_gain":0,"player_choice":"2 cards matched","damage_taken":0,"max_hp_gain":0,"max_hp_loss":0,"event_name":"Match and Keep!","floor":39,"gold_loss":0,"cards_obtained":["Force Field","Core Surge"]},{"damage_healed":0,"gold_gain":0,"player_choice":"Trade","damage_taken":0,"relics_obtained":["GremlinMask"],"max_hp_gain":0,"max_hp_loss":0,"event_name":"FaceTrader","floor":48,"gold_loss":0}],"is_beta":false,"boss_relics":[{"not_picked":["Sozu","Orrery"],"picked":"Runic Pyramid"},{"not_picked":["White Beast Statue","Coffee Dripper"],"picked":"Inserter"}],"items_purged_floors":[],"is_endless":false,"potions_floor_spawned":[7,16,24,28,29,33,35,37,45,47],"killed_by":"Donu and Deca","ascension_level":0}