{"gold_per_floor":[109,129,142,142,142,142,186,186,209,85,129,205,218,237,237,356,356,369,388,388,54,73,73,108,132,157,157,157,157,170,189,189,314,314,339,363,381,136,149,149],"floor_reached":40,"playtime":2985,"items_purged":["Strike_B","Strike_B"],"score":588,"play_id":"f127f26f-2e93-4828-b6b9-77f382a139c3","local_time":"20190401195424","is_ascension_mode":true,"campfire_choices":[{"floor":6,"key":"REST"},{"data":"Beam Cell","floor":8,"key":"SMITH"},{"floor":15,"key":"REST"},{"floor":23,"key":"REST"},{"floor":32,"key":"REST"}],"neow_cost":"NONE","seed_source_timestamp":1551441421397501,"circlet_count":0,"master_deck":["Strike_B+1","Strike_B","Defend_B","Defend_B","Defend_B","Defend_B+1","Zap","Dualcast","Echo Form","Streamline","Auto Shields","Beam Cell+1","Streamline","Go for the Eyes","Reboot","Reinforced Body","Leap","Fission+1","FTL+1","Streamline+1","Sunder","Rebound+1","Turbo","Melter+1","Steam","Leap+1","Seek","Self Repair+1","Turbo+1","Compile Driver+1","Bandage Up","Parasite","Stack"],"relics":["Cracked Core","Golden Idol","DataDisk","Happy Flower","Mercury Hourglass","Lizard Tail","Bottled Tornado","Potion Belt","Bronze Scales","Nuclear Battery"],"potions_floor_usage":[16,16,24,24,30,36,39,40],"damage_taken":[{"damage":2,"enemies":"Jaw Worm","floor":1,"turns":3},{"damage":0,"enemies":"Small Slimes","floor":2,"turns":3},{"damage":0,"enemies":"Cultist","floor":3,"turns":3},{"damage":15,"enemies":"Lagavulin","floor":7,"turns":6},{"damage":25,"enemies":"3 Sentries","floor":11,"turns":6},{"damage":0,"enemies":"Large Slime","floor":13,"turns":2},{"damage":1,"enemies":"Red Slaver","floor":14,"turns":3},{"damage":0,"enemies":"The Guardian","floor":16,"turns":8},{"damage":14,"enemies":"Spheric Guardian","floor":18,"turns":4},{"damage":22,"enemies":"3 Byrds","floor":19,"turns":5},{"damage":13,"enemies":"Snecko","floor":22,"turns":4},{"damage":11,"enemies":"Book of Stabbing","floor":24,"turns":5},{"damage":7,"enemies":"3 Cultists","floor":25,"turns":5},{"damage":0,"enemies":"Centurion and Healer","floor":30,"turns":3},{"damage":0,"enemies":"Snecko","floor":31,"turns":3},{"damage":74,"enemies":"Automaton","floor":33,"turns":10},{"damage":11,"enemies":"Orb Walker","floor":35,"turns":2},{"damage":14,"enemies":"3 Darklings","floor":36,"turns":9},{"damage":11,"enemies":"Transient","floor":37,"turns":5},{"damage":20,"enemies":"Writhing Mass","floor":39,"turns":7},{"damage":72,"enemies":"Giant Head","floor":40,"turns":7}],"seed_played":"5816681622215216934","potions_obtained":[{"floor":11,"key":"SpeedPotion"},{"floor":13,"key":"AttackPotion"},{"floor":14,"key":"Fire Potion"},{"floor":19,"key":"Strength Potion"},{"floor":25,"key":"AttackPotion"},{"floor":33,"key":"LiquidBronze"},{"floor":35,"key":"Poison Potion"},{"floor":39,"key":"Energy Potion"}],"is_trial":false,"path_per_floor":["M","M","M","?","?","R","E","R","T","$","E","?","M","M","R","B",null,"M","M","?","$","M","R","E","M","T","?","?","?","M","M","R","B",null,"M","M","M","$","M","E"],"character_chosen":"DEFECT","items_purchased":["Go for the Eyes","Bottled Tornado","Sunder","Bandage Up","Block Potion"],"campfire_rested":4,"item_purchase_floors":[10,21,21,38,38],"current_hp_per_floor":[73,73,73,55,40,62,47,47,47,47,22,22,22,21,43,43,67,53,31,31,31,18,40,29,22,22,22,22,22,22,22,44,21,62,51,57,56,56,54,0],"gold":149,"neow_bonus":"ONE_RANDOM_RARE_CARD","is_prod":false,"is_daily":false,"chose_seed":false,"campfire_upgraded":1,"win_rate":0,"timestamp":1554116064,"path_taken":["M","M","M","?","?","R","E","R","T","$","E","?","?","?","R","BOSS","M","M","?","$","?","R","E","M","T","?","?","?","M","M","R","BOSS","M","M","?","?","M","E"],"build_version":"2019-01-23","purchased_purges":2,"victory":false,"max_hp_per_floor":[75,75,75,75,75,75,75,75,75,75,75,75,75,75,75,75,75,75,75,75,75,75,75,75,75,75,75,75,75,75,75,75,75,75,75,75,75,75,75,75],"card_choices":[{"not_picked":["Redo","Hologram"],"picked":"Streamline","floor":1},{"not_picked":["FTL","Sweeping Beam"],"picked":"Auto Shields","floor":2},{"not_picked":["Coolheaded","Barrage"],"picked":"Beam Cell","floor":3},{"not_picked":["Sweeping Beam","BootSequence"],"picked":"Streamline","floor":7},{"not_picked":["Coolheaded","Turbo"],"picked":"Reboot","floor":11},{"not_picked":["Redo","Coolheaded"],"picked":"Reinforced Body","floor":13},{"not_picked":["Auto Shields","Turbo"],"picked":"Leap","floor":14},{"not_picked":["Seek","All For One"],"picked":"Fission","floor":16},{"not_picked":["Beam Cell","Lockon"],"picked":"FTL+1","floor":18},{"not_picked":["Darkness","Ball Lightning"],"picked":"Streamline+1","floor":19},{"not_picked":["Redo","Gash"],"picked":"Rebound+1","floor":22},{"not_picked":["Stack","Sunder"],"picked":"Turbo","floor":24},{"not_picked":["Leap","Beam Cell+1"],"picked":"Melter+1","floor":25},{"not_picked":["Gash+1","Compile Driver","Steam"],"picked":"SKIP","floor":30},{"not_picked":["Machine Learning","Cold Snap+1"],"picked":"Leap+1","floor":31},{"not_picked":["Hyperbeam","Creative AI"],"picked":"Seek","floor":33},{"not_picked":["Genetic Algorithm+1","Compile Driver+1"],"picked":"Self Repair+1","floor":35},{"not_picked":["Self Repair","Coolheaded"],"picked":"Turbo+1","floor":36},{"not_picked":["Barrage","Rip and Tear+1"],"picked":"Compile Driver+1","floor":37},{"not_picked":["Turbo+1","Beam Cell"],"picked":"Stack","floor":39}],"player_experience":225353,"relics_obtained":[{"floor":7,"key":"DataDisk"},{"floor":9,"key":"Happy Flower"},{"floor":11,"key":"Mercury Hourglass"},{"floor":24,"key":"Potion Belt"},{"floor":26,"key":"Bronze Scales"}],"event_choices":[{"damage_healed":0,"gold_gain":0,"player_choice":"Take Damage","damage_taken":18,"relics_obtained":["Golden Idol"],"max_hp_gain":0,"max_hp_loss":0,"event_name":"Golden Idol","floor":4,"gold_loss":0},{"damage_healed":0,"gold_gain":0,"player_choice":"Entered Light","damage_taken":15,"max_hp_gain":0,"max_hp_loss":0,"event_name":"Shining Light","floor":5,"gold_loss":0,"cards_upgraded":["Defend_B","Strike_B"]},{"damage_healed":0,"gold_gain":76,"player_choice":"Gained Gold","damage_taken":0,"max_hp_gain":0,"max_hp_loss":0,"event_name":"Golden Wing","floor":12,"gold_loss":0},{"damage_healed":0,"gold_gain":0,"player_choice":"Upgraded","damage_taken":0,"max_hp_gain":0,"max_hp_loss":0,"event_name":"Upgrade Shrine","floor":20,"gold_loss":0,"cards_upgraded":["Fission"]},{"damage_healed":0,"gold_gain":0,"player_choice":"Ignored","damage_taken":0,"max_hp_gain":0,"max_hp_loss":0,"event_name":"Ghosts","floor":27,"gold_loss":0},{"damage_healed":0,"gold_gain":0,"player_choice":"Ignored","damage_taken":0,"max_hp_gain":0,"max_hp_loss":0,"event_name":"Cursed Tome","floor":28,"gold_loss":0},{"damage_healed":0,"gold_gain":0,"player_choice":"1 cards matched","damage_taken":0,"max_hp_gain":0,"max_hp_loss":0,"event_name":"Match and Keep!","floor":29,"gold_loss":0,"cards_obtained":["Steam"]}],"is_beta":false,"boss_relics":[{"not_picked":["Velvet Choker","Busted Crown"],"picked":"Lizard Tail"},{"not_picked":["Runic Pyramid","Runic Dome"],"picked":"Nuclear Battery"}],"items_purged_floors":[10,38],"is_endless":false,"potions_floor_spawned":[11,13,14,19,25,33,35,39],"killed_by":"Giant Head","ascension_level":5}