{"gold_per_floor":[214,226,244,244,92,92,92,92,146,161,204,204,222,41,41,171,171,194,207,122,143,158,158,191,191,218,329,341,397,423,449,461,592,604,629,264,288,288,311,350,350,368,420,144,144,144,164,205,205,205,205,205,106,142,142],"floor_reached":55,"playtime":2961,"items_purged":["Strike_B","Strike_B","Defend_B"],"score":1126,"play_id":"3c28c075-6236-4de9-9bd6-c41b583aed3c","local_time":"20190428160009","is_ascension_mode":true,"campfire_choices":[{"data":"Dualcast","floor":6.0,"key":"SMITH"},{"data":"Coolheaded","floor":8.0,"key":"SMITH"},{"floor":12.0,"key":"REST"},{"data":"Consume","floor":15.0,"key":"SMITH"},{"data":"Sunder","floor":23.0,"key":"SMITH"},{"floor":25.0,"key":"REST"},{"data":"Go for the Eyes","floor":28.0,"key":"SMITH"},{"floor":32.0,"key":"REST"},{"data":"Coolheaded","floor":41.0,"key":"SMITH"},{"floor":46.0,"key":"REST"},{"floor":49.0,"key":"RECALL"},{"data":"Echo Form","floor":52.0,"key":"SMITH"}],"neow_cost":"NONE","seed_source_timestamp":1317055586458352,"circlet_count":0,"master_deck":["AscendersBane","Strike_B","Defend_B","Defend_B","Defend_B+1","Zap+1","Dualcast+1","Coolheaded+1","Consume+1","Capacitor","Self Repair","Cold Snap","Leap","Compile Driver","Genetic Algorithm","Sunder+1","Capacitor","Biased Cognition","Sweeping Beam+1","Go for the Eyes+1","Ball Lightning+1","Darkness+1","Stack","Compile Driver","Coolheaded+1","Core Surge","Conserve Battery+1","BootSequence","FTL","Steam Power","Chaos+1","Go for the Eyes+1","Electrodynamics","Undo+1","Echo Form+1","Steam+1"],"special_seed":0,"relics":["FrozenCore","Golden Idol","Tiny Chest","Bag of Marbles","Philosopher\u0027s Stone","PreservedInsect","Omamori","MawBank","War Paint","Lee\u0027s Waffle","Blue Candle","Blood Vial","Bronze Scales"],"potions_floor_usage":[54,54,54],"damage_taken":[{"damage":4.0,"enemies":"2 Louse","floor":1.0,"turns":4.0},{"damage":4.0,"enemies":"Jaw Worm","floor":2.0,"turns":4.0},{"damage":7.0,"enemies":"Small Slimes","floor":3.0,"turns":3.0},{"damage":7.0,"enemies":"3 Louse","floor":10.0,"turns":2.0},{"damage":24.0,"enemies":"Gremlin Nob","floor":11.0,"turns":4.0},{"damage":4.0,"enemies":"Large Slime","floor":13.0,"turns":6.0},{"damage":2.0,"enemies":"The Guardian","floor":16.0,"turns":12.0},{"damage":33.0,"enemies":"Spheric Guardian","floor":18.0,"turns":6.0},{"damage":12.0,"enemies":"Chosen","floor":19.0,"turns":4.0},{"damage":9.0,"enemies":"Snecko","floor":21.0,"turns":5.0},{"damage":2.0,"enemies":"Cultist and Chosen","floor":22.0,"turns":6.0},{"damage":26.0,"enemies":"Slavers","floor":24.0,"turns":3.0},{"damage":16.0,"enemies":"Book of Stabbing","floor":29.0,"turns":5.0},{"damage":17.0,"enemies":"Shelled Parasite and Fungi","floor":30.0,"turns":7.0},{"damage":11.0,"enemies":"Snake Plant","floor":31.0,"turns":6.0},{"damage":3.0,"enemies":"Champ","floor":33.0,"turns":11.0},{"damage":12.0,"enemies":"Orb Walker","floor":35.0,"turns":4.0},{"damage":0.0,"enemies":"3 Shapes","floor":37.0,"turns":6.0},{"damage":0.0,"enemies":"Maw","floor":39.0,"turns":9.0},{"damage":51.0,"enemies":"Nemesis","floor":40.0,"turns":9.0},{"damage":0.0,"enemies":"Jaw Worm Horde","floor":42.0,"turns":4.0},{"damage":27.0,"enemies":"4 Shapes","floor":47.0,"turns":5.0},{"damage":9.0,"enemies":"Reptomancer","floor":48.0,"turns":7.0},{"damage":35.0,"enemies":"Awakened One","floor":50.0,"turns":17.0},{"damage":32,"enemies":"Shield and Spear","floor":54,"turns":8},{"damage":40,"enemies":"The Heart","floor":55,"turns":5}],"seed_played":"9101025886793043677","potions_obtained":[{"floor":2.0,"key":"SkillPotion"},{"floor":3.0,"key":"Strength Potion"},{"floor":13.0,"key":"EssenceOfSteel"},{"floor":21.0,"key":"FocusPotion"},{"floor":24.0,"key":"AttackPotion"},{"floor":31.0,"key":"Fire Potion"},{"floor":33.0,"key":"Block Potion"},{"floor":37.0,"key":"Explosive Potion"}],"is_trial":false,"path_per_floor":["M","M","M","?","$","R","?","R","T","M","E","R","M","$","R","B",null,"M","M","?","M","M","R","E","R","T","?","R","E","M","M","R","B",null,"M","$","M","?","M","E","R","M","T","$","?","R","M","E","R","B",null,"R","$","E","B"],"character_chosen":"DEFECT","items_purchased":["Self Repair","Genetic Algorithm","Sunder","Capacitor","BootSequence","Lee\u0027s Waffle","Electrodynamics","Energy Potion","Fire Potion"],"campfire_rested":4,"item_purchase_floors":[5,14,14,14,36,36,44,53,53],"current_hp_per_floor":[64,60,53,53,53,53,35,35,35,28,11,33,36,36,36,41,67,41,36,36,34,39,39,20,42,42,42,42,33,23,19,41,45,68,63,82,82,82,82,38,38,38,38,38,38,61,41,39,39,6,60,60,60,37,0],"gold":142,"neow_bonus":"HUNDRED_GOLD","is_prod":false,"is_daily":false,"chose_seed":false,"campfire_upgraded":7,"win_rate":0,"timestamp":1556434809,"path_taken":["M","M","M","?","$","R","?","R","T","M","E","R","M","$","R","BOSS","M","M","?","M","M","R","E","R","T","?","R","E","M","M","R","BOSS","M","$","M","?","M","E","R","M","T","?","?","R","M","E","R","BOSS","R","$","E","BOSS"],"build_version":"2019-01-23","purchased_purges":3,"victory":false,"max_hp_per_floor":[75,75,75,75,75,75,75,75,75,75,75,75,75,75,75,75,75,75,75,75,75,75,75,75,75,75,75,75,75,75,75,75,75,75,75,82,82,82,82,82,82,82,82,82,78,78,78,78,78,78,78,78,78,78,78],"card_choices":[{"not_picked":["Steam","Force Field"],"picked":"Coolheaded","floor":1.0},{"not_picked":["Redo","Scrape"],"picked":"Consume","floor":2.0},{"not_picked":["Barrage","Coolheaded"],"picked":"Capacitor","floor":3.0},{"not_picked":["Chill","Rebound"],"picked":"Cold Snap","floor":10.0},{"not_picked":["Cold Snap","Rebound"],"picked":"Leap","floor":11.0},{"not_picked":["Force Field","Cold Snap"],"picked":"Compile Driver","floor":13.0},{"not_picked":["Buffer","All For One"],"picked":"Biased Cognition","floor":16.0},{"not_picked":["Conserve Battery","Leap"],"picked":"Sweeping Beam+1","floor":18.0},{"not_picked":["Coolheaded","Fusion"],"picked":"Go for the Eyes","floor":19.0},{"not_picked":["Stack","Rebound+1"],"picked":"Ball Lightning+1","floor":21.0},{"not_picked":["Loop","White Noise"],"picked":"Darkness+1","floor":22.0},{"not_picked":["Barrage","Ball Lightning"],"picked":"Stack","floor":24.0},{"not_picked":["Gash","Blizzard","Cold Snap"],"picked":"SKIP","floor":29.0},{"not_picked":["Loop","Beam Cell"],"picked":"Compile Driver","floor":30.0},{"not_picked":["Heatsinks","Amplify"],"picked":"Coolheaded","floor":31.0},{"not_picked":["Biased Cognition","Seek"],"picked":"Core Surge","floor":33.0},{"not_picked":["Streamline","Leap"],"picked":"Conserve Battery+1","floor":35.0},{"not_picked":["Heatsinks+1","Go for the Eyes"],"picked":"FTL","floor":37.0},{"not_picked":["BootSequence+1","Hologram"],"picked":"Chaos+1","floor":39.0},{"not_picked":["Beam Cell+1","Leap","Streamline+1"],"picked":"SKIP","floor":40.0},{"not_picked":["Coolheaded","Aggregate+1"],"picked":"Go for the Eyes+1","floor":42.0},{"not_picked":["Lockon","Steam+1"],"picked":"Undo+1","floor":47.0},{"not_picked":["Defragment+1","Gash+1"],"picked":"Echo Form","floor":48.0},{"not_picked":["Lockon","Leap+1"],"picked":"Steam+1","floor":54}],"player_experience":449211,"relics_obtained":[{"floor":9.0,"key":"Tiny Chest"},{"floor":11.0,"key":"Bag of Marbles"},{"floor":24.0,"key":"Omamori"},{"floor":26.0,"key":"MawBank"},{"floor":29.0,"key":"War Paint"},{"floor":40.0,"key":"Blue Candle"},{"floor":48.0,"key":"Blood Vial"},{"floor":54,"key":"Bronze Scales"}],"event_choices":[{"damage_healed":0.0,"max_hp_gain":0.0,"max_hp_loss":0.0,"gold_gain":0.0,"event_name":"Liars Game","player_choice":"Ignored","floor":4.0,"gold_loss":0.0,"damage_taken":0.0},{"damage_healed":0.0,"max_hp_gain":0.0,"max_hp_loss":0.0,"gold_gain":0.0,"event_name":"Golden Idol","player_choice":"Take Damage","floor":7.0,"gold_loss":0.0,"damage_taken":18.0,"relics_obtained":["Golden Idol"]},{"damage_healed":0.0,"max_hp_gain":0.0,"max_hp_loss":0.0,"gold_gain":0.0,"event_name":"Addict","player_choice":"Obtained Relic","floor":20.0,"gold_loss":85.0,"damage_taken":0.0,"relics_obtained":["PreservedInsect"]},{"damage_healed":0.0,"max_hp_gain":0.0,"max_hp_loss":0.0,"gold_gain":99.0,"event_name":"Nest","player_choice":"Stole From Cult","floor":27.0,"gold_loss":0.0,"damage_taken":0.0},{"damage_healed":0.0,"max_hp_gain":0.0,"max_hp_loss":0.0,"gold_gain":0.0,"cards_transformed":["Strike_B"],"event_name":"Transmorgrifier","player_choice":"Transformed","floor":38.0,"gold_loss":0.0,"damage_taken":0.0,"cards_obtained":["Steam Power"]},{"damage_healed":0.0,"max_hp_gain":0.0,"max_hp_loss":4.0,"gold_gain":0.0,"event_name":"Winding Halls","player_choice":"Max HP","floor":45.0,"gold_loss":0.0,"damage_taken":0.0}],"is_beta":false,"boss_relics":[{"not_picked":["Orrery","Black Star"],"picked":"Philosopher\u0027s Stone"},{"not_picked":["Coffee Dripper","Runic Pyramid"],"picked":"FrozenCore"}],"items_purged_floors":[5,36,44],"is_endless":false,"potions_floor_spawned":[2,3,13,21,24,31,33,37,39,40,47],"killed_by":"The Heart","ascension_level":10}