{"gold_per_floor":[115,115,127,137,152,152,165,192,219,7,25,25,25],"floor_reached":13,"playtime":536,"items_purged":[],"score":174,"play_id":"01f9a9a6-55d7-4352-a598-01c8e7c6b997","local_time":"20190430174033","is_ascension_mode":true,"campfire_choices":[{"data":"Zap","floor":6,"key":"SMITH"},{"data":"Buffer","floor":12,"key":"SMITH"}],"neow_cost":"NONE","seed_source_timestamp":3268045693702322,"circlet_count":0,"master_deck":["AscendersBane","Strike_B","Strike_B","Strike_B","Strike_B","Defend_B","Defend_B","Defend_B","Defend_B","Zap+1","Dualcast","Core Surge","Compile Driver","Cold Snap","Undo","Buffer+1","Magnetism","Hologram"],"relics":["Cracked Core","Omamori","Vajra"],"potions_floor_usage":[11],"damage_taken":[{"damage":9,"enemies":"Small Slimes","floor":1,"turns":6},{"damage":1,"enemies":"Cultist","floor":3,"turns":3},{"damage":0,"enemies":"2 Louse","floor":4,"turns":1},{"damage":7,"enemies":"Looter","floor":5,"turns":3},{"damage":16,"enemies":"Large Slime","floor":7,"turns":7},{"damage":32,"enemies":"Gremlin Nob","floor":8,"turns":5},{"damage":3,"enemies":"Gremlin Gang","floor":11,"turns":6},{"damage":11,"enemies":"Red Slaver","floor":13,"turns":1}],"seed_played":"-3424734372520682994","potions_obtained":[{"floor":1,"key":"LiquidBronze"},{"floor":3,"key":"Block Potion"}],"is_trial":false,"path_per_floor":["M","?","M","M","M","R","M","E","T","$","M","R","M"],"character_chosen":"DEFECT","items_purchased":["Magnetism","Hologram"],"campfire_rested":0,"item_purchase_floors":[10,10],"current_hp_per_floor":[62,62,61,61,54,54,38,6,6,6,3,3,0],"gold":25,"neow_bonus":"TEN_PERCENT_HP_BONUS","is_prod":false,"is_daily":false,"chose_seed":false,"campfire_upgraded":2,"win_rate":0,"timestamp":1556642433,"path_taken":["M","?","M","M","M","R","M","E","T","$","?","R","M"],"build_version":"2019-01-23","purchased_purges":0,"victory":false,"max_hp_per_floor":[78,78,78,78,78,78,78,78,78,78,78,78,78],"card_choices":[{"not_picked":["Steam","Leap","Tempest"],"picked":"SKIP","floor":1},{"not_picked":["Blizzard","Force Field"],"picked":"Compile Driver","floor":3},{"not_picked":["Darkness","Beam Cell"],"picked":"Cold Snap","floor":4},{"not_picked":["Stack","Hello World"],"picked":"Undo","floor":5},{"not_picked":["Conserve Battery","Beam Cell"],"picked":"Buffer","floor":7},{"not_picked":["Turbo","Hello World","Rip and Tear"],"picked":"SKIP","floor":8},{"not_picked":["Hologram","Rebound","Lockon"],"picked":"SKIP","floor":11}],"player_experience":263477,"relics_obtained":[{"floor":8,"key":"Omamori"},{"floor":9,"key":"Vajra"}],"event_choices":[{"damage_healed":0,"gold_gain":0,"player_choice":"1 cards matched","damage_taken":0,"max_hp_gain":0,"max_hp_loss":0,"event_name":"Match and Keep!","floor":2,"gold_loss":0,"cards_obtained":["Core Surge"]}],"is_beta":false,"boss_relics":[],"items_purged_floors":[],"is_endless":false,"potions_floor_spawned":[1,3,5],"killed_by":"Red Slaver","ascension_level":20}