{"gold_per_floor":[109,57,57,67,67,67,100,100,153,153,174,188,222,245,245,245],"floor_reached":16,"playtime":500,"items_purged":[],"score":193,"play_id":"c7a80d99-e115-4250-8312-ff223079db3c","local_time":"20190415125032","is_ascension_mode":true,"campfire_choices":[{"data":"True Grit","floor":6,"key":"SMITH"},{"floor":8,"key":"REST"},{"data":"Inflame","floor":10,"key":"SMITH"},{"data":"Impervious","floor":15,"key":"SMITH"}],"neow_cost":"NONE","seed_source_timestamp":120508223270543,"circlet_count":0,"master_deck":["AscendersBane","Strike_R","Strike_R","Strike_R","Strike_R","Strike_R","Defend_R","Defend_R","Defend_R","Defend_R","Bash","Purity","Headbutt","True Grit+1","Anger","Injury","Inflame+1","Feel No Pain","Feed","Impervious+1"],"relics":["Burning Blood","Golden Idol","Singing Bowl","Lantern","Pen Nib"],"potions_floor_usage":[13,14],"damage_taken":[{"damage":5,"enemies":"2 Louse","floor":1,"turns":5},{"damage":0,"enemies":"Cultist","floor":4,"turns":4},{"damage":54,"enemies":"Lagavulin","floor":7,"turns":7},{"damage":3,"enemies":"Small Slimes","floor":11,"turns":4},{"damage":11,"enemies":"3 Louse","floor":12,"turns":5},{"damage":16,"enemies":"Gremlin Nob","floor":13,"turns":3},{"damage":8,"enemies":"Blue Slaver","floor":14,"turns":3},{"damage":51,"enemies":"Hexaghost","floor":16,"turns":10}],"seed_played":"-8212983110636246044","potions_obtained":[{"floor":11,"key":"AttackPotion"},{"floor":14,"key":"Fruit Juice"}],"is_trial":false,"path_per_floor":["M","$","?","M","?","R","E","R","T","R","M","M","E","M","R","B"],"character_chosen":"IRONCLAD","items_purchased":["True Grit"],"campfire_rested":1,"item_purchase_floors":[2],"current_hp_per_floor":[69,69,75,75,75,75,27,49,49,49,52,47,42,48,48,0],"gold":245,"neow_bonus":"RANDOM_COLORLESS","is_prod":false,"is_daily":false,"chose_seed":false,"campfire_upgraded":3,"win_rate":0,"timestamp":1555357832,"path_taken":["M","$","?","?","?","R","E","R","T","R","M","M","E","M","R","BOSS"],"build_version":"2019-01-23","purchased_purges":0,"victory":false,"max_hp_per_floor":[75,75,75,75,75,75,75,75,75,75,75,75,80,88,88,88],"card_choices":[{"not_picked":["Reckless Charge","Warcry"],"picked":"Headbutt","floor":1},{"not_picked":["Wild Strike","Blood for Blood"],"picked":"Anger","floor":4},{"not_picked":["Bloodletting","Cleave"],"picked":"Inflame","floor":7},{"not_picked":["Flex","Wild Strike"],"picked":"Feel No Pain","floor":11},{"not_picked":["Heavy Blade","Thunderclap"],"picked":"Feed","floor":12},{"not_picked":["Wild Strike","Flex","Evolve"],"picked":"Singing Bowl","floor":13},{"not_picked":["Clash","Body Slam"],"picked":"Impervious","floor":14}],"player_experience":434171,"relics_obtained":[{"floor":7,"key":"Singing Bowl"},{"floor":9,"key":"Lantern"},{"floor":13,"key":"Pen Nib"}],"event_choices":[{"damage_healed":6,"gold_gain":0,"player_choice":"Full Heal","damage_taken":0,"max_hp_gain":0,"max_hp_loss":0,"event_name":"Wheel of Change","floor":3,"gold_loss":0},{"damage_healed":0,"gold_gain":0,"player_choice":"Take Wound","damage_taken":0,"relics_obtained":["Golden Idol"],"max_hp_gain":0,"max_hp_loss":0,"event_name":"Golden Idol","floor":5,"gold_loss":0,"cards_obtained":["Injury"]}],"is_beta":false,"boss_relics":[],"items_purged_floors":[],"is_endless":false,"potions_floor_spawned":[11,14],"killed_by":"Hexaghost","ascension_level":15}