{"gold_per_floor":[118,132,132,132,149,149,183,183,208,133,145,174,186,224,236,343,355,378,402,414,80,93,93],"floor_reached":23,"playtime":1832,"items_purged":["Strike_R","Strike_R"],"score":282,"play_id":"fd6005e3-8c1d-4952-9735-ced56d5d44f8","local_time":"20190413001046","is_ascension_mode":true,"campfire_choices":[{"data":"Armaments","floor":6,"key":"SMITH"},{"floor":8,"key":"REST"},{"data":"Warcry","floor":13,"key":"SMITH"},{"floor":15,"key":"REST"}],"neow_cost":"NONE","seed_source_timestamp":541612502366869,"circlet_count":0,"master_deck":["Defend_R+1","Defend_R","Defend_R","Bash","Ghostly Armor+1","Armaments+1","Burning Pact","Cleave","Warcry+1","Headbutt","Shockwave+1","Impervious+1","Body Slam","Clothesline","Warcry+1","Shrug It Off+1","Shrug It Off+1"],"relics":["Burning Blood","Regal Pillow","War Paint","Pen Nib","MawBank","Toxic Egg 2","Empty Cage","Juzu Bracelet"],"potions_floor_usage":[7,22,23],"damage_taken":[{"damage":9,"enemies":"Jaw Worm","floor":1,"turns":4},{"damage":5,"enemies":"Small Slimes","floor":2,"turns":5},{"damage":5,"enemies":"Cultist","floor":5,"turns":4},{"damage":56,"enemies":"Gremlin Nob","floor":7,"turns":5},{"damage":3,"enemies":"2 Fungi Beasts","floor":11,"turns":4},{"damage":27,"enemies":"Lagavulin","floor":12,"turns":8},{"damage":7,"enemies":"3 Sentries","floor":14,"turns":6},{"damage":75,"enemies":"Slime Boss","floor":16,"turns":12},{"damage":50,"enemies":"Spheric Guardian","floor":18,"turns":8},{"damage":18,"enemies":"Shell Parasite","floor":19,"turns":7},{"damage":26,"enemies":"Cultist and Chosen","floor":22,"turns":8},{"damage":16,"enemies":"Sentry and Sphere","floor":23,"turns":5}],"seed_played":"-2001753844802822848","potions_obtained":[{"floor":1,"key":"FairyPotion"},{"floor":2,"key":"PowerPotion"},{"floor":14,"key":"LiquidBronze"},{"floor":22,"key":"SkillPotion"}],"is_trial":false,"path_per_floor":["M","M","?","?","M","R","E","R","T","$","M","E","R","E","R","B",null,"M","M","?","$","M","M"],"character_chosen":"IRONCLAD","items_purchased":["Warcry+1","Shrug It Off+1","Juzu Bracelet"],"campfire_rested":2,"item_purchase_floors":[21,21,21],"current_hp_per_floor":[69,70,75,75,76,76,26,66,66,66,69,48,48,47,85,16,68,24,12,12,12,14,0],"gold":93,"neow_bonus":"RANDOM_COMMON_RELIC","is_prod":false,"is_daily":false,"chose_seed":false,"campfire_upgraded":2,"win_rate":0,"timestamp":1555081846,"path_taken":["M","M","?","?","M","R","E","R","T","?","?","E","R","E","R","BOSS","M","M","?","$","M","M"],"build_version":"2019-01-23","purchased_purges":2,"victory":false,"max_hp_per_floor":[80,80,85,85,85,85,85,85,85,85,85,85,85,85,85,85,85,85,85,85,85,85,85],"card_choices":[{"not_picked":["Blood for Blood","Thunderclap"],"picked":"Ghostly Armor","floor":1},{"not_picked":["Warcry","Havoc"],"picked":"Armaments","floor":2},{"not_picked":["Armaments","Warcry"],"picked":"Burning Pact","floor":5},{"not_picked":["Flex","Evolve"],"picked":"Cleave","floor":7},{"not_picked":["Bloodletting","Clash"],"picked":"Warcry","floor":11},{"not_picked":["Dropkick","Searing Blow"],"picked":"Headbutt","floor":12},{"not_picked":["Heavy Blade","Infernal Blade"],"picked":"Shockwave","floor":14},{"not_picked":["Exhume+1","Reaper"],"picked":"Impervious+1","floor":16},{"not_picked":["Thunderclap","Clash"],"picked":"Body Slam","floor":18},{"not_picked":["Headbutt+1","Inflame"],"picked":"Clothesline","floor":19},{"not_picked":["Thunderclap","Sword Boomerang"],"picked":"Shrug It Off+1","floor":22}],"player_experience":315228,"relics_obtained":[{"floor":7,"key":"War Paint"},{"floor":9,"key":"Pen Nib"},{"floor":12,"key":"MawBank"},{"floor":14,"key":"Toxic Egg 2"}],"event_choices":[{"damage_healed":0,"gold_gain":0,"player_choice":"Donut","damage_taken":0,"max_hp_gain":5,"max_hp_loss":0,"event_name":"Big Fish","floor":3,"gold_loss":0},{"cards_removed":["Strike_R"],"damage_healed":0,"gold_gain":0,"player_choice":"Forget","damage_taken":0,"max_hp_gain":0,"max_hp_loss":0,"event_name":"Living Wall","floor":4,"gold_loss":0},{"cards_removed":["Strike_R"],"damage_healed":0,"gold_gain":0,"player_choice":"Elegance","damage_taken":0,"max_hp_gain":0,"max_hp_loss":0,"event_name":"Back to Basics","floor":20,"gold_loss":0}],"is_beta":false,"boss_relics":[{"not_picked":["Snecko Eye","Tiny House"],"picked":"Empty Cage"}],"items_purged_floors":[10,21],"is_endless":false,"potions_floor_spawned":[1,2,14,22],"killed_by":"Sentry and Sphere","ascension_level":7}