{"gold_per_floor":[118,118,128,128,128,159,171,171,171,199,32,62,82,93,93,198,198,217,231,241,340,240,266,266,300,300,300,317,174,191,225,225,326,326,337,348,359,370,382,417,417,446,476,94,107,140,159,175,175,175],"floor_reached":51,"playtime":3057,"items_purged":["Strike_G","Strike_G","Dagger Spray"],"score":1044,"play_id":"77f8a3ca-9f63-4e7e-9d59-f328b3786c0b","local_time":"20180813080457","is_ascension_mode":true,"campfire_choices":[{"data":"Neutralize","floor":8,"key":"SMITH"},{"data":"Noxious Fumes","floor":15,"key":"SMITH"},{"floor":27,"key":"REST"},{"floor":32,"key":"REST"},{"floor":49,"key":"REST"}],"neow_cost":"NONE","seed_source_timestamp":377604106036291,"circlet_count":0,"master_deck":["Defend_G","Defend_G","Defend_G","Defend_G","Defend_G","Survivor","Neutralize+1","Cloak And Dagger","Madness","Dagger Throw+1","Flying Knee+1","Escape Plan","Noxious Fumes+1","Slice+1","Dash+1","Flying Knee+1","Dagger Spray+1","Burst","Poisoned Stab+1","Poisoned Stab+1","Dagger Throw+1","Bite+1","Bite+1","Bite+1","Bite+1","Bite+1","Well Laid Plans+1","Acrobatics","Sucker Punch+1","Malaise","Backflip+1","Predator+1","Dodge and Roll+1","Doppelganger","Doppelganger","Madness","Magnetism","Mind Blast+1","Outmaneuver+1","Dash+1","Dash+1","Bouncing Flask+1","Leg Sweep+1"],"relics":["Ring of the Snake","NeowsBlessing","Meat on the Bone","Molten Egg 2","Snake Skull","Matryoshka","Lantern","Fusion Hammer","Anchor","Oddly Smooth Stone","Happy Flower","StoneCalendar","Vajra","Pantograph","Runic Dome","Bag of Marbles","Torii","Tiny Chest","Smiling Mask","Lee\u0027s Waffle","Pear"],"potions_floor_usage":[16,20,20,33,33,37,50,50],"damage_taken":[{"damage":0,"enemies":"Cultist","floor":1,"turns":1},{"damage":0,"enemies":"Small Slimes","floor":3,"turns":1},{"damage":0,"enemies":"Lagavulin","floor":6,"turns":1},{"damage":1,"enemies":"Jaw Worm","floor":7,"turns":5},{"damage":11,"enemies":"3 Sentries","floor":10,"turns":9},{"damage":28,"enemies":"Gremlin Nob","floor":12,"turns":4},{"damage":0,"enemies":"Lots of Slimes","floor":13,"turns":4},{"damage":0,"enemies":"Red Slaver","floor":14,"turns":2},{"damage":8,"enemies":"Hexaghost","floor":16,"turns":8},{"damage":0,"enemies":"Chosen","floor":18,"turns":4},{"damage":0,"enemies":"2 Thieves","floor":19,"turns":3},{"damage":24,"enemies":"Sentry and Sphere","floor":20,"turns":5},{"damage":0,"enemies":"Gremlin Leader","floor":23,"turns":6},{"damage":59,"enemies":"Book of Stabbing","floor":25,"turns":6},{"damage":25,"enemies":"Centurion and Healer","floor":28,"turns":6},{"damage":0,"enemies":"Snecko","floor":30,"turns":3},{"damage":7,"enemies":"Slavers","floor":31,"turns":4},{"damage":62,"enemies":"Collector","floor":33,"turns":8},{"damage":0,"enemies":"Orb Walker","floor":35,"turns":4},{"damage":0,"enemies":"3 Shapes","floor":36,"turns":6},{"damage":11,"enemies":"Spire Growth","floor":37,"turns":3},{"damage":18,"enemies":"Maw","floor":38,"turns":8},{"damage":4,"enemies":"Flame Bruiser 2 Orb","floor":39,"turns":5},{"damage":9,"enemies":"2 Orb Walkers","floor":40,"turns":4},{"damage":43,"enemies":"Nemesis","floor":42,"turns":5},{"damage":1,"enemies":"4 Shapes","floor":45,"turns":3},{"damage":8,"enemies":"2 Orb Walkers","floor":46,"turns":3},{"damage":21,"enemies":"Maw","floor":47,"turns":7},{"damage":30,"enemies":"Flame Bruiser 2 Orb","floor":48,"turns":5},{"damage":72,"enemies":"Time Eater","floor":50,"turns":13}],"seed_played":"-7882940881036665089","potions_obtained":[{"floor":3,"key":"LiquidBronze"},{"floor":6,"key":"Explosive Potion"},{"floor":13,"key":"Dexterity Potion"},{"floor":16,"key":"Ancient Potion"},{"floor":25,"key":"Fire Potion"},{"floor":28,"key":"Weak Potion"},{"floor":35,"key":"Dexterity Potion"},{"floor":39,"key":"LiquidBronze"}],"is_trial":false,"path_per_floor":["M","?","M","?","?","E","M","R","T","E","$","E","M","M","R","B",null,"M","M","M","?","$","E","?","E","T","R","M","$","M","E","R","B",null,"M","M","M","M","M","E","?","E","T","$","M","E","M","M","R","B"],"character_chosen":"THE_SILENT","items_purchased":["Noxious Fumes","Slice+1","Vajra","Lee\u0027s Waffle","Dash+1","Fire Potion"],"campfire_rested":3,"item_purchase_floors":[11,11,29,44,44,44],"current_hp_per_floor":[70,70,70,70,58,58,57,57,57,48,48,34,36,38,38,44,70,70,70,46,46,46,48,48,16,16,37,39,39,51,59,70,35,70,70,70,62,64,70,66,56,37,37,77,76,87,84,69,87,45],"gold":175,"neow_bonus":"THREE_ENEMY_KILL","is_prod":false,"is_daily":false,"chose_seed":false,"campfire_upgraded":2,"win_rate":0,"timestamp":1534172697,"path_taken":["M","?","M","?","?","E","M","R","T","E","$","E","M","M","R","BOSS","M","M","?","?","$","E","?","E","T","R","?","$","?","E","R","BOSS","M","M","M","M","M","E","?","E","T","$","M","E","?","?","R","BOSS"],"build_version":"2018-08-09","purchased_purges":3,"victory":true,"max_hp_per_floor":[70,70,70,70,70,70,70,70,70,70,70,70,70,70,70,70,70,70,70,70,70,70,70,70,70,70,70,70,70,70,70,70,70,70,70,70,70,70,70,70,70,70,70,77,77,87,87,87,87,87],"card_choices":[{"not_picked":["Deflect","Caltrops"],"picked":"Cloak And Dagger","floor":1},{"not_picked":["Reflex","Predator"],"picked":"Dagger Spray","floor":3},{"not_picked":["Poisoned Stab+1","Quick Slash+1"],"picked":"Dagger Throw+1","floor":6},{"not_picked":["Prepared","Deadly Poison"],"picked":"Flying Knee+1","floor":7},{"not_picked":["Corpse Explosion","Flechettes+1"],"picked":"Escape Plan","floor":10},{"not_picked":["Well Laid Plans","Leg Sweep"],"picked":"Dash+1","floor":12},{"not_picked":["Backflip","Choke+1"],"picked":"Flying Knee+1","floor":13},{"not_picked":["Endless Agony+1","Dodge and Roll"],"picked":"Dagger Spray+1","floor":14},{"not_picked":["Storm of Steel","Venomology"],"picked":"Burst","floor":16},{"not_picked":["PiercingWail+1","Deadly Poison"],"picked":"Poisoned Stab+1","floor":18},{"not_picked":["Dagger Spray+1","Cloak And Dagger","Dodge and Roll"],"picked":"SKIP","floor":19},{"not_picked":["Expertise+1","Caltrops"],"picked":"Poisoned Stab+1","floor":20},{"not_picked":["Eviscerate+1","Infinite Blades"],"picked":"Dagger Throw+1","floor":23},{"not_picked":["Unload+1","Dagger Spray+1","Deadly Poison+1"],"picked":"SKIP","floor":25},{"not_picked":["Heel Hook+1","Underhanded Strike+1"],"picked":"Well Laid Plans+1","floor":28},{"not_picked":["Slice+1","Poisoned Stab+1"],"picked":"Acrobatics","floor":30},{"not_picked":["Bane+1","Cloak And Dagger"],"picked":"Sucker Punch+1","floor":31},{"not_picked":["Corpse Explosion","After Image"],"picked":"Malaise","floor":33},{"not_picked":["Cloak And Dagger+1","Riddle With Holes+1"],"picked":"Backflip+1","floor":35},{"not_picked":["Bane+1","Quick Slash+1","Underhanded Strike+1"],"picked":"SKIP","floor":36},{"not_picked":["Dodge and Roll","Flechettes+1"],"picked":"Predator+1","floor":37},{"not_picked":["Underhanded Strike+1","Slice+1"],"picked":"Dodge and Roll+1","floor":38},{"not_picked":["Masterful Stab+1","Deflect"],"picked":"Doppelganger","floor":39},{"not_picked":["Blade Dance","Dagger Throw+1"],"picked":"Doppelganger","floor":40},{"not_picked":["Blind","Deep Breath"],"picked":"Madness","floor":41},{"not_picked":["Good Instincts","Master of Strategy"],"picked":"Magnetism","floor":41},{"not_picked":["Jack Of All Trades","Deep Breath"],"picked":"Mind Blast+1","floor":41},{"not_picked":["Flying Knee+1","Predator+1"],"picked":"Outmaneuver+1","floor":42},{"not_picked":["Prepared","Flechettes+1"],"picked":"Dash+1","floor":45},{"not_picked":["Bane+1","Accuracy","Riddle With Holes+1"],"picked":"SKIP","floor":46},{"not_picked":["Riddle With Holes+1","All Out Attack+1"],"picked":"Bouncing Flask+1","floor":47},{"not_picked":["Deadly Poison+1","Dash+1"],"picked":"Leg Sweep+1","floor":48}],"player_experience":51236,"relics_obtained":[{"floor":6,"key":"Snake Skull"},{"floor":9,"key":"Blood Vial"},{"floor":10,"key":"Matryoshka"},{"floor":12,"key":"Lantern"},{"floor":23,"key":"Anchor"},{"floor":25,"key":"Oddly Smooth Stone"},{"floor":26,"key":"Happy Flower"},{"floor":26,"key":"StoneCalendar"},{"floor":31,"key":"Pantograph"},{"floor":40,"key":"Bag of Marbles"},{"floor":42,"key":"Torii"},{"floor":43,"key":"Tiny Chest"},{"floor":43,"key":"Smiling Mask"},{"floor":46,"key":"Pear"}],"event_choices":[{"event_name":"Match and Keep!","player_choice":"1 cards matched","floor":2,"damage_taken":0},{"event_name":"Wheel of Change","player_choice":"Relic","floor":4,"damage_taken":0},{"event_name":"Scrap Ooze","player_choice":"success","floor":5,"damage_taken":12},{"event_name":"Nest","player_choice":"Stole From Cult","floor":21,"damage_taken":0},{"event_name":"Vampires","player_choice":"Became a vampire (Vial)","floor":24,"damage_taken":0},{"event_name":"SensoryStone","player_choice":"Memory 3","floor":41,"damage_taken":0}],"is_beta":false,"boss_relics":[{"not_picked":["Velvet Choker","Ectoplasm"],"picked":"Fusion Hammer"},{"not_picked":["Philosopher\u0027s Stone","Astrolabe"],"picked":"Runic Dome"}],"items_purged_floors":[11,22,44],"is_endless":false,"potions_floor_spawned":[3,6,13,16,19,25,28,30,35,39,46,48],"ascension_level":3}