{"gold_per_floor":[109,126,126,138,153,153,203,229,229,229,246,246,260,291,291,365,365,378,28,38,56,56,56,68,68,68,97,97],"floor_reached":28,"playtime":899,"items_purged":[],"score":495,"play_id":"d48c952f-6758-4c0d-ab3f-df46483ad9ce","local_time":"20190506113010","is_ascension_mode":true,"campfire_choices":[{"data":"Bludgeon","floor":6,"key":"SMITH"},{"data":"Whirlwind","floor":10,"key":"SMITH"},{"data":"Ghostly Armor","floor":12,"key":"SMITH"},{"data":"Ghostly Armor","floor":15,"key":"SMITH"},{"floor":23,"key":"REST"}],"neow_cost":"NONE","seed_source_timestamp":559702319102100,"circlet_count":0,"master_deck":["AscendersBane","Bash","True Grit+1","Ghostly Armor+1","Heavy Blade","Bludgeon+1","Whirlwind+1","Ghostly Armor+1","Reaper","Blood for Blood","Dropkick","Body Slam","Corruption","Clothesline","Ghostly Armor","Fiend Fire","Fiend Fire","Armaments","Shrug It Off","Spot Weakness+1","Shrug It Off","Heavy Blade+1","Power Through"],"relics":["Burning Blood","PreservedInsect","Art of War","Dream Catcher","Pantograph","Pandora\u0027s Box","Calipers","Charon\u0027s Ashes","Centennial Puzzle"],"potions_floor_usage":[5,14,20,24,27],"damage_taken":[{"damage":2,"enemies":"2 Louse","floor":1,"turns":3},{"damage":0,"enemies":"Cultist","floor":2,"turns":4},{"damage":7,"enemies":"Small Slimes","floor":4,"turns":5},{"damage":3,"enemies":"Blue Slaver","floor":5,"turns":5},{"damage":25,"enemies":"3 Sentries","floor":8,"turns":6},{"damage":7,"enemies":"Looter","floor":11,"turns":3},{"damage":0,"enemies":"3 Louse","floor":13,"turns":2},{"damage":0,"enemies":"Lagavulin","floor":14,"turns":3},{"damage":58,"enemies":"The Guardian","floor":16,"turns":15},{"damage":15,"enemies":"Shell Parasite","floor":18,"turns":9},{"damage":35,"enemies":"3 Byrds","floor":20,"turns":5},{"damage":11,"enemies":"Centurion and Healer","floor":21,"turns":6},{"damage":16,"enemies":"Snecko","floor":24,"turns":5},{"damage":54,"enemies":"Slavers","floor":27,"turns":5},{"damage":16,"enemies":"Sentry and Sphere","floor":28,"turns":3}],"seed_played":"-8232274002412091957","potions_obtained":[{"floor":2,"key":"Strength Potion"},{"floor":4,"key":"SteroidPotion"},{"floor":5,"key":"Fruit Juice"},{"floor":8,"key":"Energy Potion"},{"floor":18,"key":"FearPotion"},{"floor":21,"key":"FearPotion"}],"is_trial":false,"path_per_floor":["M","M","?","M","M","R","?","E","T","R","M","R","M","E","R","B",null,"M","$","M","M","?","R","M","?","T","E","M"],"character_chosen":"IRONCLAD","items_purchased":["Calipers","Shrug It Off"],"campfire_rested":1,"item_purchase_floors":[19,19],"current_hp_per_floor":[72,75,75,74,80,80,80,61,61,61,60,60,66,72,72,28,67,58,58,29,24,24,48,44,44,44,8,0],"gold":97,"neow_bonus":"RANDOM_COMMON_RELIC","is_prod":false,"is_daily":false,"chose_seed":false,"campfire_upgraded":4,"win_rate":0,"timestamp":1557135010,"path_taken":["M","M","?","?","M","R","?","E","T","R","M","R","M","E","R","BOSS","M","$","?","M","?","R","M","?","T","E","M"],"build_version":"2019-01-23","purchased_purges":0,"victory":false,"max_hp_per_floor":[75,75,75,75,80,80,80,80,80,80,80,80,80,80,80,80,80,80,80,80,80,80,80,80,80,80,80,80],"card_choices":[{"not_picked":["Wild Strike","Twin Strike"],"picked":"True Grit","floor":1},{"not_picked":["Body Slam","Sever Soul"],"picked":"Ghostly Armor","floor":2},{"not_picked":["Dropkick","Twin Strike"],"picked":"Heavy Blade","floor":4},{"not_picked":["Perfected Strike","Clothesline"],"picked":"Bludgeon","floor":5},{"not_picked":["Intimidate","Burning Pact"],"picked":"Whirlwind","floor":8},{"not_picked":["Flex","Pommel Strike","Second Wind"],"picked":"SKIP","floor":11},{"not_picked":["Armaments","Wild Strike","Pommel Strike"],"picked":"SKIP","floor":13},{"not_picked":["Clothesline","Rampage"],"picked":"Ghostly Armor","floor":14},{"not_picked":["Immolate","Impervious"],"picked":"Reaper","floor":16},{"not_picked":["Sword Boomerang","Corruption"],"picked":"Armaments","floor":18},{"not_picked":["Shrug It Off","Flex+1"],"picked":"Spot Weakness+1","floor":20},{"not_picked":["Cleave","Wild Strike"],"picked":"Shrug It Off","floor":21},{"not_picked":["Sword Boomerang","Iron Wave"],"picked":"Heavy Blade+1","floor":24},{"not_picked":["Carnage","Cleave"],"picked":"Power Through","floor":27}],"player_experience":1136918,"relics_obtained":[{"floor":8,"key":"Art of War"},{"floor":9,"key":"Dream Catcher"},{"floor":14,"key":"Pantograph"},{"floor":26,"key":"Charon\u0027s Ashes"},{"floor":27,"key":"Centennial Puzzle"}],"event_choices":[{"damage_healed":0,"gold_gain":0,"player_choice":"Upgraded","damage_taken":0,"max_hp_gain":0,"max_hp_loss":0,"event_name":"Upgrade Shrine","floor":3,"gold_loss":0,"cards_upgraded":["True Grit"]},{"damage_healed":0,"gold_gain":50,"player_choice":"Pray","damage_taken":0,"max_hp_gain":0,"max_hp_loss":0,"event_name":"Golden Shrine","floor":7,"gold_loss":0},{"cards_removed":["Sever Soul"],"damage_healed":0,"gold_gain":0,"player_choice":"Elegance","damage_taken":0,"max_hp_gain":0,"max_hp_loss":0,"event_name":"Back to Basics","floor":22,"gold_loss":0},{"damage_healed":0,"gold_gain":0,"player_choice":"Ignored","damage_taken":0,"max_hp_gain":0,"max_hp_loss":0,"event_name":"Vampires","floor":25,"gold_loss":0}],"is_beta":false,"boss_relics":[{"not_picked":["Mark of Pain","Velvet Choker"],"picked":"Pandora\u0027s Box"}],"items_purged_floors":[],"is_endless":false,"potions_floor_spawned":[2,4,5,8,18,21],"killed_by":"Sentry and Sphere","ascension_level":16}