{"gold_per_floor":[117,47,222,222,172,200,200,230,230,31,45,61,78,97,97,194,194,214,232,123,134,59,90,90,101,101,101,101,112,127,142,142,142],"floor_reached":33,"playtime":1796,"items_purged":["Strike_G"],"score":360,"play_id":"ad13adee-5935-4b25-a4c5-ce42f5c95054","local_time":"20181207155051","is_ascension_mode":true,"campfire_choices":[{"floor":7,"key":"REST"},{"data":"Noxious Fumes","floor":15,"key":"SMITH"},{"data":"Catalyst","floor":24,"key":"SMITH"},{"floor":27,"key":"REST"},{"floor":32,"key":"REST"}],"neow_cost":"NONE","seed_source_timestamp":325449306564647,"circlet_count":0,"master_deck":["Defend_G","Defend_G","Defend_G","Defend_G","Defend_G","Strike_G","Strike_G","Strike_G","Survivor","Neutralize","Corpse Explosion","Noxious Fumes+1","Poisoned Stab+1","Dagger Throw+1","Burst","PiercingWail+1","Catalyst+1","Cloak And Dagger","Backflip","Flechettes+1","Heel Hook+1"],"relics":["Ring of the Snake","Thread and Needle","Turnip","Molten Egg 2","Mango","Lee\u0027s Waffle","WristBlade","Ancient Tea Set","Bird Faced Urn","Incense Burner"],"potions_floor_usage":[6,13,16,18,19,23],"damage_taken":[{"damage":4,"enemies":"Small Slimes","floor":1,"turns":4},{"damage":38,"enemies":"Lagavulin","floor":6,"turns":7},{"damage":38,"enemies":"3 Sentries","floor":8,"turns":7},{"damage":0,"enemies":"2 Louse","floor":11,"turns":3},{"damage":0,"enemies":"Jaw Worm","floor":12,"turns":4},{"damage":4,"enemies":"Exordium Thugs","floor":13,"turns":5},{"damage":7,"enemies":"3 Louse","floor":14,"turns":3},{"damage":30,"enemies":"The Guardian","floor":16,"turns":9},{"damage":3,"enemies":"3 Byrds","floor":18,"turns":2},{"damage":8,"enemies":"Spheric Guardian","floor":19,"turns":4},{"damage":4,"enemies":"Snake Plant","floor":21,"turns":4},{"damage":32,"enemies":"Slavers","floor":23,"turns":6},{"damage":12,"enemies":"Shelled Parasite and Fungi","floor":25,"turns":4},{"damage":16,"enemies":"Chosen and Byrds","floor":29,"turns":6},{"damage":8,"enemies":"Cultist and Chosen","floor":30,"turns":5},{"damage":0,"enemies":"Snake Plant","floor":31,"turns":4},{"damage":73,"enemies":"Champ","floor":33,"turns":12}],"seed_played":"7825791735464107674","potions_obtained":[{"floor":1,"key":"Fire Potion"},{"floor":11,"key":"EssenceOfSteel"},{"floor":14,"key":"SteroidPotion"},{"floor":16,"key":"Energy Potion"},{"floor":18,"key":"Poison Potion"},{"floor":21,"key":"Ancient Potion"}],"is_trial":false,"path_per_floor":["M","$","?","?","?","E","R","E","T","$","M","M","M","M","R","B",null,"M","M","$","M","?","E","R","M","T","R","?","M","M","M","R","B"],"character_chosen":"THE_SILENT","items_purchased":["Noxious Fumes","Lee\u0027s Waffle","Catalyst"],"campfire_rested":3,"item_purchase_floors":[2,10,20],"current_hp_per_floor":[66,66,66,63,63,25,46,8,22,91,91,91,87,80,80,50,91,88,80,80,76,76,44,44,32,32,59,59,45,39,41,68,0],"gold":142,"neow_bonus":"ONE_RANDOM_RARE_CARD","is_prod":false,"is_daily":false,"chose_seed":false,"campfire_upgraded":2,"win_rate":0,"timestamp":1544194251,"path_taken":["M","$","?","?","?","E","R","E","T","?","M","M","?","M","R","BOSS","M","M","$","M","?","E","R","M","T","R","?","M","M","M","R","BOSS"],"build_version":"2018-12-06","purchased_purges":1,"victory":false,"max_hp_per_floor":[70,70,70,70,70,70,70,70,84,91,91,91,91,91,91,91,91,91,91,91,91,91,91,91,91,91,91,91,91,91,91,91,91],"card_choices":[{"not_picked":["Concentrate","Slice","Dodge and Roll"],"picked":"SKIP","floor":1},{"not_picked":["Dagger Throw","Well Laid Plans","Cloak And Dagger"],"picked":"SKIP","floor":6},{"not_picked":["Dash","Prepared"],"picked":"Poisoned Stab","floor":8},{"not_picked":["Underhanded Strike+1","Sucker Punch+1","Deadly Poison"],"picked":"SKIP","floor":11},{"not_picked":["Finisher+1","Deflect","Escape Plan"],"picked":"SKIP","floor":12},{"not_picked":["All Out Attack+1","Dagger Spray+1"],"picked":"Dagger Throw+1","floor":13},{"not_picked":["Outmaneuver","Bane+1","Prepared"],"picked":"SKIP","floor":14},{"not_picked":["Storm of Steel","After Image"],"picked":"Burst","floor":16},{"not_picked":["Finisher+1","Dagger Throw+1","Riddle With Holes+1"],"picked":"SKIP","floor":18},{"not_picked":["Prepared+1","Escape Plan"],"picked":"PiercingWail+1","floor":19},{"not_picked":["PiercingWail+1","Dagger Spray+1"],"picked":"Cloak And Dagger","floor":21},{"not_picked":["Quick Slash+1","Well Laid Plans+1"],"picked":"Backflip","floor":23},{"not_picked":["Blade Dance","Underhanded Strike+1"],"picked":"Flechettes+1","floor":25},{"not_picked":["Riddle With Holes+1","Skewer+1","Accuracy"],"picked":"SKIP","floor":29},{"not_picked":["Flying Knee+1","Distraction"],"picked":"Heel Hook+1","floor":30},{"not_picked":["Underhanded Strike+1","Bane+1","Poisoned Stab+1"],"picked":"SKIP","floor":31}],"player_experience":376748,"relics_obtained":[{"floor":6,"key":"Turnip"},{"floor":8,"key":"Molten Egg 2"},{"floor":9,"key":"Mango"},{"floor":23,"key":"Ancient Tea Set"},{"floor":26,"key":"Bird Faced Urn"},{"floor":28,"key":"Incense Burner"}],"event_choices":[{"damage_healed":0,"gold_gain":175,"player_choice":"AGREE","damage_taken":0,"max_hp_gain":0,"max_hp_loss":0,"event_name":"Liars Game","floor":3,"gold_loss":0,"cards_obtained":["Doubt"]},{"damage_healed":0,"gold_gain":0,"player_choice":"Success","damage_taken":3,"relics_obtained":["Thread and Needle"],"max_hp_gain":0,"max_hp_loss":0,"event_name":"Scrap Ooze","floor":4,"gold_loss":0},{"cards_removed":["Doubt"],"damage_healed":0,"gold_gain":0,"player_choice":"Card Removal","damage_taken":0,"max_hp_gain":0,"max_hp_loss":0,"event_name":"The Cleric","floor":5,"gold_loss":50},{"cards_removed":["Strike_G"],"damage_healed":0,"gold_gain":0,"player_choice":"Gave Gold","damage_taken":0,"max_hp_gain":0,"max_hp_loss":0,"event_name":"Beggar","floor":22,"gold_loss":75},{"damage_healed":0,"gold_gain":0,"player_choice":"Relic","damage_taken":0,"max_hp_gain":0,"max_hp_loss":0,"event_name":"Wheel of Change","floor":28,"gold_loss":0}],"is_beta":false,"boss_relics":[{"not_picked":["Ectoplasm","Philosopher\u0027s Stone"],"picked":"WristBlade"}],"items_purged_floors":[20],"is_endless":false,"potions_floor_spawned":[1,11,14,16,18,21],"killed_by":"Champ","ascension_level":4}