{"gold_per_floor":[110,110,59,9,184,184,249,266,266,266,291,291,291,302,302,402,402,413,413,513,532,545,545,563,563,645,645,744,744,756,343,343,446,446,466,466,120,133,133,133,133,133,206,221,221,181,207,226,226,226],"floor_reached":51,"playtime":2104,"items_purged":["Perfected Strike+1","Doubt"],"score":949,"play_id":"2df8b33b-d51c-4e7a-8a6f-71f4c2dd088c","local_time":"20190507004901","is_ascension_mode":true,"campfire_choices":[{"data":"Shrug It Off","floor":6,"key":"SMITH"},{"floor":10,"key":"REST"},{"floor":13,"key":"REST"},{"data":"Body Slam","floor":15,"key":"SMITH"},{"floor":23,"key":"REST"},{"data":"Flame Barrier","floor":25,"key":"SMITH"},{"data":"Shrug It Off","floor":27,"key":"SMITH"},{"floor":29,"key":"REST"},{"data":"Juggernaut","floor":32,"key":"SMITH"},{"data":"Metallicize","floor":40,"key":"SMITH"},{"data":"Defend_R","floor":42,"key":"SMITH"},{"floor":49,"key":"REST"}],"neow_cost":"NONE","seed_source_timestamp":409642116961879,"circlet_count":0,"master_deck":["Strike_R","Defend_R","Defend_R+1","Defend_R+1","Bash+1","Shrug It Off+1","Shrug It Off+1","Body Slam+1","Flame Barrier+1","Metallicize+1","Juggernaut+1","Body Slam+1","Thunderclap+1","Shrug It Off+1"],"relics":["Burning Blood","Tiny Chest","Bag of Marbles","Ancient Tea Set","Pocketwatch","Astrolabe","Blue Candle","War Paint","Potion Belt","Philosopher\u0027s Stone","Bottled Tornado","Dodecahedron","Centennial Puzzle"],"potions_floor_usage":[11,11,16,22,33,35,38,47,47,47,47,47,48,48,50,50,50],"damage_taken":[{"damage":6,"enemies":"Small Slimes","floor":1,"turns":5},{"damage":65,"enemies":"Lagavulin","floor":7,"turns":10},{"damage":3,"enemies":"2 Louse","floor":8,"turns":4},{"damage":11,"enemies":"3 Sentries","floor":11,"turns":9},{"damage":0,"enemies":"Jaw Worm","floor":14,"turns":2},{"damage":61,"enemies":"Hexaghost","floor":16,"turns":15},{"damage":0,"enemies":"Spheric Guardian","floor":18,"turns":3},{"damage":22,"enemies":"3 Byrds","floor":21,"turns":5},{"damage":23,"enemies":"Centurion and Healer","floor":22,"turns":6},{"damage":17,"enemies":"Snake Plant","floor":24,"turns":5},{"damage":1,"enemies":"3 Cultists","floor":30,"turns":5},{"damage":32,"enemies":"Automaton","floor":33,"turns":9},{"damage":9,"enemies":"3 Darklings","floor":35,"turns":4},{"damage":0,"enemies":"3 Shapes","floor":38,"turns":3},{"damage":36,"enemies":"Spire Growth","floor":44,"turns":4},{"damage":1,"enemies":"Reptomancer","floor":47,"turns":4},{"damage":0,"enemies":"Jaw Worm Horde","floor":48,"turns":3},{"damage":31,"enemies":"Donu and Deca","floor":50,"turns":9}],"seed_played":"-3797432698688921183","potions_obtained":[{"floor":7,"key":"GamblersBrew"},{"floor":8,"key":"Fire Potion"},{"floor":14,"key":"EssenceOfSteel"},{"floor":21,"key":"AttackPotion"},{"floor":24,"key":"Fire Potion"},{"floor":30,"key":"Ancient Potion"},{"floor":35,"key":"Block Potion"},{"floor":44,"key":"BloodPotion"},{"floor":46,"key":"Strength Potion"},{"floor":46,"key":"EntropicBrew"},{"floor":46,"key":"PowerPotion"},{"floor":47,"key":"Poison Potion"}],"is_trial":false,"path_per_floor":["M","?","$","?","?","R","E","M","T","R","E","?","R","M","R","B",null,"M","?","?","M","M","R","M","R","T","R","?","R","M","$","R","B",null,"M","?","$","M","?","R","?","R","T","M","?","?","E","M","R","B",null],"character_chosen":"IRONCLAD","items_purchased":["Shrug It Off","War Paint","PowerPotion","Potion Belt","Bottled Tornado"],"campfire_rested":5,"item_purchase_floors":[3,31,31,31,37],"current_hp_per_floor":[72,77,77,77,77,77,18,21,21,46,41,34,59,65,65,10,66,72,56,56,40,23,50,39,39,39,39,39,66,71,71,71,45,79,76,76,76,82,82,82,82,82,82,52,52,52,65,71,85,60],"gold":226,"neow_bonus":"UPGRADE_CARD","is_prod":false,"is_daily":false,"chose_seed":false,"campfire_upgraded":7,"win_rate":0,"timestamp":1557182941,"path_taken":["M","?","$","?","?","R","E","M","T","R","E","?","R","M","R","BOSS","M","?","?","?","?","R","M","R","T","R","?","R","M","$","R","BOSS","M","?","$","M","?","R","?","R","T","M","?","?","E","?","R","BOSS"],"build_version":"2019-01-23","purchased_purges":2,"victory":true,"max_hp_per_floor":[80,85,85,85,85,85,85,85,85,85,85,85,85,85,85,85,85,85,90,90,90,90,90,90,90,90,90,90,90,90,90,90,90,90,90,90,90,90,85,85,85,85,85,85,85,85,85,85,85,85],"card_choices":[{"not_picked":["Headbutt","Clash","True Grit"],"picked":"SKIP","floor":1},{"not_picked":["Sword Boomerang","Battle Trance"],"picked":"Shrug It Off","floor":7},{"not_picked":["Flex","Warcry"],"picked":"Body Slam","floor":8},{"not_picked":["Disarm","Reaper"],"picked":"Flame Barrier","floor":11},{"not_picked":["Whirlwind","Dropkick"],"picked":"Metallicize","floor":14},{"not_picked":["Demon Form","Berserk"],"picked":"Juggernaut","floor":16},{"not_picked":["Perfected Strike","Dual Wield","Shrug It Off"],"picked":"SKIP","floor":18},{"not_picked":["Pommel Strike+1","Perfected Strike+1","True Grit"],"picked":"SKIP","floor":21},{"not_picked":["Anger","Wild Strike+1","Bloodletting"],"picked":"SKIP","floor":22},{"not_picked":["Exhume","Flex","Warcry"],"picked":"SKIP","floor":24},{"not_picked":["Wild Strike","Power Through+1","Sword Boomerang"],"picked":"SKIP","floor":30},{"not_picked":["Evolve","Twin Strike","Dropkick"],"picked":"SKIP","floor":35},{"not_picked":["Heavy Blade","True Grit","Perfected Strike"],"picked":"SKIP","floor":38},{"not_picked":["Heavy Blade+1","Flex+1"],"picked":"Shrug It Off+1","floor":44},{"not_picked":["Power Through+1","Bloodletting+1","Impervious"],"picked":"SKIP","floor":47},{"not_picked":["Ghostly Armor+1","Power Through","Hemokinesis"],"picked":"SKIP","floor":48}],"player_experience":419138,"relics_obtained":[{"floor":7,"key":"Tiny Chest"},{"floor":9,"key":"Bag of Marbles"},{"floor":11,"key":"Ancient Tea Set"},{"floor":26,"key":"Blue Candle"},{"floor":43,"key":"Dodecahedron"},{"floor":47,"key":"Centennial Puzzle"}],"event_choices":[{"damage_healed":0,"gold_gain":0,"player_choice":"Donut","damage_taken":0,"max_hp_gain":5,"max_hp_loss":0,"event_name":"Big Fish","floor":2,"gold_loss":0},{"cards_removed":["Strike_R"],"damage_healed":0,"gold_gain":0,"player_choice":"Card Removal","damage_taken":0,"max_hp_gain":0,"max_hp_loss":0,"event_name":"The Cleric","floor":4,"gold_loss":50},{"damage_healed":0,"gold_gain":175,"player_choice":"AGREE","damage_taken":0,"max_hp_gain":0,"max_hp_loss":0,"event_name":"Liars Game","floor":5,"gold_loss":0,"cards_obtained":["Doubt"]},{"damage_healed":0,"gold_gain":0,"player_choice":"Success","damage_taken":7,"relics_obtained":["Pocketwatch"],"max_hp_gain":0,"max_hp_loss":0,"event_name":"Scrap Ooze","floor":12,"gold_loss":0},{"damage_healed":0,"gold_gain":0,"player_choice":"Shed Blood","damage_taken":21,"max_hp_gain":5,"max_hp_loss":0,"event_name":"Forgotten Altar","floor":19,"gold_loss":0},{"damage_healed":0,"gold_gain":100,"player_choice":"Pray","damage_taken":0,"max_hp_gain":0,"max_hp_loss":0,"event_name":"Golden Shrine","floor":20,"gold_loss":0},{"damage_healed":0,"gold_gain":99,"player_choice":"Stole From Cult","damage_taken":0,"max_hp_gain":0,"max_hp_loss":0,"event_name":"Nest","floor":28,"gold_loss":0},{"damage_healed":0,"gold_gain":0,"player_choice":"Memory 1","damage_taken":0,"max_hp_gain":0,"max_hp_loss":0,"event_name":"SensoryStone","floor":36,"gold_loss":0},{"damage_healed":0,"gold_gain":0,"player_choice":"Max HP","damage_taken":0,"max_hp_gain":0,"max_hp_loss":5,"event_name":"Winding Halls","floor":39,"gold_loss":0},{"damage_healed":0,"gold_gain":0,"player_choice":"Ignored","damage_taken":0,"max_hp_gain":0,"max_hp_loss":0,"event_name":"Tomb of Lord Red Mask","floor":41,"gold_loss":0},{"cards_removed":["Defend_R"],"damage_healed":0,"gold_gain":0,"player_choice":"Removed Skill","damage_taken":0,"max_hp_gain":0,"max_hp_loss":0,"event_name":"Falling","floor":45,"gold_loss":0},{"damage_healed":0,"gold_gain":0,"player_choice":"Bought 3 Potions","damage_taken":0,"max_hp_gain":0,"max_hp_loss":0,"event_name":"The Woman in Blue","floor":46,"gold_loss":0}],"is_beta":false,"boss_relics":[{"not_picked":["Runic Dome","Calling Bell"],"picked":"Astrolabe"},{"not_picked":["Runic Pyramid","White Beast Statue"],"picked":"Philosopher\u0027s Stone"}],"items_purged_floors":[31,37],"is_endless":false,"potions_floor_spawned":[7,8,14,21,24,30,35,44,47],"ascension_level":7}