{"gold_per_floor":[115,115,126,53,72,106,106,121,146,146,159,159,173,123,123,220,220,239,154,0,15,34,34,34],"floor_reached":24,"playtime":1494,"items_purged":[],"score":198,"play_id":"05d5e737-8109-47c0-adfc-8bf3f3f452a5","local_time":"20181109050104","is_ascension_mode":false,"campfire_choices":[{"floor":10,"key":"REST"},{"floor":12,"key":"REST"},{"floor":15,"key":"REST"},{"floor":23,"key":"REST"}],"neow_cost":"NONE","seed_source_timestamp":76751187846447,"circlet_count":0,"master_deck":["Strike_B+1","Strike_B+1","Defend_B","Defend_B","Zap","Dualcast","Capacitor","Reinforced Body","Defragment","Seek","Ball Lightning","Redo","Thunder Strike","Static Discharge","Turbo","Ball Lightning"],"relics":["Fusion Hammer","Art of War","Regal Pillow","Empty Cage","Bag of Preparation","Whetstone"],"potions_floor_usage":[5,8,8,8,16,16,22],"damage_taken":[{"damage":4,"enemies":"2 Louse","floor":1,"turns":2},{"damage":7,"enemies":"Small Slimes","floor":3,"turns":4},{"damage":0,"enemies":"Cultist","floor":5,"turns":4},{"damage":40,"enemies":"3 Sentries","floor":6,"turns":11},{"damage":0,"enemies":"3 Louse","floor":8,"turns":2},{"damage":4,"enemies":"Blue Slaver","floor":11,"turns":4},{"damage":5,"enemies":"Looter","floor":13,"turns":4},{"damage":33,"enemies":"The Guardian","floor":16,"turns":9},{"damage":30,"enemies":"2 Thieves","floor":18,"turns":4},{"damage":20,"enemies":"Spheric Guardian","floor":21,"turns":4},{"damage":18,"enemies":"Centurion and Healer","floor":22,"turns":7},{"damage":44,"enemies":"Slavers","floor":24,"turns":3}],"seed_played":"-1488256462623544249","potions_obtained":[{"floor":3,"key":"SkillPotion"},{"floor":7,"key":"SteroidPotion"},{"floor":7,"key":"Fire Potion"},{"floor":7,"key":"AttackPotion"},{"floor":11,"key":"LiquidBronze"},{"floor":13,"key":"EssenceOfSteel"},{"floor":21,"key":"SkillPotion"}],"is_trial":false,"path_per_floor":["M","?","M","$","M","E","?","M","T","R","M","R","M","?","R","B",null,"M","?","$","M","M","R","E"],"character_chosen":"DEFECT","items_purchased":["Defragment","Whetstone"],"campfire_rested":4,"item_purchase_floors":[4,20],"current_hp_per_floor":[71,64,57,57,57,17,17,17,17,54,50,75,70,70,75,42,75,45,45,45,25,7,44,0],"gold":34,"neow_bonus":"BOSS_RELIC","is_prod":false,"is_daily":false,"chose_seed":false,"campfire_upgraded":0,"win_rate":0.0,"timestamp":1541736064,"path_taken":["M","?","M","$","M","E","?","?","T","R","M","R","M","?","R","BOSS","M","?","$","M","M","R","E"],"build_version":"2018-11-08","purchased_purges":0,"victory":false,"max_hp_per_floor":[75,75,75,75,75,75,75,75,75,75,75,75,75,75,75,75,75,75,75,75,75,75,75,75],"card_choices":[{"not_picked":["Go for the Eyes","Ball Lightning"],"picked":"Capacitor","floor":1},{"not_picked":["Heatsinks","Melter"],"picked":"Reinforced Body","floor":3},{"not_picked":["Beam Cell","Sweeping Beam","Reprogram"],"picked":"SKIP","floor":5},{"not_picked":["Rebound","Hologram"],"picked":"Seek","floor":6},{"not_picked":["FTL","Conserve Battery","Reprogram"],"picked":"SKIP","floor":8},{"not_picked":["Glacier","Steam"],"picked":"Ball Lightning","floor":11},{"not_picked":["Sweeping Beam","Cold Snap"],"picked":"Redo","floor":13},{"not_picked":["Reboot","Machine Learning"],"picked":"Thunder Strike","floor":16},{"not_picked":["Recycle","Blizzard"],"picked":"Static Discharge","floor":18},{"not_picked":["Beam Cell","Blizzard"],"picked":"Turbo","floor":21},{"not_picked":["Steam","Fusion+1"],"picked":"Ball Lightning","floor":22}],"player_experience":190341,"relics_obtained":[{"floor":6,"key":"Art of War"},{"floor":9,"key":"Regal Pillow"}],"event_choices":[{"cards_removed":["Strike_B"],"damage_healed":0,"gold_gain":0,"player_choice":"Card Removal","damage_taken":7,"max_hp_gain":0,"max_hp_loss":0,"event_name":"Golden Wing","floor":2,"gold_loss":0},{"damage_healed":0,"gold_gain":0,"player_choice":"Got Potions","damage_taken":0,"max_hp_gain":0,"max_hp_loss":0,"event_name":"Lab","floor":7,"gold_loss":0},{"cards_removed":["Defend_B"],"damage_healed":0,"gold_gain":0,"player_choice":"Card Removal","damage_taken":0,"max_hp_gain":0,"max_hp_loss":0,"event_name":"The Cleric","floor":14,"gold_loss":50},{"damage_healed":0,"gold_gain":0,"player_choice":"Obtained Relic","damage_taken":0,"relics_obtained":["Bag of Preparation"],"max_hp_gain":0,"max_hp_loss":0,"event_name":"Addict","floor":19,"gold_loss":85}],"is_beta":false,"boss_relics":[{"not_picked":["Inserter","Runic Dome"],"picked":"Empty Cage"}],"items_purged_floors":[],"is_endless":false,"potions_floor_spawned":[3,11,13,21],"killed_by":"Slavers","ascension_level":0}