{"gold_per_floor":[113,124,124,74,89,103,103,116,139,168,182,182,216,236,236,333,333,353,353,364,289,305,332,30,30,30,30,30,49,67,67,67,162,162,182,197,97,497,497,497,529,529,529,529,529,559,559,569,569,569,569,569,55,90,90],"floor_reached":55,"playtime":2223,"items_purged":["Strike_R","Strike_R","Defend_R"],"score":785,"play_id":"cc9af35d-d260-4231-a60d-0cb00fdd8061","local_time":"20181130180815","is_ascension_mode":false,"campfire_choices":[{"data":"Sword Boomerang","floor":7,"key":"SMITH"},{"floor":12,"key":"REST"},{"floor":15,"key":"REST"},{"floor":25,"key":"REST"},{"data":"Limit Break","floor":28,"key":"SMITH"},{"data":"Flex","floor":32,"key":"SMITH"},{"data":"Inflame","floor":40,"key":"SMITH"},{"data":"Shrug It Off","floor":42,"key":"SMITH"},{"data":"Shrug It Off","floor":44,"key":"SMITH"},{"floor":49,"key":"RECALL"},{"data":"Double Tap","floor":52,"key":"SMITH"}],"neow_cost":"PERCENT_DAMAGE","seed_source_timestamp":42058123362124,"circlet_count":0,"master_deck":["Strike_R","Strike_R","Defend_R","Defend_R","Defend_R","Bash","Pommel Strike","Sword Boomerang+1","Whirlwind","Inflame","Twin Strike","Flex+1","Inflame+1","Limit Break+1","Shrug It Off+1","Shrug It Off+1","Double Tap+1","Sword Boomerang+1","Heavy Blade+1","Offering"],"relics":["Burning Blood","Bronze Scales","Boot","Orichalcum","Velvet Choker","Regal Pillow","Molten Egg 2","MutagenicStrength","Philosopher\u0027s Stone","Old Coin","Frozen Egg 2","Mummified Hand","Darkstone Periapt","Vajra","Shuriken","Pear"],"potions_floor_usage":[6,8,11,18,22,29,30,41,50,55],"damage_taken":[{"damage":8,"enemies":"Jaw Worm","floor":1,"turns":3},{"damage":1,"enemies":"Cultist","floor":2,"turns":3},{"damage":10,"enemies":"Small Slimes","floor":5,"turns":3},{"damage":19,"enemies":"Blue Slaver","floor":6,"turns":3},{"damage":3,"enemies":"Lots of Slimes","floor":8,"turns":4},{"damage":61,"enemies":"3 Sentries","floor":10,"turns":7},{"damage":0,"enemies":"3 Louse","floor":11,"turns":2},{"damage":20,"enemies":"Gremlin Nob","floor":13,"turns":4},{"damage":2,"enemies":"Blue Slaver","floor":14,"turns":2},{"damage":60,"enemies":"The Guardian","floor":16,"turns":11},{"damage":14,"enemies":"2 Thieves","floor":18,"turns":2},{"damage":4,"enemies":"Spheric Guardian","floor":20,"turns":3},{"damage":19,"enemies":"Centurion and Healer","floor":22,"turns":6},{"damage":45,"enemies":"Book of Stabbing","floor":23,"turns":5},{"damage":5,"enemies":"Chosen and Byrds","floor":29,"turns":3},{"damage":7,"enemies":"Cultist and Chosen","floor":30,"turns":3},{"damage":20,"enemies":"Collector","floor":33,"turns":6},{"damage":12,"enemies":"3 Shapes","floor":35,"turns":2},{"damage":3,"enemies":"Orb Walker","floor":36,"turns":2},{"damage":0,"enemies":"Mind Bloom Boss Battle","floor":38,"turns":2},{"damage":10,"enemies":"Giant Head","floor":41,"turns":5},{"damage":5,"enemies":"Nemesis","floor":46,"turns":3},{"damage":0,"enemies":"3 Darklings","floor":48,"turns":2},{"damage":81,"enemies":"Awakened One","floor":50,"turns":6},{"damage":84,"enemies":"Shield and Spear","floor":54,"turns":6},{"damage":58,"enemies":"The Heart","floor":55,"turns":2}],"seed_played":"-8065776117694521675","potions_obtained":[{"floor":2,"key":"BloodPotion"},{"floor":6,"key":"Fire Potion"},{"floor":10,"key":"Block Potion"},{"floor":16,"key":"SteroidPotion"},{"floor":20,"key":"Block Potion"},{"floor":23,"key":"Explosive Potion"},{"floor":29,"key":"Explosive Potion"},{"floor":35,"key":"PowerPotion"},{"floor":38,"key":"BloodPotion"},{"floor":46,"key":"SmokeBomb"},{"floor":54,"key":"Explosive Potion"}],"is_trial":false,"path_per_floor":["M","M","?","?","M","M","R","M","T","E","M","R","E","M","R","B",null,"M","?","M","$","M","E","$","R","T","?","R","M","M","$","R","B",null,"M","M","$","?","?","R","E","R","T","R","T","E","?","M","R","B",null,"R","$","E","B"],"character_chosen":"IRONCLAD","items_purchased":["Molten Egg 2","Shrug It Off","Shuriken","Offering"],"campfire_rested":3,"item_purchase_floors":[24,24,53,53],"current_hp_per_floor":[70,75,80,80,76,73,73,76,76,21,27,57,43,47,77,23,101,93,93,95,95,82,43,43,88,88,88,88,89,88,88,88,74,101,95,98,98,101,96,96,92,92,92,92,92,93,93,96,96,30,96,96,96,28,0],"gold":90,"neow_bonus":"TWENTY_PERCENT_HP_BONUS","is_prod":false,"is_daily":false,"chose_seed":false,"campfire_upgraded":7,"win_rate":0,"timestamp":1543597695,"path_taken":["M","M","?","?","M","M","R","?","T","E","M","R","E","M","R","BOSS","M","?","M","?","M","E","$","R","T","?","R","M","?","$","R","BOSS","M","M","?","?","?","R","E","R","T","R","?","E","?","M","R","BOSS","R","$","E","BOSS"],"build_version":"2018-11-15","purchased_purges":3,"victory":false,"max_hp_per_floor":[96,96,101,101,101,101,101,101,101,101,101,101,101,101,101,101,101,101,101,101,101,101,101,101,101,101,101,101,101,101,101,101,101,101,101,101,101,101,96,96,96,96,96,96,96,96,96,96,96,96,96,96,96,106,106],"card_choices":[{"not_picked":["Anger","Clash","Warcry"],"picked":"SKIP","floor":1},{"not_picked":["Intimidate","Dual Wield"],"picked":"Pommel Strike","floor":2},{"not_picked":["Reckless Charge","Twin Strike"],"picked":"Sword Boomerang","floor":5},{"not_picked":["Evolve","Clothesline","Metallicize"],"picked":"SKIP","floor":6},{"not_picked":["Disarm","Corruption","Bloodletting"],"picked":"SKIP","floor":8},{"not_picked":["Perfected Strike","Intimidate","Dual Wield"],"picked":"SKIP","floor":10},{"not_picked":["Fire Breathing","Pommel Strike"],"picked":"Whirlwind","floor":11},{"not_picked":["Twin Strike","Thunderclap"],"picked":"Inflame","floor":13},{"not_picked":["Headbutt","Havoc"],"picked":"Twin Strike","floor":14},{"not_picked":["Sever Soul+1","Warcry"],"picked":"Flex","floor":18},{"not_picked":["Burning Pact+1","Armaments+1","Disarm+1"],"picked":"SKIP","floor":20},{"not_picked":["Perfected Strike","Combust"],"picked":"Inflame","floor":22},{"not_picked":["Heavy Blade","Thunderclap"],"picked":"Limit Break","floor":23},{"not_picked":["Infernal Blade","Thunderclap+1"],"picked":"Shrug It Off","floor":29},{"not_picked":["Armaments","Wild Strike+1","Shrug It Off"],"picked":"SKIP","floor":30},{"not_picked":["Bludgeon+1","Dark Embrace"],"picked":"Double Tap","floor":33},{"not_picked":["Sentinel+1","Reckless Charge+1","Armaments+1"],"picked":"SKIP","floor":35},{"not_picked":["Cleave+1","Flex","Clothesline+1"],"picked":"SKIP","floor":36},{"not_picked":["Thunderclap+1","Iron Wave+1"],"picked":"Sword Boomerang+1","floor":41},{"not_picked":["Iron Wave+1","Shrug It Off"],"picked":"Heavy Blade+1","floor":46},{"not_picked":["Wild Strike+1","Rage+1","Clothesline+1"],"picked":"SKIP","floor":48},{"not_picked":["Thunderclap+1","Corruption+1","Cleave+1"],"picked":"SKIP","floor":54}],"player_experience":299989,"relics_obtained":[{"floor":9,"key":"Bronze Scales"},{"floor":10,"key":"Boot"},{"floor":13,"key":"Orichalcum"},{"floor":23,"key":"Regal Pillow"},{"floor":38,"key":"Old Coin"},{"floor":41,"key":"Frozen Egg 2"},{"floor":43,"key":"Mummified Hand"},{"floor":45,"key":"Darkstone Periapt"},{"floor":46,"key":"Vajra"},{"floor":54,"key":"Pear"}],"event_choices":[{"damage_healed":0,"gold_gain":0,"player_choice":"Donut","damage_taken":0,"max_hp_gain":5,"max_hp_loss":0,"event_name":"Big Fish","floor":3,"gold_loss":0},{"cards_removed":["Strike_R"],"damage_healed":0,"gold_gain":0,"player_choice":"Card Removal","damage_taken":0,"max_hp_gain":0,"max_hp_loss":0,"event_name":"The Cleric","floor":4,"gold_loss":50},{"damage_healed":0,"gold_gain":0,"player_choice":"0 cards matched","damage_taken":0,"max_hp_gain":0,"max_hp_loss":0,"event_name":"Match and Keep!","floor":19,"gold_loss":0,"cards_obtained":[]},{"damage_healed":0,"gold_gain":0,"player_choice":"Inject Mutagens","damage_taken":0,"relics_obtained":["MutagenicStrength"],"max_hp_gain":0,"max_hp_loss":0,"event_name":"Drug Dealer","floor":27,"gold_loss":0},{"damage_healed":0,"gold_gain":0,"player_choice":"Fight","damage_taken":0,"max_hp_gain":0,"max_hp_loss":0,"event_name":"MindBloom","floor":38,"gold_loss":0},{"damage_healed":0,"gold_gain":0,"player_choice":"Max HP","damage_taken":0,"max_hp_gain":0,"max_hp_loss":5,"event_name":"Winding Halls","floor":39,"gold_loss":0},{"damage_healed":0,"gold_gain":0,"player_choice":"Memory 1","damage_taken":0,"max_hp_gain":0,"max_hp_loss":0,"event_name":"SensoryStone","floor":47,"gold_loss":0}],"is_beta":false,"boss_relics":[{"not_picked":["Sozu","Orrery"],"picked":"Velvet Choker"},{"not_picked":["Runic Cube","Snecko Eye"],"picked":"Philosopher\u0027s Stone"}],"items_purged_floors":[21,37,53],"is_endless":false,"potions_floor_spawned":[2,6,10,16,20,23,29,35,38,46,54],"killed_by":"The Heart","ascension_level":0}