{"gold_per_floor":[113,56,56,76,91,117,117,148,148,148,179,179,190,202,202,202],"floor_reached":16,"playtime":727,"items_purged":[],"score":290,"play_id":"d90fce6e-a7bd-477f-b4b2-7387c1ba11bb","local_time":"20190430190218","is_ascension_mode":true,"campfire_choices":[{"data":"Crippling Poison","floor":7,"key":"SMITH"},{"data":"Neutralize","floor":10,"key":"SMITH"},{"data":"Venomology","floor":12,"key":"SMITH"},{"data":"Deadly Poison","floor":15,"key":"SMITH"}],"neow_cost":"NONE","seed_source_timestamp":3272760267528148,"circlet_count":0,"master_deck":["AscendersBane","Defend_G","Defend_G","Defend_G","Defend_G","Defend_G","Strike_G","Strike_G","Strike_G","Strike_G","Strike_G","Survivor","Neutralize+1","PiercingWail","Crippling Poison+1","Poisoned Stab","Dash","Backstab","Venomology+1","Bane","Deadly Poison+1"],"relics":["Ring of the Snake","Snake Skull","Art of War","FossilizedHelix","PreservedInsect","Pear","The Courier"],"potions_floor_usage":[5,6,8,16,16],"damage_taken":[{"damage":2,"enemies":"Cultist","floor":1,"turns":5},{"damage":1,"enemies":"Small Slimes","floor":4,"turns":4},{"damage":1,"enemies":"Jaw Worm","floor":5,"turns":5},{"damage":38,"enemies":"Lagavulin","floor":6,"turns":7},{"damage":5,"enemies":"3 Sentries","floor":8,"turns":9},{"damage":0,"enemies":"Lagavulin","floor":11,"turns":5},{"damage":0,"enemies":"Red Slaver","floor":13,"turns":3},{"damage":0,"enemies":"2 Fungi Beasts","floor":14,"turns":3},{"damage":11,"enemies":"Hexaghost","floor":16,"turns":9}],"seed_played":"-2744482659569573970","potions_obtained":[{"floor":1,"key":"Fire Potion"},{"floor":6,"key":"Weak Potion"},{"floor":13,"key":"Dexterity Potion"}],"is_trial":false,"path_per_floor":["M","$","?","M","M","E","R","E","T","R","E","R","M","M","R","B"],"character_chosen":"THE_SILENT","items_purchased":["PowerPotion"],"campfire_rested":0,"item_purchase_floors":[2],"current_hp_per_floor":[57,57,46,45,44,6,6,1,11,11,11,11,11,11,11,0],"gold":202,"neow_bonus":"RANDOM_COMMON_RELIC","is_prod":false,"is_daily":false,"chose_seed":false,"campfire_upgraded":4,"win_rate":0,"timestamp":1556647338,"path_taken":["M","$","?","M","M","E","R","E","T","R","E","R","M","M","R","BOSS"],"build_version":"2019-01-23","purchased_purges":0,"victory":false,"max_hp_per_floor":[66,66,66,66,66,66,66,66,76,76,76,76,76,76,76,76],"card_choices":[{"not_picked":["Riddle With Holes","Calculated Gamble"],"picked":"PiercingWail","floor":1},{"not_picked":["Catalyst","Blade Dance"],"picked":"Crippling Poison","floor":4},{"not_picked":["Dodge and Roll","Choke"],"picked":"Poisoned Stab","floor":5},{"not_picked":["Accuracy","Cloak And Dagger"],"picked":"Dash","floor":6},{"not_picked":["Underhanded Strike","Flechettes"],"picked":"Backstab","floor":8},{"not_picked":["Finisher","Acrobatics"],"picked":"Venomology","floor":11},{"not_picked":["Outmaneuver","Deflect"],"picked":"Bane","floor":13},{"not_picked":["Outmaneuver","Predator"],"picked":"Deadly Poison","floor":14}],"player_experience":268105,"relics_obtained":[{"floor":6,"key":"FossilizedHelix"},{"floor":8,"key":"PreservedInsect"},{"floor":9,"key":"Pear"},{"floor":11,"key":"The Courier"}],"event_choices":[{"damage_healed":0,"gold_gain":0,"player_choice":"Success","damage_taken":11,"relics_obtained":["Art of War"],"max_hp_gain":0,"max_hp_loss":0,"event_name":"Scrap Ooze","floor":3,"gold_loss":0}],"is_beta":false,"boss_relics":[],"items_purged_floors":[],"is_endless":false,"potions_floor_spawned":[1,4,6,13],"killed_by":"Hexaghost","ascension_level":20}