{"gold_per_floor":[118,131,146,159,334,409,429,429,475,501,501,501,501,516,516,516],"floor_reached":16,"playtime":535,"items_purged":[],"score":102,"play_id":"48f6c8d1-0e01-4f0f-b2f7-782bfb5a40f0","local_time":"20180809202349","is_ascension_mode":false,"campfire_choices":[{"data":"Neutralize","floor":8,"key":"SMITH"},{"floor":11,"key":"REST"},{"floor":13,"key":"REST"},{"data":"Poisoned Stab","floor":15,"key":"SMITH"}],"neow_cost":"","seed_source_timestamp":117958354895751,"circlet_count":0,"master_deck":["Defend_G","Defend_G","Defend_G","Defend_G","Defend_G","Strike_G","Strike_G","Strike_G","Strike_G","Survivor","Neutralize+1","Slice","Dagger Spray","Doubt","Quick Slash","Quick Slash","Poisoned Stab+1"],"relics":["Ring of the Snake","Anchor","Matryoshka"],"potions_floor_usage":[7,10,10],"damage_taken":[{"damage":0,"enemies":"2 Louse","floor":1,"turns":4},{"damage":0,"enemies":"Small Slimes","floor":2,"turns":3},{"damage":0,"enemies":"Jaw Worm","floor":3,"turns":4},{"damage":9,"enemies":"Exordium Thugs","floor":4,"turns":5},{"damage":0,"enemies":"Gremlin Gang","floor":7,"turns":3},{"damage":42,"enemies":"Lagavulin","floor":10,"turns":12},{"damage":4,"enemies":"Looter","floor":14,"turns":4},{"damage":48,"enemies":"Hexaghost","floor":16,"turns":13}],"seed_played":"5606905314081738739","potions_obtained":[{"floor":2,"key":"GamblersBrew"},{"floor":4,"key":"GamblersBrew"},{"floor":7,"key":"Swift Potion"},{"floor":10,"key":"SmokeBomb"}],"is_trial":false,"path_per_floor":["M","M","M","M","?","?","M","R","T","E","R","?","R","M","R"],"character_chosen":"THE_SILENT","items_purchased":[],"campfire_rested":2,"item_purchase_floors":[],"current_hp_per_floor":[70,70,70,61,61,50,50,50,50,8,29,29,50,46,46,0],"gold":516,"neow_bonus":"","is_prod":false,"is_daily":false,"chose_seed":false,"campfire_upgraded":2,"win_rate":0.0,"timestamp":1533871429,"path_taken":["M","M","M","M","?","?","M","R","T","E","R","?","R","M","R","BOSS"],"build_version":"2018-08-09","purchased_purges":0,"victory":false,"max_hp_per_floor":[70,70,70,70,70,70,70,70,70,70,70,70,70,70,70,70],"card_choices":[{"not_picked":["Dodge and Roll","Expertise"],"picked":"Slice","floor":1},{"not_picked":["Underhanded Strike","Caltrops"],"picked":"Dagger Spray","floor":2},{"not_picked":["Calculated Gamble","Night Terror","Acrobatics"],"picked":"SKIP","floor":3},{"not_picked":["Heel Hook","Prepared","Dagger Spray"],"picked":"SKIP","floor":4},{"not_picked":["Blade Dance","Calculated Gamble"],"picked":"Quick Slash","floor":7},{"not_picked":["Dodge and Roll","Doppelganger","Acrobatics"],"picked":"SKIP","floor":10},{"not_picked":["Outmaneuver","Leg Sweep"],"picked":"Poisoned Stab","floor":14}],"player_experience":3111,"relics_obtained":[{"floor":9,"key":"Anchor"},{"floor":10,"key":"Matryoshka"}],"event_choices":[{"event_name":"Liars Game","player_choice":"agreed","floor":5,"damage_taken":0},{"event_name":"World of Goop","player_choice":"Gather Gold","floor":6,"damage_taken":0},{"event_name":"Transmorgrifier","player_choice":"Transform","floor":12,"damage_taken":0}],"is_beta":false,"boss_relics":[],"items_purged_floors":[],"is_endless":false,"potions_floor_spawned":[2,4,7,10],"killed_by":"Hexaghost","ascension_level":0}