{"gold_per_floor":[112,112,124,141,40,66,66,66,91,91,120,120,146,163,163,163],"floor_reached":16,"playtime":719,"items_purged":["Defend_G"],"score":140,"play_id":"faedff9d-5d2c-4433-9036-34b239db1084","local_time":"20190202233737","is_ascension_mode":true,"campfire_choices":[{"floor":7,"key":"REST"},{"floor":12,"key":"REST"},{"floor":15,"key":"REST"}],"neow_cost":"NONE","seed_source_timestamp":1100921964863995,"circlet_count":0,"master_deck":["Defend_G","Defend_G","Defend_G","Defend_G","Strike_G","Strike_G","Strike_G","Survivor","Neutralize","Deadly Poison","Backflip","Bouncing Flask"],"relics":["Ring of the Snake","NeowsBlessing","Bronze Scales","Snake Skull","Odd Mushroom","Blue Candle"],"potions_floor_usage":[6,6,11,16],"damage_taken":[{"damage":0,"enemies":"Jaw Worm","floor":1,"turns":1},{"damage":0,"enemies":"Cultist","floor":3,"turns":1},{"damage":0,"enemies":"Small Slimes","floor":4,"turns":1},{"damage":35,"enemies":"Lagavulin","floor":6,"turns":5},{"damage":20,"enemies":"The Mushroom Lair","floor":11,"turns":5},{"damage":33,"enemies":"3 Sentries","floor":13,"turns":8},{"damage":1,"enemies":"Exordium Wildlife","floor":14,"turns":4},{"damage":31,"enemies":"The Guardian","floor":16,"turns":9}],"seed_played":"4214481598320327296","potions_obtained":[{"floor":1,"key":"Ancient Potion"},{"floor":3,"key":"Strength Potion"},{"floor":4,"key":"SteroidPotion"},{"floor":14,"key":"Energy Potion"}],"is_trial":false,"path_per_floor":["M","?","M","M","$","E","R","?","T","$","?","R","E","M","R","B"],"character_chosen":"THE_SILENT","items_purchased":["Backflip"],"campfire_rested":3,"item_purchase_floors":[5],"current_hp_per_floor":[63,63,63,63,63,28,49,42,42,42,22,43,10,9,30,0],"gold":163,"neow_bonus":"THREE_ENEMY_KILL","is_prod":false,"is_daily":false,"chose_seed":false,"campfire_upgraded":0,"win_rate":0,"timestamp":1549147057,"path_taken":["M","?","?","M","$","E","R","?","T","?","?","R","E","M","R","BOSS"],"build_version":"2019-01-23","purchased_purges":1,"victory":false,"max_hp_per_floor":[70,70,70,70,70,70,70,70,70,70,70,70,70,70,70,70],"card_choices":[{"not_picked":["All Out Attack","Prepared","Bane"],"picked":"SKIP","floor":1},{"not_picked":["Dodge and Roll","Dash"],"picked":"Deadly Poison","floor":3},{"not_picked":["Tactician","Outmaneuver","Flechettes"],"picked":"SKIP","floor":4},{"not_picked":["Cloak And Dagger","Terror"],"picked":"Bouncing Flask","floor":6},{"not_picked":["Flechettes","Riddle With Holes","Predator"],"picked":"SKIP","floor":13},{"not_picked":["PiercingWail","Dash","Reflex"],"picked":"SKIP","floor":14}],"player_experience":296434,"relics_obtained":[{"floor":6,"key":"Bronze Scales"},{"floor":9,"key":"Snake Skull"},{"floor":11,"key":"Odd Mushroom"},{"floor":13,"key":"Blue Candle"}],"event_choices":[{"cards_removed":["Strike_G"],"damage_healed":0,"gold_gain":0,"player_choice":"Offered Basic","damage_taken":0,"max_hp_gain":0,"max_hp_loss":0,"event_name":"Bonfire Elementals","floor":2,"gold_loss":0},{"cards_removed":["Strike_G"],"damage_healed":0,"gold_gain":0,"player_choice":"Card Removal","damage_taken":7,"max_hp_gain":0,"max_hp_loss":0,"event_name":"Golden Wing","floor":8,"gold_loss":0},{"damage_healed":0,"gold_gain":0,"player_choice":"Fought Mushrooms","damage_taken":0,"max_hp_gain":0,"max_hp_loss":0,"event_name":"Mushrooms","floor":11,"gold_loss":0}],"is_beta":false,"boss_relics":[],"items_purged_floors":[5],"is_endless":false,"potions_floor_spawned":[1,3,4,14],"killed_by":"The Guardian","ascension_level":6}