{"gold_per_floor":[109,18,38,54,67,67,67,67,93,93,93,93,93,127,127,228,228,239,77,77,77,77,77,77,112,112,126,126,136,156,185,185,285,285,301,301,29,129,145,145,175,175,202,228,103,103,130,130,130,130,130,130,31,31],"floor_reached":54,"playtime":2532,"items_purged":["Strike_R","Regret","Injury"],"score":1131,"play_id":"95a51d54-918d-4c66-881f-cd4f53da5280","local_time":"20190427091532","is_ascension_mode":true,"campfire_choices":[{"data":"Body Slam","floor":6.0,"key":"SMITH"},{"data":"True Grit","floor":8.0,"key":"SMITH"},{"data":"Pommel Strike","floor":10.0,"key":"SMITH"},{"data":"Flash of Steel","floor":15.0,"key":"SMITH"},{"data":"Entrench","floor":23.0,"key":"SMITH"},{"data":"Body Slam","floor":28.0,"key":"SMITH"},{"data":"Dual Wield","floor":32.0,"key":"SMITH"},{"data":"Evolve","floor":40.0,"key":"SMITH"},{"data":"Impervious","floor":42.0,"key":"SMITH"},{"data":"Shrug It Off","floor":46.0,"key":"SMITH"},{"floor":49,"key":"RECALL"},{"data":"Disarm","floor":52,"key":"SMITH"}],"neow_cost":"TEN_PERCENT_HP_LOSS","seed_source_timestamp":1206989366638134,"circlet_count":0,"master_deck":["Defend_R","Defend_R","Defend_R","Defend_R","Bash","Impervious+1","True Grit+1","Flash of Steel+1","Body Slam+1","Pommel Strike+1","Ghostly Armor","Immolate","Offering","Twin Strike","Dual Wield+1","Shrug It Off+1","Entrench+1","Body Slam+1","Burning Pact+1","Warcry+1","Warcry+1","Impervious+1","Blood for Blood+1","Headbutt","Juggernaut","Disarm+1","Evolve+1","Uppercut+1","Doubt","Sentinel+1"],"special_seed":0,"relics":["Burning Blood","Bag of Preparation","Regal Pillow","Cursed Key","Blood Vial","Juzu Bracelet","PreservedInsect","Kunai","Astrolabe","WingedGreaves","War Paint","Bronze Scales","Frozen Egg 2"],"potions_floor_usage":[50,50,50],"damage_taken":[{"damage":9.0,"enemies":"Jaw Worm","floor":1.0,"turns":4.0},{"damage":3.0,"enemies":"Small Slimes","floor":3.0,"turns":4.0},{"damage":0.0,"enemies":"2 Louse","floor":4.0,"turns":2.0},{"damage":0.0,"enemies":"Large Slime","floor":5.0,"turns":6.0},{"damage":10.0,"enemies":"3 Sentries","floor":14.0,"turns":10.0},{"damage":59.0,"enemies":"Slime Boss","floor":16.0,"turns":15.0},{"damage":0.0,"enemies":"Spheric Guardian","floor":18.0,"turns":2.0},{"damage":22.0,"enemies":"Book of Stabbing","floor":25.0,"turns":4.0},{"damage":9.0,"enemies":"Chosen","floor":27.0,"turns":3.0},{"damage":15.0,"enemies":"Snake Plant","floor":29.0,"turns":3.0},{"damage":19.0,"enemies":"Cultist and Chosen","floor":30.0,"turns":5.0},{"damage":6.0,"enemies":"Slavers","floor":31.0,"turns":4.0},{"damage":62.0,"enemies":"Automaton","floor":33.0,"turns":11.0},{"damage":17.0,"enemies":"3 Darklings","floor":35.0,"turns":3.0},{"damage":6.0,"enemies":"Mind Bloom Boss Battle","floor":38.0,"turns":5.0},{"damage":6.0,"enemies":"Orb Walker","floor":39.0,"turns":3.0},{"damage":6.0,"enemies":"Reptomancer","floor":41.0,"turns":3.0},{"damage":21.0,"enemies":"Nemesis","floor":44.0,"turns":7.0},{"damage":11.0,"enemies":"Reptomancer","floor":47.0,"turns":7.0},{"damage":27,"enemies":"Awakened One","floor":50,"turns":8},{"damage":61,"enemies":"Shield and Spear","floor":54,"turns":5}],"seed_played":"4026092687290730808","potions_obtained":[{"floor":3.0,"key":"SpeedPotion"},{"floor":14.0,"key":"Dexterity Potion"},{"floor":16.0,"key":"Weak Potion"},{"floor":18.0,"key":"Block Potion"},{"floor":25.0,"key":"Regen Potion"},{"floor":30.0,"key":"Regen Potion"},{"floor":33.0,"key":"PowerPotion"},{"floor":39.0,"key":"BloodPotion"},{"floor":41.0,"key":"EssenceOfSteel"},{"floor":44.0,"key":"SpeedPotion"}],"is_trial":false,"path_per_floor":["M","$","M","M","M","R","$","R","T","R","?","$","?","E","R","B",null,"M","$","?","?","?","R","$","E","T","M","R","M","M","E","R","B",null,"M","?","$","?","M","R","E","R","T","E","$","R","E","T","R","B",null,"R","$","E"],"character_chosen":"IRONCLAD","items_purchased":["Flash of Steel","Dual Wield","Shrug It Off","Juggernaut","Disarm","PowerPotion","Energy Potion"],"campfire_rested":0,"item_purchase_floors":[2,19,19,37,37,53,53],"current_hp_per_floor":[69,69,72,72,72,72,72,72,72,72,72,72,72,68,68,15,58,64,64,64,64,64,64,64,50,50,49,49,42,45,47,47,8,56,47,47,47,49,51,51,53,53,53,40,40,40,37,37,37,18,59,59,59,0],"gold":31,"neow_bonus":"THREE_RARE_CARDS","is_prod":false,"is_daily":false,"chose_seed":false,"campfire_upgraded":11,"win_rate":0,"timestamp":1556324132,"path_taken":["M","$","M","M","M","R","$","R","T","R","?","?","?","E","R","BOSS","M","$","?","?","?","R","$","E","T","M","R","M","M","E","R","BOSS","M","?","$","?","M","R","E","R","T","E","$","R","E","?","R","BOSS","R","$","E"],"build_version":"2019-01-23","purchased_purges":3,"victory":false,"max_hp_per_floor":[72,72,72,72,72,72,72,72,72,72,72,72,72,72,72,72,72,72,72,72,72,72,72,72,72,72,72,72,72,72,72,72,72,72,72,72,72,72,72,72,72,72,72,72,72,72,72,72,72,72,72,72,72,72],"card_choices":[{"not_picked":["Exhume","Berserk"],"picked":"Impervious","floor":0.0},{"not_picked":["Wild Strike","Evolve"],"picked":"True Grit","floor":1.0},{"not_picked":["Seeing Red","Rupture"],"picked":"Body Slam","floor":3.0},{"not_picked":["Thunderclap","Twin Strike"],"picked":"Pommel Strike","floor":4.0},{"not_picked":["Fire Breathing","Burning Pact"],"picked":"Ghostly Armor","floor":5.0},{"not_picked":["Iron Wave","Headbutt"],"picked":"Immolate","floor":14.0},{"not_picked":["Impervious","Berserk"],"picked":"Offering","floor":16.0},{"not_picked":["Bloodletting","Clash"],"picked":"Twin Strike","floor":18.0},{"not_picked":["Cleave","Anger","Perfected Strike"],"picked":"SKIP","floor":25.0},{"not_picked":["Cleave","Immolate"],"picked":"Body Slam","floor":27.0},{"not_picked":["Clothesline","Rampage"],"picked":"Burning Pact","floor":29.0},{"not_picked":["Cleave","Flex"],"picked":"Warcry+1","floor":30.0},{"not_picked":["Hemokinesis","Heavy Blade"],"picked":"Warcry+1","floor":31.0},{"not_picked":["Juggernaut","Fiend Fire"],"picked":"Impervious","floor":33.0},{"not_picked":["Twin Strike","Pommel Strike+1"],"picked":"Headbutt","floor":35.0},{"not_picked":["Wild Strike+1","Headbutt+1"],"picked":"Evolve","floor":39.0},{"not_picked":["Carnage","Twin Strike+1"],"picked":"Uppercut+1","floor":41.0},{"not_picked":["Headbutt+1","Dropkick+1","Iron Wave"],"picked":"SKIP","floor":44.0},{"not_picked":["Reckless Charge+1","Anger","Sentinel+1"],"picked":"SKIP","floor":47.0},{"not_picked":["Reckless Charge+1","Anger"],"picked":"Sentinel+1","floor":47.0}],"player_experience":440280,"relics_obtained":[{"floor":9.0,"key":"Bag of Preparation"},{"floor":14.0,"key":"Regal Pillow"},{"floor":25.0,"key":"Juzu Bracelet"},{"floor":26.0,"key":"PreservedInsect"},{"floor":31.0,"key":"Kunai"},{"floor":38.0,"key":"WingedGreaves"},{"floor":41.0,"key":"War Paint"},{"floor":44.0,"key":"Bronze Scales"},{"floor":47.0,"key":"Frozen Egg 2"}],"event_choices":[{"damage_healed":0.0,"max_hp_gain":0.0,"max_hp_loss":0.0,"gold_gain":0.0,"event_name":"Liars Game","player_choice":"Ignored","floor":11.0,"gold_loss":0.0,"damage_taken":0.0},{"cards_removed":["Strike_R"],"damage_healed":0.0,"max_hp_gain":0.0,"max_hp_loss":0.0,"gold_gain":0.0,"event_name":"Living Wall","player_choice":"Forget","floor":13.0,"gold_loss":0.0,"damage_taken":0.0},{"cards_removed":["Strike_R"],"damage_healed":0.0,"max_hp_gain":0.0,"max_hp_loss":0.0,"gold_gain":0.0,"event_name":"Back to Basics","player_choice":"Elegance","floor":20.0,"gold_loss":0.0,"damage_taken":0.0},{"damage_healed":0.0,"max_hp_gain":0.0,"max_hp_loss":0.0,"gold_gain":0.0,"event_name":"The Mausoleum","player_choice":"Opened","floor":21.0,"gold_loss":0.0,"damage_taken":0.0,"relics_obtained":["Blood Vial"],"cards_obtained":["Writhe"]},{"damage_healed":0.0,"max_hp_gain":0.0,"max_hp_loss":0.0,"gold_gain":0.0,"event_name":"The Library","player_choice":"Read","floor":22.0,"gold_loss":0.0,"damage_taken":0.0,"cards_obtained":["Entrench"]},{"cards_removed":["Sword Boomerang"],"damage_healed":0.0,"max_hp_gain":0.0,"max_hp_loss":0.0,"gold_gain":0.0,"event_name":"Falling","player_choice":"Removed Attack","floor":36.0,"gold_loss":0.0,"damage_taken":0.0},{"damage_healed":0.0,"max_hp_gain":0.0,"max_hp_loss":0.0,"gold_gain":0.0,"event_name":"MindBloom","player_choice":"Fight","floor":38.0,"gold_loss":0.0,"damage_taken":0.0}],"is_beta":false,"boss_relics":[{"not_picked":["Velvet Choker","Black Blood"],"picked":"Cursed Key"},{"not_picked":["Mark of Pain","Runic Cube"],"picked":"Astrolabe"}],"items_purged_floors":[19,37,45],"is_endless":false,"potions_floor_spawned":[3,14,16,18,25,30,33,39,41,44],"killed_by":"Shield and Spear","ascension_level":9}