{"gold_per_floor":[115,65,79,41,60,60,60,60,134,159,159,159,190,210,210,282,282,282,237,14,14,14,14,14,14],"floor_reached":25,"playtime":821,"items_purged":["Strike_R"],"score":386,"play_id":"e42c7887-5e23-4403-87b6-a6ce9229644b","local_time":"20190409123112","is_ascension_mode":true,"campfire_choices":[{"data":"Shockwave","floor":6,"key":"SMITH"},{"data":"Bash","floor":8,"key":"SMITH"},{"floor":12,"key":"REST"},{"floor":15,"key":"REST"},{"floor":23,"key":"REST"}],"neow_cost":"NONE","seed_source_timestamp":230201818637030,"circlet_count":0,"master_deck":["AscendersBane","Strike_R","Strike_R","Strike_R","Defend_R","Defend_R","Defend_R+1","Defend_R","Bash+1","Twin Strike+1","Sword Boomerang","Shockwave+1","Offering","Hemokinesis+1","Inflame","Body Slam+1","Demon Form","Shrug It Off","Headbutt+1","Shrug It Off","Rupture","Hemokinesis+1","True Grit"],"relics":["Burning Blood","Bird Faced Urn","Molten Egg 2","Calipers","Matryoshka","Ectoplasm","Orichalcum"],"potions_floor_usage":[13,19,22],"damage_taken":[{"damage":2,"enemies":"2 Louse","floor":1,"turns":2},{"damage":12,"enemies":"Jaw Worm","floor":3,"turns":2},{"damage":6,"enemies":"Cultist","floor":5,"turns":3},{"damage":32,"enemies":"Gremlin Nob","floor":10,"turns":4},{"damage":23,"enemies":"3 Sentries","floor":13,"turns":4},{"damage":11,"enemies":"Large Slime","floor":14,"turns":5},{"damage":42,"enemies":"Slime Boss","floor":16,"turns":8},{"damage":20,"enemies":"3 Byrds","floor":18,"turns":5},{"damage":27,"enemies":"2 Thieves","floor":19,"turns":3},{"damage":31,"enemies":"Colosseum Slavers","floor":22,"turns":5},{"damage":35,"enemies":"Gremlin Leader","floor":24,"turns":4},{"damage":24,"enemies":"Snake Plant","floor":25,"turns":2}],"seed_played":"-7565034082971387208","potions_obtained":[{"floor":10,"key":"SteroidPotion"},{"floor":13,"key":"SteroidPotion"},{"floor":16,"key":"PowerPotion"}],"is_trial":false,"path_per_floor":["M","?","M","$","M","R","?","R","T","E","?","R","E","M","R","B",null,"M","M","$","?","?","R","E","M"],"character_chosen":"IRONCLAD","items_purchased":["Shockwave","Shrug It Off","Rupture","Hemokinesis+1"],"campfire_rested":3,"item_purchase_floors":[4,20,20,20],"current_hp_per_floor":[79,79,73,73,73,73,73,73,73,47,31,55,38,35,59,25,68,58,39,39,39,20,44,21,0],"gold":14,"neow_bonus":"TEN_PERCENT_HP_BONUS","is_prod":false,"is_daily":false,"chose_seed":false,"campfire_upgraded":2,"win_rate":0,"timestamp":1554838272,"path_taken":["M","?","M","$","M","R","?","R","T","E","?","R","E","M","R","BOSS","M","M","$","?","?","R","E","M"],"build_version":"2019-01-23","purchased_purges":1,"victory":false,"max_hp_per_floor":[82,82,82,82,82,82,82,82,82,82,82,82,82,82,82,82,82,82,82,82,82,82,82,82,82],"card_choices":[{"not_picked":["Heavy Blade","Perfected Strike"],"picked":"Twin Strike","floor":1},{"not_picked":["Ghostly Armor","Body Slam"],"picked":"Sword Boomerang","floor":3},{"not_picked":["Reckless Charge","Cleave"],"picked":"Offering","floor":5},{"not_picked":["Combust","Sentinel"],"picked":"Hemokinesis+1","floor":10},{"not_picked":["Rage","Disarm"],"picked":"Inflame","floor":13},{"not_picked":["Cleave+1","Sever Soul+1"],"picked":"Body Slam+1","floor":14},{"not_picked":["Brutality","Fiend Fire+1"],"picked":"Demon Form","floor":16},{"not_picked":["Heavy Blade+1","Headbutt+1"],"picked":"Shrug It Off","floor":18},{"not_picked":["Iron Wave+1","Thunderclap+1"],"picked":"Headbutt+1","floor":19},{"not_picked":["Second Wind","Searing Blow+1"],"picked":"True Grit","floor":24}],"player_experience":404919,"relics_obtained":[{"floor":9,"key":"Molten Egg 2"},{"floor":10,"key":"Calipers"},{"floor":13,"key":"Matryoshka"},{"floor":24,"key":"Orichalcum"}],"event_choices":[{"cards_removed":["Strike_R"],"damage_healed":0,"gold_gain":0,"player_choice":"Card Removal","damage_taken":0,"max_hp_gain":0,"max_hp_loss":0,"event_name":"The Cleric","floor":2,"gold_loss":50},{"damage_healed":0,"gold_gain":0,"player_choice":"Searched \u00271\u0027 times","damage_taken":0,"relics_obtained":["Bird Faced Urn"],"max_hp_gain":0,"max_hp_loss":0,"event_name":"Dead Adventurer","floor":7,"gold_loss":0},{"damage_healed":0,"gold_gain":0,"player_choice":"Entered Light","damage_taken":16,"max_hp_gain":0,"max_hp_loss":0,"event_name":"Shining Light","floor":11,"gold_loss":0,"cards_upgraded":["Twin Strike","Defend_R"]},{"damage_healed":0,"gold_gain":0,"player_choice":"Ignored","damage_taken":0,"max_hp_gain":0,"max_hp_loss":0,"event_name":"Vampires","floor":21,"gold_loss":0},{"damage_healed":0,"gold_gain":0,"player_choice":"Fight","damage_taken":0,"max_hp_gain":0,"max_hp_loss":0,"event_name":"Colosseum","floor":22,"gold_loss":0},{"damage_healed":0,"gold_gain":0,"player_choice":"Fled From Nobs","damage_taken":0,"max_hp_gain":0,"max_hp_loss":0,"event_name":"Colosseum","floor":22,"gold_loss":0}],"is_beta":false,"boss_relics":[{"not_picked":["Philosopher\u0027s Stone","Coffee Dripper"],"picked":"Ectoplasm"}],"items_purged_floors":[20],"is_endless":false,"potions_floor_spawned":[10,13,16,18,22],"killed_by":"Snake Plant","ascension_level":14}