{"gold_per_floor":[111,130,148,163,163,195,195,230,230,230],"floor_reached":10,"playtime":435,"items_purged":[],"score":109,"play_id":"71ad05f7-0d4b-4e83-a552-ff4ce7a772be","local_time":"20190411160636","is_ascension_mode":true,"campfire_choices":[{"data":"Neutralize","floor":7,"key":"SMITH"}],"neow_cost":"NONE","seed_source_timestamp":8668911755851,"circlet_count":0,"master_deck":["Defend_G","Defend_G","Defend_G","Defend_G","Defend_G","Strike_G","Strike_G","Strike_G","Strike_G","Strike_G","Survivor","Neutralize+1","All Out Attack","Dagger Throw","Footwork","Dagger Spray","Cloak And Dagger","Blur"],"relics":["Ring of the Snake","Ancient Tea Set","Letter Opener","Anchor","Dodecahedron"],"potions_floor_usage":[8,8,10],"damage_taken":[{"damage":0,"enemies":"Cultist","floor":1,"turns":5},{"damage":6,"enemies":"Jaw Worm","floor":2,"turns":6},{"damage":0,"enemies":"Small Slimes","floor":3,"turns":3},{"damage":5,"enemies":"2 Fungi Beasts","floor":4,"turns":4},{"damage":44,"enemies":"Gremlin Nob","floor":6,"turns":5},{"damage":33,"enemies":"Lagavulin","floor":8,"turns":8},{"damage":42,"enemies":"Gremlin Nob","floor":10,"turns":5}],"seed_played":"2807491689170008054","potions_obtained":[{"floor":1,"key":"Regen Potion"},{"floor":3,"key":"Regen Potion"},{"floor":6,"key":"FairyPotion"},{"floor":8,"key":"Block Potion"}],"is_trial":false,"path_per_floor":["M","M","M","M","?","E","R","E","T","E"],"character_chosen":"THE_SILENT","items_purchased":[],"campfire_rested":0,"item_purchase_floors":[],"current_hp_per_floor":[63,57,57,52,52,8,8,24,24,0],"gold":230,"neow_bonus":"RANDOM_COMMON_RELIC","is_prod":false,"is_daily":false,"chose_seed":false,"campfire_upgraded":1,"win_rate":0,"timestamp":1555023996,"path_taken":["M","?","M","M","?","E","R","E","T","E"],"build_version":"2019-01-23","purchased_purges":0,"victory":false,"max_hp_per_floor":[70,70,70,70,70,70,70,70,70,70],"card_choices":[{"not_picked":["PiercingWail","Dagger Throw"],"picked":"All Out Attack","floor":1},{"not_picked":["Dodge and Roll","Skewer"],"picked":"Dagger Throw","floor":2},{"not_picked":["Concentrate","Slice"],"picked":"Footwork","floor":3},{"not_picked":["Predator","PiercingWail"],"picked":"Dagger Spray","floor":4},{"not_picked":["Flechettes","Acrobatics"],"picked":"Cloak And Dagger","floor":6},{"not_picked":["Underhanded Strike","Dagger Throw"],"picked":"Blur","floor":8}],"player_experience":206789,"relics_obtained":[{"floor":6,"key":"Letter Opener"},{"floor":8,"key":"Anchor"},{"floor":9,"key":"Dodecahedron"}],"event_choices":[{"damage_healed":0,"gold_gain":0,"player_choice":"Ignored","damage_taken":0,"max_hp_gain":0,"max_hp_loss":0,"event_name":"Liars Game","floor":5,"gold_loss":0}],"is_beta":false,"boss_relics":[],"items_purged_floors":[],"is_endless":false,"potions_floor_spawned":[1,3,6,8],"killed_by":"Gremlin Nob","ascension_level":8}