{"gold_per_floor":[115,134,134,35,55,55,116,116,170,201,252,282,292,33,33,131,131,149,149,49,72,86,86],"floor_reached":23,"playtime":937,"items_purged":["Strike_G","Strike_G"],"score":279,"play_id":"f71c94d7-beff-481e-ac8c-4e9d158c4793","local_time":"20190403172608","is_ascension_mode":true,"campfire_choices":[{"data":"Deadly Poison","floor":6,"key":"SMITH"},{"data":"Poisoned Stab","floor":8,"key":"SMITH"},{"data":"Noxious Fumes","floor":15,"key":"SMITH"}],"neow_cost":"NONE","seed_source_timestamp":340514008557820,"circlet_count":0,"master_deck":["Defend_G","Defend_G","Defend_G","Defend_G","Defend_G","Strike_G","Strike_G","Strike_G","Survivor","Neutralize","Poisoned Stab+1","Deadly Poison+1","Backstab","Noxious Fumes+1","Noxious Fumes","Well Laid Plans","Envenom"],"relics":["Ring of the Snake","Tiny Chest","Vajra","Ninja Scroll","Oddly Smooth Stone","Orichalcum","Art of War","Snecko Eye","Smiling Mask"],"potions_floor_usage":[7,12,16,23],"damage_taken":[{"damage":0,"enemies":"2 Louse","floor":1,"turns":3},{"damage":0,"enemies":"Cultist","floor":2,"turns":4},{"damage":0,"enemies":"Jaw Worm","floor":5,"turns":3},{"damage":10,"enemies":"Gremlin Nob","floor":7,"turns":3},{"damage":17,"enemies":"3 Sentries","floor":10,"turns":9},{"damage":9,"enemies":"Gremlin Nob","floor":12,"turns":3},{"damage":2,"enemies":"Looter","floor":13,"turns":3},{"damage":14,"enemies":"Hexaghost","floor":16,"turns":7},{"damage":30,"enemies":"2 Thieves","floor":18,"turns":4},{"damage":6,"enemies":"3 Byrds","floor":22,"turns":5},{"damage":21,"enemies":"Gremlin Leader","floor":23,"turns":4}],"seed_played":"-8933573318585694851","potions_obtained":[{"floor":1,"key":"Block Potion"},{"floor":10,"key":"Poison Potion"},{"floor":12,"key":"Swift Potion"}],"is_trial":false,"path_per_floor":["M","M","?","$","M","R","E","R","T","E","T","E","M","$","R","B",null,"M","?","$","T","M","E"],"character_chosen":"THE_SILENT","items_purchased":["Deadly Poison","Poison Potion","Art of War","Well Laid Plans"],"campfire_rested":0,"item_purchase_floors":[4,4,14,14],"current_hp_per_floor":[70,70,77,77,77,77,67,67,67,50,50,41,39,39,39,25,64,34,20,20,20,14,0],"gold":86,"neow_bonus":"TEN_PERCENT_HP_BONUS","is_prod":false,"is_daily":false,"chose_seed":false,"campfire_upgraded":3,"win_rate":0,"timestamp":1554337568,"path_taken":["M","M","?","?","M","R","E","R","T","E","?","E","M","$","R","BOSS","M","?","$","?","M","E"],"build_version":"2019-01-23","purchased_purges":2,"victory":false,"max_hp_per_floor":[77,77,77,77,77,77,77,77,77,77,77,77,77,77,77,77,77,77,82,82,82,82,82],"card_choices":[{"not_picked":["Reflex","Backflip"],"picked":"Poisoned Stab","floor":1},{"not_picked":["Flechettes","PiercingWail"],"picked":"Skewer","floor":2},{"not_picked":["Terror","Endless Agony"],"picked":"Backstab","floor":5},{"not_picked":["Masterful Stab","Expertise","Calculated Gamble"],"picked":"SKIP","floor":7},{"not_picked":["Setup","Bane","Backstab"],"picked":"SKIP","floor":10},{"not_picked":["Venomology","Deadly Poison"],"picked":"Noxious Fumes","floor":12},{"not_picked":["Quick Slash","Expertise"],"picked":"Noxious Fumes","floor":13},{"not_picked":["Storm of Steel","Doppelganger"],"picked":"Envenom","floor":16},{"not_picked":["Flechettes","Bane","Accuracy+1"],"picked":"SKIP","floor":18},{"not_picked":["Bane+1","Prepared","Flechettes"],"picked":"SKIP","floor":22}],"player_experience":139364,"relics_obtained":[{"floor":7,"key":"Tiny Chest"},{"floor":9,"key":"Vajra"},{"floor":10,"key":"Ninja Scroll"},{"floor":11,"key":"Oddly Smooth Stone"},{"floor":12,"key":"Orichalcum"},{"floor":21,"key":"Smiling Mask"}],"event_choices":[{"cards_removed":["Skewer"],"damage_healed":7,"gold_gain":0,"player_choice":"Offered Uncommon","damage_taken":0,"max_hp_gain":0,"max_hp_loss":0,"event_name":"Bonfire Elementals","floor":3,"gold_loss":0},{"damage_healed":0,"gold_gain":0,"player_choice":"Shed Blood","damage_taken":19,"max_hp_gain":5,"max_hp_loss":0,"event_name":"Forgotten Altar","floor":19,"gold_loss":0}],"is_beta":false,"boss_relics":[{"not_picked":["Ring of the Serpent","Ectoplasm"],"picked":"Snecko Eye"}],"items_purged_floors":[14,20],"is_endless":false,"potions_floor_spawned":[1,10,12],"killed_by":"Gremlin Leader","ascension_level":7}