{"gold_per_floor":[11,28,41,61,61,89,89,123,197,197,227,254,254,281,281,385,385,400,414,514,531,285,315,315,330,330,350,364,398,398,415,415,513,513,533,544,555,572,572,604,624,624,624,639,309,309,309,329,329,329],"floor_reached":51,"playtime":5197,"items_purged":["Armaments"],"score":851,"play_id":"b2b7730e-5269-42a7-b84d-d8020d0b827d","local_time":"20190410170456","is_ascension_mode":true,"campfire_choices":[{"data":"Anger","floor":7,"key":"SMITH"},{"data":"Offering","floor":10,"key":"SMITH"},{"data":"Pommel Strike","floor":13,"key":"SMITH"},{"data":"Infernal Blade","floor":15,"key":"SMITH"},{"data":"Demon Form","floor":30,"key":"SMITH"},{"data":"Offering","floor":32,"key":"SMITH"},{"floor":42,"key":"REST"},{"floor":46,"key":"REST"},{"data":"Sentinel","floor":49,"key":"SMITH"}],"neow_cost":"NO_GOLD","seed_source_timestamp":62578530690800,"circlet_count":0,"master_deck":["Strike_R","Strike_R","Strike_R","Strike_R","Strike_R","Defend_R","Defend_R","Defend_R","Defend_R","Bash","Shrug It Off","Anger+1","Offering+1","Anger+1","Carnage","Pommel Strike+1","Clothesline","Infernal Blade+1","Demon Form+1","Heavy Blade","Carnage","Inflame","Magnetism","Corruption","Offering+1","Sentinel+1","True Grit+1","Impervious","True Grit+1","Inflame","Parasite","Headbutt+1"],"relics":["Burning Blood","Magic Flower","Meat on the Bone","Thread and Needle","Pantograph","Odd Mushroom","Bag of Preparation","Pear","Snecko Eye","Bird Faced Urn","Sundial","Turnip","Bottled Flame","Black Star","Bottled Tornado","Dodecahedron","Toxic Egg 2","Pen Nib"],"potions_floor_usage":[20,20,20,29,50],"damage_taken":[{"damage":6,"enemies":"Cultist","floor":1,"turns":3},{"damage":8,"enemies":"Jaw Worm","floor":2,"turns":4},{"damage":2,"enemies":"2 Louse","floor":3,"turns":3},{"damage":11,"enemies":"Exordium Wildlife","floor":4,"turns":5},{"damage":27,"enemies":"Gremlin Nob","floor":6,"turns":4},{"damage":29,"enemies":"3 Sentries","floor":8,"turns":5},{"damage":17,"enemies":"The Mushroom Lair","floor":11,"turns":5},{"damage":21,"enemies":"Gremlin Nob","floor":12,"turns":4},{"damage":16,"enemies":"3 Sentries","floor":14,"turns":6},{"damage":65,"enemies":"The Guardian","floor":16,"turns":8},{"damage":3,"enemies":"Shell Parasite","floor":18,"turns":3},{"damage":6,"enemies":"3 Byrds","floor":19,"turns":5},{"damage":12,"enemies":"Colosseum Slavers","floor":20,"turns":5},{"damage":3,"enemies":"Colosseum Nobs","floor":20,"turns":3},{"damage":26,"enemies":"Centurion and Healer","floor":21,"turns":4},{"damage":30,"enemies":"Book of Stabbing","floor":23,"turns":4},{"damage":15,"enemies":"Sentry and Sphere","floor":25,"turns":2},{"damage":20,"enemies":"Snecko","floor":27,"turns":4},{"damage":20,"enemies":"Centurion and Healer","floor":28,"turns":4},{"damage":41,"enemies":"Slavers","floor":29,"turns":5},{"damage":23,"enemies":"Sentry and Sphere","floor":31,"turns":3},{"damage":16,"enemies":"Champ","floor":33,"turns":5},{"damage":13,"enemies":"3 Shapes","floor":35,"turns":2},{"damage":49,"enemies":"3 Darklings","floor":36,"turns":4},{"damage":25,"enemies":"Sphere and 2 Shapes","floor":37,"turns":4},{"damage":12,"enemies":"Jaw Worm Horde","floor":38,"turns":3},{"damage":12,"enemies":"Giant Head","floor":40,"turns":6},{"damage":55,"enemies":"4 Shapes","floor":41,"turns":7},{"damage":36,"enemies":"Writhing Mass","floor":44,"turns":5},{"damage":9,"enemies":"Sphere and 2 Shapes","floor":48,"turns":4},{"damage":51,"enemies":"Time Eater","floor":50,"turns":7}],"seed_played":"-7070037667808357768","potions_obtained":[{"floor":1,"key":"SkillPotion"},{"floor":6,"key":"Swift Potion"},{"floor":11,"key":"Weak Potion"},{"floor":16,"key":"AttackPotion"},{"floor":19,"key":"AttackPotion"},{"floor":20,"key":"FearPotion"},{"floor":21,"key":"SpeedPotion"},{"floor":23,"key":"BloodPotion"},{"floor":29,"key":"SpeedPotion"},{"floor":38,"key":"Energy Potion"}],"is_trial":false,"path_per_floor":["M","M","M","M","?","E","R","E","T","R","?","E","R","E","R","B",null,"M","M","?","M","$","E","?","M","T","M","M","E","R","M","R","B",null,"M","M","M","M","?","E","M","R","T","M","$","R","?","M","R","B",null],"character_chosen":"IRONCLAD","items_purchased":["Magnetism","Corruption","Pen Nib","AttackPotion","SteroidPotion"],"campfire_rested":2,"item_purchase_floors":[22,22,45,45,45],"current_hp_per_floor":[80,80,80,78,78,60,60,58,58,58,50,56,56,77,77,52,90,90,90,90,73,73,64,46,67,67,65,63,60,60,61,61,94,95,91,60,68,77,77,89,70,95,95,74,74,95,95,95,95,62],"gold":329,"neow_bonus":"ONE_RARE_RELIC","is_prod":false,"is_daily":false,"chose_seed":false,"campfire_upgraded":7,"win_rate":0,"timestamp":1554908696,"path_taken":["M","M","M","M","?","E","R","E","T","R","?","E","R","E","R","BOSS","M","M","?","M","$","E","?","M","T","M","M","E","R","M","R","BOSS","M","M","M","M","?","E","M","R","T","M","$","R","?","M","R","BOSS"],"build_version":"2019-01-23","purchased_purges":1,"victory":true,"max_hp_per_floor":[80,80,80,80,80,80,80,80,80,80,80,80,80,90,90,90,90,90,90,90,90,90,90,95,95,95,95,95,95,95,95,95,95,95,95,95,95,95,95,95,95,95,95,95,95,95,95,95,95,95],"card_choices":[{"not_picked":["Feel No Pain","Heavy Blade"],"picked":"Shrug It Off","floor":1},{"not_picked":["Clothesline","Bloodletting"],"picked":"Anger","floor":2},{"not_picked":["Warcry","Heavy Blade"],"picked":"Offering","floor":3},{"not_picked":["Body Slam","Whirlwind"],"picked":"Anger","floor":4},{"not_picked":["Power Through","Perfected Strike"],"picked":"Carnage","floor":6},{"not_picked":["Corruption","Perfected Strike"],"picked":"Armaments","floor":8},{"not_picked":["Armaments","Iron Wave"],"picked":"Pommel Strike","floor":11},{"not_picked":["Perfected Strike","Twin Strike"],"picked":"Clothesline","floor":12},{"not_picked":["Juggernaut","Searing Blow"],"picked":"Infernal Blade","floor":14},{"not_picked":["Feed","Limit Break"],"picked":"Demon Form","floor":16},{"not_picked":["Shrug It Off","Flex"],"picked":"Heavy Blade","floor":18},{"not_picked":["Burning Pact","Clothesline"],"picked":"Carnage","floor":19},{"not_picked":["Fire Breathing+1","Sentinel"],"picked":"Inflame","floor":21},{"not_picked":["Iron Wave","Flex"],"picked":"Offering","floor":23},{"not_picked":["Wild Strike","Clash"],"picked":"Sentinel","floor":25},{"not_picked":["Havoc","Twin Strike+1"],"picked":"True Grit+1","floor":27},{"not_picked":["Shockwave","Dropkick","Feel No Pain"],"picked":"SKIP","floor":28},{"not_picked":["Berserk","Spot Weakness","Perfected Strike"],"picked":"SKIP","floor":29},{"not_picked":["Havoc","Body Slam+1","Twin Strike"],"picked":"SKIP","floor":31},{"not_picked":["Dark Embrace","Berserk"],"picked":"Impervious","floor":33},{"not_picked":["Intimidate+1","Rage","Twin Strike+1"],"picked":"SKIP","floor":35},{"not_picked":["Rage","Pommel Strike","Shrug It Off"],"picked":"SKIP","floor":36},{"not_picked":["Twin Strike+1","Power Through","Offering"],"picked":"SKIP","floor":37},{"not_picked":["Armaments","Iron Wave+1"],"picked":"True Grit+1","floor":38},{"not_picked":["Perfected Strike+1","True Grit"],"picked":"Inflame","floor":40},{"not_picked":["Iron Wave+1","Shrug It Off+1","Corruption"],"picked":"SKIP","floor":41},{"not_picked":["Wild Strike+1","Anger"],"picked":"Headbutt+1","floor":44},{"not_picked":["Clash+1","Flame Barrier+1","Perfected Strike"],"picked":"SKIP","floor":48}],"player_experience":351152,"relics_obtained":[{"floor":6,"key":"Meat on the Bone"},{"floor":8,"key":"Thread and Needle"},{"floor":9,"key":"Pantograph"},{"floor":11,"key":"Odd Mushroom"},{"floor":12,"key":"Bag of Preparation"},{"floor":14,"key":"Pear"},{"floor":20,"key":"Bird Faced Urn"},{"floor":20,"key":"Sundial"},{"floor":23,"key":"Turnip"},{"floor":29,"key":"Bottled Flame"},{"floor":40,"key":"Bottled Tornado"},{"floor":40,"key":"Dodecahedron"},{"floor":43,"key":"Toxic Egg 2"}],"event_choices":[{"damage_healed":0,"gold_gain":0,"player_choice":"Grow","damage_taken":0,"max_hp_gain":0,"max_hp_loss":0,"event_name":"Living Wall","floor":5,"gold_loss":0,"cards_upgraded":["Anger"]},{"damage_healed":0,"gold_gain":0,"player_choice":"Fought Mushrooms","damage_taken":0,"max_hp_gain":0,"max_hp_loss":0,"event_name":"Mushrooms","floor":11,"gold_loss":0},{"damage_healed":0,"gold_gain":0,"player_choice":"Fight","damage_taken":0,"max_hp_gain":0,"max_hp_loss":0,"event_name":"Colosseum","floor":20,"gold_loss":0},{"damage_healed":0,"gold_gain":0,"player_choice":"Fought Nobs","damage_taken":0,"max_hp_gain":0,"max_hp_loss":0,"event_name":"Colosseum","floor":20,"gold_loss":0},{"damage_healed":0,"gold_gain":0,"player_choice":"Shed Blood","damage_taken":23,"max_hp_gain":5,"max_hp_loss":0,"event_name":"Forgotten Altar","floor":24,"gold_loss":0},{"damage_healed":0,"gold_gain":0,"player_choice":"Ignored","damage_taken":0,"max_hp_gain":0,"max_hp_loss":0,"event_name":"Tomb of Lord Red Mask","floor":39,"gold_loss":0},{"damage_healed":0,"gold_gain":0,"player_choice":"Ignored","damage_taken":0,"max_hp_gain":0,"max_hp_loss":0,"event_name":"SecretPortal","floor":47,"gold_loss":0}],"is_beta":false,"boss_relics":[{"not_picked":["Fusion Hammer","Busted Crown"],"picked":"Snecko Eye"},{"not_picked":["Eternal Feather","Velvet Choker"],"picked":"Black Star"}],"items_purged_floors":[45],"is_endless":false,"potions_floor_spawned":[1,6,11,12,16,19,20,21,23,29,36,38,41],"ascension_level":2}