{"gold_per_floor":[112,112,129,129,129,129,144,163,189,199,218,11,11,28,28,131,131,131,131,131,131,56,56,56,56,56,56,56,56,56,56,56,56,56,56,0,0,0,0,0],"floor_reached":40,"playtime":1785,"items_purged":["Defend_R"],"score":425,"play_id":"14a00159-088b-4e5a-aa59-0c25a0eed1b3","local_time":"20180927133308","is_ascension_mode":false,"campfire_choices":[{"data":"Seeing Red","floor":6,"key":"SMITH"},{"data":"Limit Break","floor":15,"key":"SMITH"},{"data":"Demon Form","floor":29,"key":"SMITH"},{"data":"Strike_R","floor":32,"key":"PURGE"}],"neow_cost":"NONE","seed_source_timestamp":330566794767569,"circlet_count":0,"master_deck":["Defend_R","Defend_R+1","Defend_R+1","Bash","Seeing Red+1","Clothesline","Demon Form+1","Reaper","Limit Break+1","Limit Break","RitualDagger","Exhume","Limit Break","Headbutt+1"],"relics":["Black Blood","War Paint","DollysMirror","Ectoplasm","Blood Vial","Peace Pipe","Pantograph","Red Mask","Pocketwatch"],"potions_floor_usage":[23,25,37,40],"damage_taken":[{"damage":10,"enemies":"Jaw Worm","floor":1,"turns":4},{"damage":0,"enemies":"Cultist","floor":3,"turns":3},{"damage":0,"enemies":"2 Louse","floor":7,"turns":3},{"damage":6,"enemies":"Blue Slaver","floor":8,"turns":6},{"damage":23,"enemies":"Lots of Slimes","floor":10,"turns":8},{"damage":2,"enemies":"Looter","floor":11,"turns":3},{"damage":7,"enemies":"3 Louse","floor":14,"turns":6},{"damage":51,"enemies":"Slime Boss","floor":16,"turns":11},{"damage":4,"enemies":"Chosen","floor":18,"turns":8},{"damage":36,"enemies":"Spheric Guardian","floor":20,"turns":6},{"damage":8,"enemies":"Centurion and Healer","floor":21,"turns":6},{"damage":70,"enemies":"Slavers","floor":23,"turns":7},{"damage":37,"enemies":"Cultist and Chosen","floor":25,"turns":8},{"damage":37,"enemies":"Snake Plant","floor":27,"turns":6},{"damage":47,"enemies":"Sentry and Sphere","floor":28,"turns":7},{"damage":54,"enemies":"Champ","floor":33,"turns":6},{"damage":15,"enemies":"3 Shapes","floor":35,"turns":12},{"damage":21,"enemies":"Orb Walker","floor":37,"turns":4},{"damage":38,"enemies":"Mind Bloom Boss Battle","floor":38,"turns":9},{"damage":88,"enemies":"2 Orb Walkers","floor":40,"turns":4}],"seed_played":"8896998503639773457","potions_obtained":[{"floor":3,"key":"EssenceOfSteel"},{"floor":10,"key":"Block Potion"},{"floor":11,"key":"Ancient Potion"},{"floor":18,"key":"Fire Potion"},{"floor":23,"key":"LiquidBronze"},{"floor":33,"key":"SkillPotion"},{"floor":37,"key":"SpeedPotion"}],"is_trial":false,"path_per_floor":["M","?","M","?","?","R","M","M","T","M","M","$","?","M","R","B",null,"M","?","M","M","$","E","?","M","T","M","M","R","?","T","R","B",null,"M","?","M","?","$"],"character_chosen":"IRONCLAD","items_purchased":["DollysMirror"],"campfire_rested":0,"item_purchase_floors":[12],"current_hp_per_floor":[76,76,80,80,80,80,80,80,80,80,80,80,85,85,85,74,85,85,79,69,85,85,67,67,74,74,79,40,40,40,40,40,76,85,85,85,85,85,85,0],"gold":0,"neow_bonus":"TRANSFORM_CARD","is_prod":false,"is_daily":false,"chose_seed":false,"campfire_upgraded":3,"win_rate":0,"timestamp":1538080388,"path_taken":["M","?","M","?","?","R","M","M","T","M","M","?","?","?","R","BOSS","M","?","M","M","?","E","?","M","T","M","M","R","?","?","R","BOSS","M","?","M","?","?","E"],"build_version":"2018-09-20","purchased_purges":1,"victory":false,"max_hp_per_floor":[80,80,80,80,80,80,80,80,80,80,80,80,85,85,85,85,85,85,85,85,85,85,85,85,85,85,85,85,85,85,85,85,85,85,85,85,85,85,85,85],"card_choices":[{"not_picked":["Iron Wave","Flame Barrier"],"picked":"Clothesline","floor":1},{"not_picked":["Flex","Anger","Body Slam"],"picked":"SKIP","floor":3},{"not_picked":["Body Slam","Havoc"],"picked":"Reaper","floor":7},{"not_picked":["Havoc","Spot Weakness","Perfected Strike"],"picked":"SKIP","floor":8},{"not_picked":["Power Through","Infernal Blade","Flame Barrier"],"picked":"SKIP","floor":10},{"not_picked":["Sword Boomerang","Warcry"],"picked":"Limit Break","floor":11},{"not_picked":["Armaments","Wild Strike","Perfected Strike"],"picked":"SKIP","floor":14},{"not_picked":["Sword Boomerang","Clothesline","Shrug It Off"],"picked":"SKIP","floor":18},{"not_picked":["Sword Boomerang","Clash","Sentinel+1"],"picked":"SKIP","floor":20},{"not_picked":["Evolve","Thunderclap","Demon Form"],"picked":"SKIP","floor":21},{"not_picked":["Cleave","Uppercut","Shockwave"],"picked":"SKIP","floor":23},{"not_picked":["Perfected Strike+1","Havoc","Clothesline"],"picked":"SKIP","floor":25},{"not_picked":["Iron Wave","Sword Boomerang"],"picked":"Exhume","floor":27},{"not_picked":["Second Wind","Heavy Blade","Cleave"],"picked":"SKIP","floor":28},{"not_picked":["Demon Form","Dark Embrace"],"picked":"Limit Break","floor":33},{"not_picked":["Body Slam","Clash+1","Havoc+1"],"picked":"SKIP","floor":35},{"not_picked":["Feel No Pain+1","Searing Blow"],"picked":"Headbutt+1","floor":37}],"player_experience":265656,"relics_obtained":[{"floor":9,"key":"War Paint"},{"floor":23,"key":"Blood Vial"},{"floor":26,"key":"Peace Pipe"},{"floor":31,"key":"Pantograph"},{"floor":38,"key":"Pocketwatch"}],"event_choices":[{"event_name":"Wheel of Change","player_choice":"Card Removal","floor":2,"damage_taken":0},{"event_name":"Transmorgrifier","player_choice":"Transform","floor":4,"damage_taken":0},{"event_name":"Living Wall","player_choice":"Forget","floor":5,"damage_taken":0},{"event_name":"Big Fish","player_choice":"Donut","floor":13,"damage_taken":0},{"event_name":"Nest","player_choice":"Joined the Cult","floor":19,"damage_taken":0},{"event_name":"Beggar","player_choice":"Ignored","floor":24,"damage_taken":0},{"event_name":"Golden Shrine","player_choice":"Skipped","floor":30,"damage_taken":0},{"event_name":"Tomb of Lord Red Mask","player_choice":"Paid","floor":36,"damage_taken":0},{"event_name":"MindBloom","player_choice":"Fight","floor":38,"damage_taken":0}],"is_beta":false,"boss_relics":[{"not_picked":["Cursed Key","Empty Cage"],"picked":"Ectoplasm"},{"not_picked":["Snecko Eye","Calling Bell"],"picked":"Black Blood"}],"items_purged_floors":[22],"is_endless":false,"potions_floor_spawned":[3,10,11,18,21,23,33,35,37],"killed_by":"2 Orb Walkers","ascension_level":0}