{"gold_per_floor":[119,139,64,82,38,68,68,100,185,207,233,245,288,450,462,548,560,591,622,634,646],"floor_reached":21,"playtime":1000,"items_purged":[],"score":413,"play_id":"f2a00c9d-73bb-4a0e-a5ac-87aa3a6fd74b","local_time":"20190506100142","is_ascension_mode":true,"campfire_choices":[{"data":"Bash","floor":7.0,"key":"SMITH"},{"data":"Spot Weakness","floor":12.0,"key":"SMITH"},{"floor":15.0,"key":"REST"}],"neow_cost":"NONE","seed_source_timestamp":0,"circlet_count":0,"master_deck":["AscendersBane","Strike_R","Strike_R+1","Strike_R+1","Defend_R","Defend_R","Defend_R","Defend_R","Bash+1","Battle Trance","Anger","Wild Strike","Spot Weakness+1","True Grit","Intimidate","Disarm","Whirlwind","Sever Soul","Doubt","Dark Embrace+1","Shockwave","Headbutt","Evolve+1"],"special_seed":0,"relics":["Burning Blood","Mango","MawBank","Frozen Egg 2","Whetstone","Runic Pyramid"],"potions_floor_usage":[19,21],"damage_taken":[{"damage":6.0,"enemies":"Cultist","floor":1.0,"turns":4.0},{"damage":7.0,"enemies":"Jaw Worm","floor":2.0,"turns":3.0},{"damage":4.0,"enemies":"Small Slimes","floor":4.0,"turns":4.0},{"damage":36.0,"enemies":"Lagavulin","floor":6.0,"turns":5.0},{"damage":11.0,"enemies":"Gremlin Nob","floor":8.0,"turns":3.0},{"damage":8.0,"enemies":"Looter","floor":10.0,"turns":3.0},{"damage":15.0,"enemies":"Red Slaver","floor":11.0,"turns":5.0},{"damage":24.0,"enemies":"Lagavulin","floor":13.0,"turns":7.0},{"damage":17.0,"enemies":"Slime Boss","floor":16.0,"turns":8.0},{"damage":27,"enemies":"2 Thieves","floor":18,"turns":3},{"damage":29,"enemies":"3 Byrds","floor":19,"turns":7},{"damage":59,"enemies":"Shelled Parasite and Fungi","floor":21,"turns":5}],"seed_played":"-3502843280592701930","potions_obtained":[{"floor":1.0,"key":"AttackPotion"},{"floor":8.0,"key":"Weak Potion"},{"floor":11.0,"key":"FearPotion"},{"floor":13.0,"key":"Fire Potion"},{"floor":19,"key":"Regen Potion"}],"is_trial":false,"path_per_floor":["M","M","?","M","$","E","R","E","T","M","M","R","E","?","R","B",null,"M","M","?","M"],"character_chosen":"IRONCLAD","items_purchased":["Spot Weakness"],"campfire_rested":1,"item_purchase_floors":[5],"current_hp_per_floor":[75,74,74,76,76,60,60,55,55,53,44,44,26,26,54,43,83,62,39,39,0],"gold":646,"neow_bonus":"TEN_PERCENT_HP_BONUS","is_prod":false,"is_daily":false,"chose_seed":false,"campfire_upgraded":2,"win_rate":0,"timestamp":1557162102,"path_taken":["M","M","?","M","?","E","R","E","T","M","M","R","E","?","R","BOSS","M","M","?","M"],"build_version":"2019-01-23","purchased_purges":0,"victory":false,"max_hp_per_floor":[82,82,82,82,82,96,96,96,96,96,96,96,96,96,96,96,96,96,96,96,96],"card_choices":[{"not_picked":["Sever Soul","Anger"],"picked":"Battle Trance","floor":1.0},{"not_picked":["Flex","Thunderclap"],"picked":"Anger","floor":2.0},{"not_picked":["Iron Wave","Heavy Blade"],"picked":"Wild Strike","floor":4.0},{"not_picked":["Intimidate","Searing Blow"],"picked":"True Grit","floor":6.0},{"not_picked":["Carnage","Rupture"],"picked":"Intimidate","floor":8.0},{"not_picked":["Body Slam","Pommel Strike"],"picked":"Disarm","floor":10.0},{"not_picked":["Wild Strike","Twin Strike"],"picked":"Whirlwind","floor":11.0},{"not_picked":["Clash","Carnage"],"picked":"Sever Soul","floor":13.0},{"not_picked":["Barricade+1","Juggernaut+1"],"picked":"Dark Embrace+1","floor":16.0},{"not_picked":["Cleave","Thunderclap"],"picked":"Shockwave","floor":18},{"not_picked":["Combust+1","Clothesline"],"picked":"Headbutt","floor":19}],"player_experience":556441,"relics_obtained":[{"floor":6.0,"key":"Mango"},{"floor":8.0,"key":"MawBank"},{"floor":9.0,"key":"Frozen Egg 2"},{"floor":13.0,"key":"Whetstone"}],"event_choices":[{"cards_removed":["Strike_R"],"damage_healed":0.0,"max_hp_gain":0.0,"max_hp_loss":0.0,"gold_gain":0.0,"event_name":"The Cleric","player_choice":"Card Removal","floor":3.0,"gold_loss":75.0,"damage_taken":0.0},{"damage_healed":0.0,"max_hp_gain":0.0,"max_hp_loss":0.0,"gold_gain":150.0,"event_name":"Liars Game","player_choice":"AGREE","floor":14.0,"gold_loss":0.0,"damage_taken":0.0,"cards_obtained":["Doubt"]},{"damage_healed":0,"gold_gain":0,"cards_transformed":["Strike_R"],"player_choice":"Transformed","damage_taken":0,"max_hp_gain":0,"max_hp_loss":0,"event_name":"Transmorgrifier","floor":20,"gold_loss":0,"cards_obtained":["Evolve"]}],"is_beta":false,"boss_relics":[{"not_picked":["White Beast Statue","Runic Cube"],"picked":"Runic Pyramid"}],"items_purged_floors":[],"is_endless":false,"potions_floor_spawned":[1,8,11,13,19],"killed_by":"Shelled Parasite and Fungi","ascension_level":19}