{"gold_per_floor":[213,231,244,259,212,246,246,266,291,323,15,46,46,61,61,61],"floor_reached":16,"playtime":691,"items_purged":[],"score":146,"play_id":"0680b1e6-ba04-4e2d-9bbf-bd271a7f15cf","local_time":"20190325202248","is_ascension_mode":true,"campfire_choices":[{"data":"Noxious Fumes","floor":7.0,"key":"SMITH"},{"data":"Noxious Fumes","floor":15,"key":"SMITH"}],"neow_cost":"NONE","seed_source_timestamp":0,"circlet_count":0,"master_deck":["Defend_G","Defend_G","Defend_G","Defend_G","Defend_G","Strike_G","Strike_G","Strike_G","Strike_G","Survivor","Neutralize","Quick Slash","Noxious Fumes+1","Poisoned Stab","Terror","Deadly Poison","PiercingWail","Dash","After Image","Footwork","Deadly Poison","Noxious Fumes+1"],"special_seed":0,"relics":["Ring of the Snake","Pen Nib","Dream Catcher","Smiling Mask","Art of War","Regal Pillow"],"potions_floor_usage":[16],"damage_taken":[{"damage":0.0,"enemies":"2 Louse","floor":1.0,"turns":4.0},{"damage":1.0,"enemies":"Cultist","floor":2.0,"turns":3.0},{"damage":0.0,"enemies":"Jaw Worm","floor":3.0,"turns":5.0},{"damage":0.0,"enemies":"Exordium Thugs","floor":4.0,"turns":5.0},{"damage":24.0,"enemies":"3 Sentries","floor":6.0,"turns":9.0},{"damage":6.0,"enemies":"Looter","floor":8.0,"turns":4.0},{"damage":7.0,"enemies":"Lagavulin","floor":10.0,"turns":6.0},{"damage":10.0,"enemies":"Gremlin Nob","floor":12.0,"turns":4.0},{"damage":17,"enemies":"Gremlin Gang","floor":14,"turns":6},{"damage":24,"enemies":"Slime Boss","floor":16,"turns":3}],"seed_played":"-5846567801168944207","potions_obtained":[{"floor":1.0,"key":"Weak Potion"},{"floor":2.0,"key":"LiquidBronze"},{"floor":14,"key":"Weak Potion"}],"is_trial":false,"path_per_floor":["M","M","M","M","$","E","R","M","T","E","$","E","?","M","R","B"],"character_chosen":"THE_SILENT","items_purchased":["Deadly Poison","Art of War","Footwork","Regen Potion"],"campfire_rested":0,"item_purchase_floors":[5,11,11,11],"current_hp_per_floor":[70,69,69,69,69,45,45,39,39,32,32,36,36,19,19,0],"gold":61,"neow_bonus":"HUNDRED_GOLD","is_prod":false,"is_daily":false,"chose_seed":false,"campfire_upgraded":2,"win_rate":0,"timestamp":1553570568,"path_taken":["M","M","M","M","$","E","R","M","T","E","$","E","?","?","R","BOSS"],"build_version":"2019-01-23","purchased_purges":0,"victory":false,"max_hp_per_floor":[70,70,70,70,70,70,70,70,70,70,70,70,70,70,70,70],"card_choices":[{"not_picked":["PiercingWail","Deadly Poison"],"picked":"Quick Slash","floor":1.0},{"not_picked":["Caltrops","Choke"],"picked":"Noxious Fumes","floor":2.0},{"not_picked":["Underhanded Strike","Deflect"],"picked":"Poisoned Stab","floor":3.0},{"not_picked":["Tactician","Heel Hook"],"picked":"Terror","floor":4.0},{"not_picked":["Slice","Bane"],"picked":"PiercingWail","floor":6.0},{"not_picked":["Sucker Punch","Bane"],"picked":"Dash","floor":8.0},{"not_picked":["Venomology","Deflect"],"picked":"After Image","floor":10.0},{"not_picked":["Blur","Deflect"],"picked":"Deadly Poison","floor":12.0},{"not_picked":["Endless Agony","Footwork"],"picked":"Noxious Fumes","floor":14}],"player_experience":64369,"relics_obtained":[{"floor":6.0,"key":"Pen Nib"},{"floor":9.0,"key":"Dream Catcher"},{"floor":10.0,"key":"Smiling Mask"},{"floor":12.0,"key":"Regal Pillow"}],"event_choices":[{"cards_removed":["Strike_G"],"damage_healed":0.0,"max_hp_gain":0.0,"max_hp_loss":0.0,"gold_gain":0.0,"event_name":"Purifier","player_choice":"Purged","floor":13.0,"gold_loss":0.0,"damage_taken":0.0}],"is_beta":false,"boss_relics":[],"items_purged_floors":[],"is_endless":false,"potions_floor_spawned":[1,2,14],"killed_by":"Slime Boss","ascension_level":4}