{"gold_per_floor":[116,133,133,133,153,153,176,194,494,43,58,58,78,153,153,153],"floor_reached":16,"playtime":2390,"items_purged":["Pain"],"score":94,"play_id":"0affb7b6-78ea-43e5-bf4a-f96b2fcf87ae","local_time":"20190404184537","is_ascension_mode":false,"campfire_choices":[{"data":"Hologram","floor":6,"key":"SMITH"},{"data":"Chill","floor":12,"key":"SMITH"},{"data":"Hello World","floor":15,"key":"SMITH"}],"neow_cost":"NONE","seed_source_timestamp":1154596748833100,"circlet_count":0,"master_deck":["Strike_B","Strike_B","Strike_B","Defend_B","Defend_B","Defend_B","Defend_B","Zap","Dualcast","Hologram+1","Reinforced Body","Cold Snap","Darkness","Darkness","Hello World+1","Hologram","Chill+1","Conserve Battery","Compile Driver"],"relics":["Cracked Core","Golden Idol","WarpedTongs","Old Coin","Membership Card","Bottled Lightning"],"potions_floor_usage":[11,13,16],"damage_taken":[{"damage":2,"enemies":"2 Louse","floor":1,"turns":3},{"damage":5,"enemies":"Jaw Worm","floor":2,"turns":3},{"damage":2,"enemies":"Cultist","floor":5,"turns":3},{"damage":13,"enemies":"3 Louse","floor":7,"turns":4},{"damage":9,"enemies":"Looter","floor":8,"turns":4},{"damage":0,"enemies":"Large Slime","floor":11,"turns":4},{"damage":16,"enemies":"Gremlin Gang","floor":13,"turns":5},{"damage":17,"enemies":"The Guardian","floor":16,"turns":2}],"seed_played":"8418691057467463325","potions_obtained":[{"floor":2,"key":"SmokeBomb"},{"floor":5,"key":"SpeedPotion"},{"floor":11,"key":"Energy Potion"},{"floor":13,"key":"PowerPotion"}],"is_trial":false,"path_per_floor":["M","M","?","?","M","R","M","M","T","$","M","R","M","?","R","B"],"character_chosen":"DEFECT","items_purchased":["Membership Card","Bottled Lightning","Hello World","Hologram","Chill"],"campfire_rested":0,"item_purchase_floors":[10,10,10,10,10],"current_hp_per_floor":[73,68,68,68,66,66,53,44,44,44,44,44,28,17,17,0],"gold":153,"neow_bonus":"REMOVE_CARD","is_prod":false,"is_daily":false,"chose_seed":false,"campfire_upgraded":3,"win_rate":0.0,"timestamp":1554396337,"path_taken":["M","M","?","?","M","R","?","M","T","$","M","R","M","?","R","BOSS"],"build_version":"2019-01-23","purchased_purges":1,"victory":false,"max_hp_per_floor":[75,75,69,69,69,69,69,69,69,69,69,69,69,69,69,69],"card_choices":[{"not_picked":["Turbo","Streamline"],"picked":"Hologram","floor":1},{"not_picked":["Storm","Melter"],"picked":"Reinforced Body","floor":2},{"not_picked":["Turbo","Sunder"],"picked":"Cold Snap","floor":5},{"not_picked":["Reinforced Body","Barrage"],"picked":"Darkness","floor":7},{"not_picked":["Reboot","Gash"],"picked":"Darkness","floor":8},{"not_picked":["Compile Driver","Streamline"],"picked":"Conserve Battery","floor":11},{"not_picked":["Leap","Cold Snap"],"picked":"Compile Driver","floor":13}],"player_experience":50030,"relics_obtained":[{"floor":9,"key":"Old Coin"}],"event_choices":[{"damage_healed":0,"gold_gain":0,"player_choice":"Lose Max HP","damage_taken":0,"relics_obtained":["Golden Idol"],"max_hp_gain":0,"max_hp_loss":6,"event_name":"Golden Idol","floor":3,"gold_loss":0},{"damage_healed":0,"gold_gain":0,"player_choice":"Rummage","damage_taken":0,"relics_obtained":["WarpedTongs"],"max_hp_gain":0,"max_hp_loss":0,"event_name":"Accursed Blacksmith","floor":4,"gold_loss":0,"cards_obtained":["Pain"]},{"damage_healed":0,"gold_gain":75,"player_choice":"Gather Gold","damage_taken":11,"max_hp_gain":0,"max_hp_loss":0,"event_name":"World of Goop","floor":14,"gold_loss":0}],"is_beta":false,"boss_relics":[],"items_purged_floors":[10],"is_endless":false,"potions_floor_spawned":[2,5,11,13],"killed_by":"The Guardian","ascension_level":0}