{"gold_per_floor":[112,287,297,316,72,72,0,16,41,61,61,61,85,101,101,232,232,251,251,176,176,176],"floor_reached":22,"playtime":876,"items_purged":["Doubt"],"score":238,"play_id":"d703fe3b-a22e-4671-a1be-e831f4ea8f16","local_time":"20181203215338","is_ascension_mode":true,"campfire_choices":[{"floor":6,"key":"REST"},{"floor":12,"key":"REST"},{"data":"White Noise","floor":15,"key":"SMITH"}],"neow_cost":"NONE","seed_source_timestamp":182048377213127,"circlet_count":0,"master_deck":["Strike_B","Strike_B","Strike_B","Strike_B","Defend_B","Defend_B","Defend_B","Defend_B","Zap","Dualcast","Self Repair","Blizzard+1","Cold Snap","White Noise+1"],"relics":["FrozenCore","Art of War","Cables","Bronze Scales","Golden Idol"],"potions_floor_usage":[8,10,10],"damage_taken":[{"damage":9,"enemies":"Jaw Worm","floor":1,"turns":3},{"damage":18,"enemies":"Small Slimes","floor":3,"turns":4},{"damage":1,"enemies":"Cultist","floor":4,"turns":3},{"damage":6,"enemies":"Looter","floor":8,"turns":4},{"damage":8,"enemies":"Blue Slaver","floor":10,"turns":3},{"damage":30,"enemies":"Exordium Thugs","floor":13,"turns":5},{"damage":5,"enemies":"2 Fungi Beasts","floor":14,"turns":3},{"damage":34,"enemies":"Slime Boss","floor":16,"turns":12},{"damage":30,"enemies":"Spheric Guardian","floor":18,"turns":10},{"damage":36,"enemies":"Chosen","floor":22,"turns":6}],"seed_played":"4565520139491226889","potions_obtained":[{"floor":3,"key":"Weak Potion"},{"floor":4,"key":"Weak Potion"},{"floor":8,"key":"Poison Potion"}],"is_trial":false,"path_per_floor":["M","?","M","M","$","R","$","M","T","M","?","R","M","M","R","B",null,"M","?","$","?","M"],"character_chosen":"DEFECT","items_purchased":["Cables","Self Repair"],"campfire_rested":2,"item_purchase_floors":[5,7],"current_hp_per_floor":[59,59,41,40,40,62,62,56,56,55,55,69,46,48,48,21,57,34,34,34,34,0],"gold":176,"neow_bonus":"RANDOM_COMMON_RELIC","is_prod":false,"is_daily":false,"chose_seed":false,"campfire_upgraded":1,"win_rate":0,"timestamp":1543870418,"path_taken":["M","?","M","M","$","R","$","M","T","M","?","R","M","?","R","BOSS","M","?","$","?","?"],"build_version":"2018-11-15","purchased_purges":1,"victory":false,"max_hp_per_floor":[75,75,75,75,75,75,75,75,75,75,69,69,69,69,69,69,69,69,69,69,69,69],"card_choices":[{"not_picked":["Turbo","Redo","Heatsinks"],"picked":"SKIP","floor":1},{"not_picked":["Tempest","Reprogram","Barrage"],"picked":"SKIP","floor":3},{"not_picked":["Stack","Streamline","Recycle"],"picked":"SKIP","floor":4},{"not_picked":["Aggregate","Storm"],"picked":"Blizzard","floor":8},{"not_picked":["Sunder","Undo"],"picked":"Cold Snap","floor":10},{"not_picked":["Hologram","Gash","Tempest"],"picked":"SKIP","floor":13},{"not_picked":["Loop","Ball Lightning"],"picked":"White Noise","floor":14},{"not_picked":["Leap+1","Steam","Beam Cell+1"],"picked":"SKIP","floor":18}],"player_experience":338906,"relics_obtained":[{"floor":9,"key":"Bronze Scales"}],"event_choices":[{"damage_healed":0,"gold_gain":175,"player_choice":"AGREE","damage_taken":0,"max_hp_gain":0,"max_hp_loss":0,"event_name":"Liars Game","floor":2,"gold_loss":0,"cards_obtained":["Doubt"]},{"damage_healed":0,"gold_gain":0,"player_choice":"Lose Max HP","damage_taken":0,"relics_obtained":["Golden Idol"],"max_hp_gain":0,"max_hp_loss":6,"event_name":"Golden Idol","floor":11,"gold_loss":0},{"damage_healed":0,"gold_gain":0,"player_choice":"Upgraded","damage_taken":0,"max_hp_gain":0,"max_hp_loss":0,"event_name":"Upgrade Shrine","floor":21,"gold_loss":0,"cards_upgraded":["Blizzard"]}],"is_beta":false,"boss_relics":[{"not_picked":["Runic Dome","Snecko Eye"],"picked":"FrozenCore"}],"items_purged_floors":[20],"is_endless":false,"potions_floor_spawned":[3,4,8],"killed_by":"Chosen","ascension_level":7}