{"gold_per_floor":[111,125,125,95,111,139,139,173,173,191,224,224,234,70,70,171,171,183,197,122,122,122,149,149,163,238,35,35,67,80,110,110,210,210,221,239,251,270,69,69,0,75,75,89,89,117,117,149,149,149,149,149,4,37,37],"floor_reached":55,"playtime":2857,"items_purged":["Strike_B"],"score":1305,"play_id":"0ac9985a-0e43-48fb-bf20-06c89f17aab4","local_time":"20190415221140","is_ascension_mode":true,"campfire_choices":[{"data":"Zap","floor":7,"key":"SMITH"},{"data":"Echo Form","floor":15,"key":"SMITH"},{"floor":24,"key":"REST"},{"data":"Ghostly","floor":32,"key":"SMITH"},{"data":"Ghostly","floor":40,"key":"SMITH"},{"floor":45,"key":"REST"},{"floor":49,"key":"RECALL"},{"data":"Ghostly","floor":52,"key":"SMITH"}],"neow_cost":"NONE","seed_source_timestamp":209886385716390,"circlet_count":0,"master_deck":["AscendersBane","Strike_B","Strike_B","Strike_B","Defend_B+1","Defend_B","Defend_B","Defend_B+1","Zap+1","Dualcast","Cold Snap","Hologram","Ball Lightning+1","Compile Driver+1","Core Surge+1","Cold Snap+1","Echo Form+1","Creative AI","Gash+1","Ghostly+1","Ghostly+1","Ghostly+1","Ghostly","Ghostly","White Noise","Ball Lightning+1","Buffer","Coolheaded+1","Conserve Battery","Capacitor+1","Heatsinks+1","Conserve Battery+1"],"relics":["Cracked Core","NeowsBlessing","Molten Egg 2","Cables","Pantograph","Strawberry","Runic Pyramid","Mummified Hand","Medical Kit","Du-Vu Doll","Dodecahedron","Eternal Feather","ClockworkSouvenir","Red Mask","Shuriken","Blood Vial","Smiling Mask","Bottled Lightning","Bronze Scales","Pen Nib"],"potions_floor_usage":[6,11,16,55,55,55],"damage_taken":[{"damage":0,"enemies":"Small Slimes","floor":1,"turns":1},{"damage":0,"enemies":"Cultist","floor":2,"turns":1},{"damage":0,"enemies":"2 Louse","floor":5,"turns":1},{"damage":21,"enemies":"Lagavulin","floor":6,"turns":9},{"damage":14,"enemies":"Gremlin Nob","floor":8,"turns":3},{"damage":0,"enemies":"Exordium Wildlife","floor":10,"turns":2},{"damage":5,"enemies":"3 Sentries","floor":11,"turns":6},{"damage":0,"enemies":"2 Fungi Beasts","floor":13,"turns":3},{"damage":10,"enemies":"Slime Boss","floor":16,"turns":5},{"damage":22,"enemies":"Shell Parasite","floor":18,"turns":7},{"damage":5,"enemies":"Chosen","floor":19,"turns":4},{"damage":8,"enemies":"Slavers","floor":23,"turns":8},{"damage":5,"enemies":"Shelled Parasite and Fungi","floor":25,"turns":7},{"damage":1,"enemies":"Gremlin Leader","floor":29,"turns":7},{"damage":0,"enemies":"Snecko","floor":30,"turns":5},{"damage":4,"enemies":"Book of Stabbing","floor":31,"turns":7},{"damage":0,"enemies":"Automaton","floor":33,"turns":10},{"damage":0,"enemies":"Orb Walker","floor":35,"turns":4},{"damage":0,"enemies":"3 Shapes","floor":36,"turns":4},{"damage":0,"enemies":"Writhing Mass","floor":37,"turns":8},{"damage":0,"enemies":"Maw","floor":38,"turns":9},{"damage":16,"enemies":"Transient","floor":44,"turns":5},{"damage":0,"enemies":"Reptomancer","floor":46,"turns":7},{"damage":0,"enemies":"Nemesis","floor":48,"turns":7},{"damage":4,"enemies":"Donu and Deca","floor":50,"turns":13},{"damage":6,"enemies":"Shield and Spear","floor":54,"turns":9},{"damage":52,"enemies":"The Heart","floor":55,"turns":6}],"seed_played":"-6284233951295077233","potions_obtained":[{"floor":2,"key":"SpeedPotion"},{"floor":4,"key":"FocusPotion"},{"floor":4,"key":"PowerPotion"},{"floor":6,"key":"Energy Potion"},{"floor":11,"key":"Ancient Potion"},{"floor":19,"key":"Strength Potion"},{"floor":30,"key":"SpeedPotion"}],"is_trial":false,"path_per_floor":["M","M","?","?","M","E","R","E","T","M","E","?","M","$","R","B",null,"M","M","$","?","?","E","R","M","T","$","?","E","M","E","R","B",null,"M","M","M","M","$","R","?","?","T","M","R","E","T","E","R","B",null,"R","$","E","B"],"character_chosen":"DEFECT","items_purchased":["Echo Form","Medical Kit","ClockworkSouvenir","Bronze Scales"],"campfire_rested":2,"item_purchase_floors":[14,27,39,53],"current_hp_per_floor":[68,68,73,73,73,52,52,38,38,38,40,23,23,23,23,38,75,53,48,48,43,37,29,43,38,38,38,38,37,37,33,33,48,48,48,48,48,48,48,48,48,44,44,28,48,48,48,48,48,44,47,48,48,42,0],"gold":37,"neow_bonus":"THREE_ENEMY_KILL","is_prod":false,"is_daily":false,"chose_seed":false,"campfire_upgraded":5,"win_rate":0,"timestamp":1555391500,"path_taken":["M","M","?","?","?","E","R","E","T","?","E","?","M","$","R","BOSS","M","M","$","?","?","E","R","M","T","$","?","E","M","E","R","BOSS","M","M","?","M","$","R","?","?","T","?","R","E","?","E","R","BOSS","R","$","E","BOSS"],"build_version":"2019-01-23","purchased_purges":1,"victory":false,"max_hp_per_floor":[75,75,80,80,80,80,80,80,80,80,87,87,87,87,87,87,87,87,87,87,43,48,48,48,48,48,48,48,48,48,48,48,48,48,48,48,48,48,48,48,48,48,48,48,48,48,48,48,48,48,48,48,48,48,48],"card_choices":[{"not_picked":["Melter","Hologram"],"picked":"Cold Snap","floor":1},{"not_picked":["Steam","Stack","Fusion"],"picked":"SKIP","floor":2},{"not_picked":["Stack","Fusion"],"picked":"Hologram","floor":5},{"not_picked":["Turbo","Hologram"],"picked":"Ball Lightning","floor":6},{"not_picked":["Steam Power","Stack"],"picked":"Compile Driver+1","floor":8},{"not_picked":["Hologram","BootSequence"],"picked":"Core Surge+1","floor":10},{"not_picked":["Turbo","Coolheaded"],"picked":"Cold Snap+1","floor":11},{"not_picked":["Steam","Coolheaded","Reprogram"],"picked":"SKIP","floor":13},{"not_picked":["Fission","Multi-Cast"],"picked":"Creative AI","floor":16},{"not_picked":["Barrage+1","Reprogram+1","Beam Cell+1"],"picked":"SKIP","floor":18},{"not_picked":["Compile Driver+1","Redo"],"picked":"Gash+1","floor":19},{"not_picked":["Creative AI","Loop"],"picked":"White Noise","floor":23},{"not_picked":["Cold Snap+1","Turbo+1","Barrage+1"],"picked":"SKIP","floor":25},{"not_picked":["Hologram","Redo","Blizzard+1"],"picked":"SKIP","floor":29},{"not_picked":["Beam Cell+1","Leap"],"picked":"Ball Lightning+1","floor":30},{"not_picked":["Cold Snap+1","Chaos+1","Skim"],"picked":"SKIP","floor":31},{"not_picked":["All For One+1","Meteor Strike+1"],"picked":"Buffer","floor":33},{"not_picked":["Gash+1","Stack"],"picked":"Coolheaded+1","floor":35},{"not_picked":["Ball Lightning+1","Sweeping Beam+1"],"picked":"Conserve Battery","floor":36},{"not_picked":["Turbo+1","Compile Driver+1"],"picked":"Capacitor+1","floor":37},{"not_picked":["All For One+1","Rebound+1"],"picked":"Heatsinks+1","floor":38},{"not_picked":["Genetic Algorithm+1","Sweeping Beam+1","Stack"],"picked":"SKIP","floor":44},{"not_picked":["Leap+1","Genetic Algorithm","Barrage+1"],"picked":"SKIP","floor":46},{"not_picked":["Steam","Rebound+1"],"picked":"Conserve Battery+1","floor":48},{"not_picked":["Beam Cell+1","All For One+1","Coolheaded"],"picked":"SKIP","floor":54}],"player_experience":242289,"relics_obtained":[{"floor":6,"key":"Molten Egg 2"},{"floor":8,"key":"Cables"},{"floor":9,"key":"Pantograph"},{"floor":11,"key":"Strawberry"},{"floor":23,"key":"Mummified Hand"},{"floor":29,"key":"Du-Vu Doll"},{"floor":31,"key":"Dodecahedron"},{"floor":43,"key":"Shuriken"},{"floor":46,"key":"Blood Vial"},{"floor":47,"key":"Smiling Mask"},{"floor":48,"key":"Bottled Lightning"},{"floor":54,"key":"Pen Nib"}],"event_choices":[{"damage_healed":0,"gold_gain":0,"player_choice":"Donut","damage_taken":0,"max_hp_gain":5,"max_hp_loss":0,"event_name":"Big Fish","floor":3,"gold_loss":0},{"damage_healed":0,"gold_gain":0,"player_choice":"Bought 2 Potions","damage_taken":0,"max_hp_gain":0,"max_hp_loss":0,"event_name":"The Woman in Blue","floor":4,"gold_loss":0},{"damage_healed":0,"gold_gain":0,"player_choice":"Entered Light","damage_taken":17,"max_hp_gain":0,"max_hp_loss":0,"event_name":"Shining Light","floor":12,"gold_loss":0,"cards_upgraded":["Defend_B","Defend_B"]},{"damage_healed":0,"gold_gain":0,"player_choice":"Became a Ghost","damage_taken":0,"max_hp_gain":0,"max_hp_loss":44,"event_name":"Ghosts","floor":21,"gold_loss":0,"cards_obtained":["Ghostly","Ghostly","Ghostly","Ghostly","Ghostly"]},{"damage_healed":0,"gold_gain":0,"player_choice":"Shed Blood","damage_taken":11,"max_hp_gain":5,"max_hp_loss":0,"event_name":"Forgotten Altar","floor":22,"gold_loss":0},{"damage_healed":0,"gold_gain":0,"player_choice":"0 cards matched","damage_taken":0,"max_hp_gain":0,"max_hp_loss":0,"event_name":"Match and Keep!","floor":28,"gold_loss":0,"cards_obtained":[]},{"damage_healed":0,"gold_gain":0,"player_choice":"Paid","damage_taken":0,"relics_obtained":["Red Mask"],"max_hp_gain":0,"max_hp_loss":0,"event_name":"Tomb of Lord Red Mask","floor":41,"gold_loss":69},{"damage_healed":0,"gold_gain":75,"player_choice":"Touch","damage_taken":4,"max_hp_gain":0,"max_hp_loss":0,"event_name":"FaceTrader","floor":42,"gold_loss":0}],"is_beta":false,"boss_relics":[{"not_picked":["Busted Crown","Cursed Key"],"picked":"Runic Pyramid"},{"not_picked":["Philosopher\u0027s Stone","Runic Dome"],"picked":"Eternal Feather"}],"items_purged_floors":[20],"is_endless":false,"potions_floor_spawned":[2,6,11,19,25,30,33,36,44,46],"killed_by":"The Heart","ascension_level":10}