{"gold_per_floor":[113,113,129,37,37,37,70,80,80,45,45,45,70,70],"floor_reached":14,"playtime":381,"items_purged":[],"score":103,"play_id":"cb2e7a41-d24d-43ab-9388-3919218ee28c","local_time":"20190108213313","is_ascension_mode":true,"campfire_choices":[{"data":"Enlightenment","floor":6,"key":"SMITH"},{"data":"Consume","floor":12,"key":"SMITH"}],"neow_cost":"NONE","seed_source_timestamp":4699156804175,"circlet_count":0,"master_deck":["Strike_B","Strike_B","Strike_B","Strike_B","Defend_B","Defend_B","Defend_B","Defend_B","Zap","Dualcast","Sweeping Beam","Consume+1","Defragment","Enlightenment+1","Ball Lightning","Genetic Algorithm","Consume"],"relics":["Cracked Core","Bag of Marbles","Regal Pillow","Bottled Flame"],"potions_floor_usage":[7],"damage_taken":[{"damage":6,"enemies":"Cultist","floor":1,"turns":3},{"damage":11,"enemies":"Jaw Worm","floor":2,"turns":2},{"damage":7,"enemies":"Small Slimes","floor":3,"turns":3},{"damage":34,"enemies":"Gremlin Nob","floor":7,"turns":4},{"damage":6,"enemies":"Exordium Wildlife","floor":8,"turns":3},{"damage":54,"enemies":"Lagavulin","floor":13,"turns":6},{"damage":10,"enemies":"3 Louse","floor":14,"turns":1}],"seed_played":"699518049938757765","potions_obtained":[{"floor":3,"key":"Swift Potion"},{"floor":13,"key":"GamblersBrew"}],"is_trial":false,"path_per_floor":["M","M","M","$","?","R","E","M","T","?","$","R","E","M"],"character_chosen":"DEFECT","items_purchased":["Enlightenment"],"campfire_rested":0,"item_purchase_floors":[4],"current_hp_per_floor":[76,65,58,58,82,82,48,42,42,62,62,62,8,0],"gold":70,"neow_bonus":"TEN_PERCENT_HP_BONUS","is_prod":false,"is_daily":false,"chose_seed":false,"campfire_upgraded":2,"win_rate":0,"timestamp":1547011993,"path_taken":["M","?","M","$","?","R","E","M","T","?","?","R","E","M"],"build_version":"2019-01-03v4","purchased_purges":0,"victory":false,"max_hp_per_floor":[82,82,82,82,82,82,82,82,82,82,82,82,82,82],"card_choices":[{"not_picked":["Coolheaded","Aggregate"],"picked":"Sweeping Beam","floor":1},{"not_picked":["FTL","Streamline"],"picked":"Consume","floor":2},{"not_picked":["Storm","Leap"],"picked":"Defragment","floor":3},{"not_picked":["Conserve Battery","Go for the Eyes"],"picked":"Ball Lightning","floor":7},{"not_picked":["Compile Driver","Barrage"],"picked":"Genetic Algorithm","floor":8},{"not_picked":["Compile Driver","Heatsinks"],"picked":"Consume","floor":13}],"player_experience":330864,"relics_obtained":[{"floor":7,"key":"Bag of Marbles"},{"floor":9,"key":"Regal Pillow"},{"floor":13,"key":"Bottled Flame"}],"event_choices":[{"damage_healed":27,"gold_gain":0,"player_choice":"Banana","damage_taken":0,"max_hp_gain":0,"max_hp_loss":0,"event_name":"Big Fish","floor":5,"gold_loss":0},{"damage_healed":20,"gold_gain":0,"player_choice":"Healed","damage_taken":0,"max_hp_gain":0,"max_hp_loss":0,"event_name":"The Cleric","floor":10,"gold_loss":35}],"is_beta":false,"boss_relics":[],"items_purged_floors":[],"is_endless":false,"potions_floor_spawned":[2,3,13],"killed_by":"3 Louse","ascension_level":1}