{"gold_per_floor":[112,132,28,45,45,78,78,105,131,151,171,181,181,200,200,277,277,277,277,277,64,64,64,64,64,64,64,64,64,64,64,64,64,64,64,64,64,64],"floor_reached":38,"playtime":2195,"items_purged":[],"score":966,"play_id":"4245d55b-450b-4a08-ac26-93fdbb2f6448","local_time":"20190430204619","is_ascension_mode":true,"campfire_choices":[{"floor":7,"key":"REST"},{"data":"Body Slam","floor":13,"key":"SMITH"},{"data":"Body Slam","floor":15,"key":"SMITH"},{"data":"Apotheosis","floor":23,"key":"SMITH"},{"data":"Ghostly","floor":28,"key":"SMITH"},{"data":"Ghostly","floor":30,"key":"SMITH"},{"data":"Ghostly","floor":32,"key":"SMITH"}],"neow_cost":"NONE","seed_source_timestamp":3277531338946221,"circlet_count":0,"master_deck":["AscendersBane","Strike_R","Strike_R","Strike_R","Strike_R","Defend_R","Defend_R","Defend_R","Defend_R","Bash","Ghostly Armor","Whirlwind","Anger","Body Slam+1","Carnage","True Grit","Body Slam+1","Barricade","Ghostly+1","Ghostly+1","Ghostly+1","Apotheosis+1","Flex","Metallicize","Ghostly Armor"],"relics":["Burning Blood","Ancient Tea Set","Anchor","Regal Pillow","Ectoplasm","Lantern","Matryoshka","White Beast Statue"],"potions_floor_usage":[14,16,18,33,35,36,36,37,38],"damage_taken":[{"damage":14,"enemies":"Jaw Worm","floor":1,"turns":6},{"damage":0,"enemies":"Cultist","floor":2,"turns":3},{"damage":0,"enemies":"Small Slimes","floor":4,"turns":3},{"damage":56,"enemies":"Lagavulin","floor":6,"turns":9},{"damage":32,"enemies":"Gremlin Nob","floor":8,"turns":4},{"damage":1,"enemies":"3 Louse","floor":10,"turns":4},{"damage":0,"enemies":"Exordium Wildlife","floor":11,"turns":5},{"damage":0,"enemies":"Lots of Slimes","floor":12,"turns":1},{"damage":3,"enemies":"Large Slime","floor":14,"turns":6},{"damage":0,"enemies":"The Guardian","floor":16,"turns":14},{"damage":9,"enemies":"Chosen","floor":18,"turns":6},{"damage":1,"enemies":"Gremlin Leader","floor":24,"turns":7},{"damage":1,"enemies":"Shell Parasite","floor":27,"turns":7},{"damage":9,"enemies":"Sentry and Sphere","floor":29,"turns":6},{"damage":21,"enemies":"Snake Plant","floor":31,"turns":6},{"damage":7,"enemies":"Champ","floor":33,"turns":35},{"damage":1,"enemies":"Orb Walker","floor":35,"turns":3},{"damage":9,"enemies":"3 Darklings","floor":36,"turns":8},{"damage":21,"enemies":"4 Shapes","floor":37,"turns":8},{"damage":25,"enemies":"Transient","floor":38,"turns":5}],"seed_played":"-2777558177591152329","potions_obtained":[{"floor":1,"key":"Dexterity Potion"},{"floor":2,"key":"FearPotion"},{"floor":16,"key":"AttackPotion"},{"floor":24,"key":"AttackPotion"},{"floor":31,"key":"Weak Potion"},{"floor":33,"key":"Block Potion"},{"floor":35,"key":"Explosive Potion"},{"floor":36,"key":"AttackPotion"},{"floor":37,"key":"EssenceOfSteel"}],"is_trial":false,"path_per_floor":["M","M","$","M","?","E","R","E","T","M","M","M","R","M","R","B",null,"M","?","?","$","?","R","E","$","T","M","R","M","R","M","R","B",null,"M","M","M","M"],"character_chosen":"IRONCLAD","items_purchased":["Anger","Body Slam","Apotheosis"],"campfire_rested":1,"item_purchase_floors":[3,3,21],"current_hp_per_floor":[67,73,73,79,82,32,56,30,30,35,41,47,47,50,50,56,76,73,49,43,43,43,43,43,43,43,43,43,40,40,25,25,24,38,43,40,25,0],"gold":64,"neow_bonus":"TEN_PERCENT_HP_BONUS","is_prod":false,"is_daily":false,"chose_seed":false,"campfire_upgraded":6,"win_rate":0,"timestamp":1556653579,"path_taken":["M","M","$","M","?","E","R","E","T","M","?","M","R","M","R","BOSS","M","?","?","?","?","R","E","$","T","M","R","M","R","M","R","BOSS","M","?","M","M"],"build_version":"2019-01-23","purchased_purges":0,"victory":false,"max_hp_per_floor":[82,82,82,82,82,82,82,82,82,82,82,82,82,82,82,82,82,82,87,43,43,43,43,43,43,43,43,43,43,43,43,43,43,43,43,43,43,43],"card_choices":[{"not_picked":["Corruption","Hemokinesis"],"picked":"Ghostly Armor","floor":1},{"not_picked":["Sword Boomerang","Twin Strike"],"picked":"Whirlwind","floor":2},{"not_picked":["True Grit","Headbutt"],"picked":"Body Slam","floor":4},{"not_picked":["Heavy Blade","Rupture"],"picked":"Carnage","floor":6},{"not_picked":["Disarm","Flame Barrier"],"picked":"True Grit","floor":8},{"not_picked":["Wild Strike","Iron Wave","Reaper"],"picked":"SKIP","floor":10},{"not_picked":["Havoc","Evolve"],"picked":"Body Slam","floor":11},{"not_picked":["Anger","Disarm"],"picked":"Barricade","floor":12},{"not_picked":["Wild Strike","Sword Boomerang","Dual Wield"],"picked":"SKIP","floor":14},{"not_picked":["Second Wind","Clothesline","Sword Boomerang"],"picked":"SKIP","floor":18},{"not_picked":["Second Wind+1","Pommel Strike","Anger"],"picked":"SKIP","floor":24},{"not_picked":["Flex","Rampage"],"picked":"Metallicize","floor":27},{"not_picked":["Body Slam","Iron Wave","Warcry"],"picked":"SKIP","floor":29},{"not_picked":["Wild Strike","Body Slam"],"picked":"Ghostly Armor","floor":31},{"not_picked":["Cleave+1","Body Slam","Flame Barrier"],"picked":"SKIP","floor":35},{"not_picked":["Thunderclap","Headbutt+1","Body Slam"],"picked":"SKIP","floor":36},{"not_picked":["Twin Strike","Wild Strike","Pummel+1"],"picked":"SKIP","floor":37}],"player_experience":271346,"relics_obtained":[{"floor":6,"key":"Ancient Tea Set"},{"floor":8,"key":"Anchor"},{"floor":9,"key":"Regal Pillow"},{"floor":24,"key":"Lantern"},{"floor":26,"key":"Matryoshka"}],"event_choices":[{"cards_removed":["Body Slam"],"damage_healed":5,"gold_gain":0,"player_choice":"Offered Common","damage_taken":0,"max_hp_gain":0,"max_hp_loss":0,"event_name":"Bonfire Elementals","floor":5,"gold_loss":0},{"cards_removed":["Body Slam"],"damage_healed":5,"gold_gain":0,"player_choice":"Offered Special","damage_taken":0,"max_hp_gain":0,"max_hp_loss":0,"event_name":"Bonfire Elementals","floor":5,"gold_loss":0},{"damage_healed":0,"gold_gain":0,"player_choice":"Shed Blood","damage_taken":29,"max_hp_gain":5,"max_hp_loss":0,"event_name":"Forgotten Altar","floor":19,"gold_loss":0},{"damage_healed":0,"gold_gain":0,"player_choice":"Became a Ghost","damage_taken":0,"max_hp_gain":0,"max_hp_loss":44,"event_name":"Ghosts","floor":20,"gold_loss":0,"cards_obtained":["Ghostly","Ghostly","Ghostly"]},{"damage_healed":0,"gold_gain":0,"cards_transformed":["Strike_R"],"player_choice":"Transformed","damage_taken":0,"max_hp_gain":0,"max_hp_loss":0,"event_name":"Transmorgrifier","floor":22,"gold_loss":0,"cards_obtained":["Flex"]}],"is_beta":false,"boss_relics":[{"not_picked":["Black Blood","Philosopher\u0027s Stone"],"picked":"Ectoplasm"},{"not_picked":["Snecko Eye","Eternal Feather"],"picked":"White Beast Statue"}],"items_purged_floors":[],"is_endless":false,"potions_floor_spawned":[1,2,11,12,16,24,31,33,35,36,37],"killed_by":"Transient","ascension_level":20}