{"gold_per_floor":[367,380,63,82,34,62,62,81,105,105,105,105,135,154,154,230,230,130,130,130,130,130,130,130,130,130,130,130,130,36,36],"floor_reached":31,"playtime":1066,"items_purged":["Strike_R"],"score":517,"play_id":"ae1f36f3-5917-44a9-805a-b5113f7469c0","local_time":"20190503144019","is_ascension_mode":true,"campfire_choices":[{"data":"Flame Barrier","floor":7,"key":"SMITH"},{"data":"Bash","floor":10,"key":"SMITH"},{"floor":15,"key":"REST"},{"data":"Anger","floor":23,"key":"SMITH"},{"data":"Armaments","floor":28,"key":"SMITH"}],"neow_cost":"TEN_PERCENT_HP_LOSS","seed_source_timestamp":118695863424829,"circlet_count":0,"master_deck":["AscendersBane","Strike_R","Strike_R","Strike_R","Strike_R","Defend_R","Defend_R","Defend_R","Defend_R","Bash+1","Perfected Strike","Rampage","Headbutt","Flame Barrier+1","Anger+1","Armaments+1","Reaper","Infernal Blade+1","Second Wind+1","Corruption"],"relics":["Burning Blood","Sling","Tiny Chest","PreservedInsect","Happy Flower","Ice Cream","StoneCalendar","Singing Bowl","Ectoplasm","Mummified Hand","Charon\u0027s Ashes","Molten Egg 2","Smiling Mask"],"potions_floor_usage":[6,19,20,24],"damage_taken":[{"damage":7,"enemies":"Cultist","floor":1,"turns":4},{"damage":4,"enemies":"Jaw Worm","floor":2,"turns":4},{"damage":8,"enemies":"2 Louse","floor":4,"turns":2},{"damage":8,"enemies":"Gremlin Nob","floor":6,"turns":3},{"damage":18,"enemies":"Red Slaver","floor":8,"turns":3},{"damage":20,"enemies":"Lagavulin","floor":13,"turns":3},{"damage":14,"enemies":"Lots of Slimes","floor":14,"turns":5},{"damage":30,"enemies":"Hexaghost","floor":16,"turns":9},{"damage":31,"enemies":"2 Thieves","floor":18,"turns":4},{"damage":0,"enemies":"Shell Parasite","floor":19,"turns":1},{"damage":18,"enemies":"Centurion and Healer","floor":20,"turns":7},{"damage":8,"enemies":"Book of Stabbing","floor":24,"turns":3},{"damage":23,"enemies":"3 Cultists","floor":27,"turns":5},{"damage":28,"enemies":"Cultist and Chosen","floor":29,"turns":6},{"damage":49,"enemies":"Sentry and Sphere","floor":31,"turns":5}],"seed_played":"458734457024435162","potions_obtained":[{"floor":1,"key":"AttackPotion"},{"floor":13,"key":"BloodPotion"},{"floor":16,"key":"SmokeBomb"},{"floor":20,"key":"SteroidPotion"},{"floor":24,"key":"Poison Potion"}],"is_trial":false,"path_per_floor":["M","M","$","M","?","E","R","M","T","R","?","T","E","M","R","B",null,"M","M","M","$","T","R","E","T","T","M","R","M","$","M"],"character_chosen":"IRONCLAD","items_purchased":["Headbutt","Sling","SteroidPotion","Corruption"],"campfire_rested":1,"item_purchase_floors":[3,3,3,30],"current_hp_per_floor":[67,68,68,66,66,64,64,52,52,52,52,52,40,34,55,31,62,47,53,49,49,49,49,67,67,67,59,59,47,47,0],"gold":36,"neow_bonus":"TWO_FIFTY_GOLD","is_prod":false,"is_daily":false,"chose_seed":false,"campfire_upgraded":4,"win_rate":0,"timestamp":1556919619,"path_taken":["M","?","$","M","?","E","R","?","T","R","?","?","E","?","R","BOSS","M","M","M","$","?","R","E","?","T","M","R","M","$","M"],"build_version":"2019-01-23","purchased_purges":1,"victory":false,"max_hp_per_floor":[68,68,68,68,68,68,68,68,68,68,68,68,70,72,72,72,72,74,74,74,74,74,74,76,76,76,76,76,78,78,78],"card_choices":[{"not_picked":["Sentinel","Twin Strike"],"picked":"Perfected Strike","floor":1},{"not_picked":["Pommel Strike","Entrench"],"picked":"Rampage","floor":2},{"not_picked":["Flex","Infernal Blade"],"picked":"Flame Barrier","floor":4},{"not_picked":["Pummel","Pommel Strike"],"picked":"Anger","floor":6},{"not_picked":["Uppercut","Iron Wave"],"picked":"Armaments","floor":8},{"not_picked":["Clash","Twin Strike","Pummel"],"picked":"Singing Bowl","floor":13},{"not_picked":["Armaments","Pummel","Twin Strike"],"picked":"Singing Bowl","floor":14},{"not_picked":["Brutality","Exhume"],"picked":"Reaper","floor":16},{"not_picked":["Twin Strike","Clash","Uppercut"],"picked":"Singing Bowl","floor":18},{"not_picked":["Armaments","Twin Strike"],"picked":"Infernal Blade+1","floor":20},{"not_picked":["Havoc","Intimidate","Clash"],"picked":"Singing Bowl","floor":24},{"not_picked":["Impervious","Flex"],"picked":"Second Wind+1","floor":27},{"not_picked":["Pommel Strike+1","Perfected Strike+1","Clash+1"],"picked":"Singing Bowl","floor":29}],"player_experience":544170,"relics_obtained":[{"floor":6,"key":"PreservedInsect"},{"floor":9,"key":"Happy Flower"},{"floor":12,"key":"StoneCalendar"},{"floor":13,"key":"Singing Bowl"},{"floor":22,"key":"Mummified Hand"},{"floor":24,"key":"Charon\u0027s Ashes"},{"floor":25,"key":"Molten Egg 2"},{"floor":26,"key":"Smiling Mask"}],"event_choices":[{"damage_healed":0,"gold_gain":0,"player_choice":"Paid Gold","damage_taken":0,"relics_obtained":["Tiny Chest"],"max_hp_gain":0,"max_hp_loss":0,"event_name":"WeMeetAgain","floor":5,"gold_loss":78},{"damage_healed":0,"gold_gain":0,"player_choice":"Searched \u00272\u0027 times","damage_taken":0,"relics_obtained":["Ice Cream"],"max_hp_gain":0,"max_hp_loss":0,"event_name":"Dead Adventurer","floor":11,"gold_loss":0}],"is_beta":false,"boss_relics":[{"not_picked":["Empty Cage","Eternal Feather"],"picked":"Ectoplasm"}],"items_purged_floors":[30],"is_endless":false,"potions_floor_spawned":[1,13,16,20,24],"killed_by":"Sentry and Sphere","ascension_level":19}