{"gold_per_floor":[112,131,131,131,156,190,190,223,223,223,223,257,257,100,100,220,220,243,262,283,133,158,158,283,283,337,337,337,337,337,355,355,451,451,468,488,504,504,550,550,578,578,578,578,609,609,624,636,636,636],"floor_reached":50,"playtime":2712,"items_purged":[],"score":648,"play_id":"924f26f2-26d1-41e6-825c-93a9821eb21c","local_time":"20190416150301","is_ascension_mode":true,"campfire_choices":[{"data":"Zap","floor":7,"key":"SMITH"},{"data":"Defragment","floor":11,"key":"SMITH"},{"data":"Hello World","floor":13,"key":"SMITH"},{"data":"Hello World","floor":15,"key":"SMITH"},{"data":"Multi-Cast","floor":23,"key":"SMITH"},{"data":"Chaos","floor":25,"key":"SMITH"},{"data":"Chill","floor":28,"key":"SMITH"},{"data":"Auto Shields","floor":30,"key":"SMITH"},{"data":"White Noise","floor":32,"key":"SMITH"},{"floor":40,"key":"DIG"},{"floor":44,"key":"DIG"},{"floor":49,"key":"DIG"}],"neow_cost":"NONE","seed_source_timestamp":576146162249500,"circlet_count":0,"master_deck":["Strike_B","Strike_B","Strike_B","Defend_B","Defend_B","Defend_B","Zap+1","Dualcast+1","Ball Lightning","Hello World+1","Blind","Skim+1","Defragment+1","Chill+1","Multi-Cast+1","Go for the Eyes","Auto Shields+1","Hello World+1","Electrodynamics","Leap","Compile Driver","BootSequence","Chaos+1","Rebound+1","White Noise+1","Rainbow","Leap","Aggregate+1","Leap+1","Auto Shields+1","Recycle+1","Madness","Madness","Creative AI","Thinking Ahead+1","Deep Breath+1","Discovery+1","Conserve Battery+1","Chill+1"],"relics":["Cracked Core","NeowsBlessing","Bloody Idol","War Paint","Mercury Hourglass","Pantograph","White Beast Statue","Oddly Smooth Stone","Pocketwatch","Kunai","Vajra","Nloth\u0027s Gift","Coffee Dripper","Shovel","Pen Nib","Shuriken","Bottled Tornado","Toxic Egg 2","Bottled Lightning","Letter Opener"],"potions_floor_usage":[12,12,18,19,19,24,24,31,33,36,39,45,45,48,48,50,50],"damage_taken":[{"damage":0,"enemies":"Small Slimes","floor":1,"turns":1},{"damage":0,"enemies":"Cultist","floor":2,"turns":1},{"damage":0,"enemies":"Jaw Worm","floor":5,"turns":1},{"damage":32,"enemies":"3 Sentries","floor":6,"turns":6},{"damage":12,"enemies":"Lagavulin","floor":8,"turns":5},{"damage":9,"enemies":"3 Sentries","floor":12,"turns":4},{"damage":0,"enemies":"Slime Boss","floor":16,"turns":7},{"damage":22,"enemies":"2 Thieves","floor":18,"turns":2},{"damage":6,"enemies":"3 Byrds","floor":19,"turns":2},{"damage":0,"enemies":"3 Cultists","floor":20,"turns":4},{"damage":8,"enemies":"Shelled Parasite and Fungi","floor":22,"turns":7},{"damage":10,"enemies":"Colosseum Slavers","floor":24,"turns":3},{"damage":9,"enemies":"Colosseum Nobs","floor":24,"turns":3},{"damage":8,"enemies":"Snake Plant","floor":31,"turns":4},{"damage":9,"enemies":"Champ","floor":33,"turns":12},{"damage":3,"enemies":"3 Shapes","floor":35,"turns":3},{"damage":0,"enemies":"Orb Walker","floor":36,"turns":3},{"damage":20,"enemies":"3 Darklings","floor":37,"turns":4},{"damage":7,"enemies":"2 Orb Walkers","floor":39,"turns":4},{"damage":9,"enemies":"Giant Head","floor":41,"turns":9},{"damage":9,"enemies":"Reptomancer","floor":45,"turns":8},{"damage":0,"enemies":"Sphere and 2 Shapes","floor":47,"turns":4},{"damage":16,"enemies":"Spire Growth","floor":48,"turns":5},{"damage":57,"enemies":"Time Eater","floor":50,"turns":10}],"seed_played":"-6382389664838165529","potions_obtained":[{"floor":5,"key":"Energy Potion"},{"floor":6,"key":"GamblersBrew"},{"floor":8,"key":"Weak Potion"},{"floor":12,"key":"Weak Potion"},{"floor":18,"key":"Weak Potion"},{"floor":19,"key":"Regen Potion"},{"floor":20,"key":"Poison Potion"},{"floor":24,"key":"Poison Potion"},{"floor":31,"key":"GamblersBrew"},{"floor":33,"key":"Energy Potion"},{"floor":35,"key":"SpeedPotion"},{"floor":36,"key":"SpeedPotion"},{"floor":37,"key":"EssenceOfSteel"},{"floor":39,"key":"Block Potion"},{"floor":45,"key":"Swift Potion"},{"floor":47,"key":"Dexterity Potion"},{"floor":48,"key":"Energy Potion"}],"is_trial":false,"path_per_floor":["M","M","?","?","M","E","R","E","T","?","R","E","R","$","R","B",null,"M","M","M","$","M","R","?","R","T","?","R","?","R","M","R","B",null,"M","M","M","?","?","R","E","?","T","R","E","?","M","M","R","B"],"character_chosen":"DEFECT","items_purchased":["Auto Shields","Hello World","SkillPotion","Oddly Smooth Stone"],"campfire_rested":0,"item_purchase_floors":[14,14,14,21],"current_hp_per_floor":[75,75,69,69,69,37,37,25,25,25,25,16,16,16,16,41,69,47,41,41,41,33,33,23,23,23,23,23,23,23,20,20,41,69,69,69,54,54,52,52,48,39,39,39,35,25,30,19,19,0],"gold":636,"neow_bonus":"THREE_ENEMY_KILL","is_prod":false,"is_daily":false,"chose_seed":false,"campfire_upgraded":9,"win_rate":0,"timestamp":1555419781,"path_taken":["M","M","?","?","?","E","R","E","T","?","R","E","R","$","R","BOSS","M","M","M","$","M","R","?","R","T","?","R","?","R","?","R","BOSS","M","M","M","?","?","R","E","?","T","R","E","?","M","M","R","BOSS"],"build_version":"2019-01-23","purchased_purges":0,"victory":false,"max_hp_per_floor":[75,75,69,69,69,69,69,69,69,69,69,69,69,69,69,69,69,69,69,69,69,69,69,69,69,69,69,69,69,69,69,69,69,69,69,69,69,69,69,69,69,69,69,69,69,69,69,69,69,69],"card_choices":[{"not_picked":["Compile Driver","Storm"],"picked":"Ball Lightning","floor":1},{"not_picked":["Go for the Eyes","Barrage"],"picked":"Hello World","floor":2},{"not_picked":["Conserve Battery","Force Field"],"picked":"Defragment","floor":5},{"not_picked":["Melter","Streamline"],"picked":"Chill","floor":6},{"not_picked":["Barrage","Gash"],"picked":"Multi-Cast","floor":8},{"not_picked":["Beam Cell","Compile Driver"],"picked":"Go for the Eyes","floor":12},{"not_picked":["Rainbow","Amplify"],"picked":"Electrodynamics","floor":16},{"not_picked":["Streamline","Rebound"],"picked":"Leap","floor":18},{"not_picked":["Amplify","Redo"],"picked":"Compile Driver","floor":19},{"not_picked":["Self Repair","Coolheaded"],"picked":"BootSequence","floor":20},{"not_picked":["Coolheaded","Go for the Eyes"],"picked":"Chaos","floor":22},{"not_picked":["Cold Snap","Stack"],"picked":"Rebound+1","floor":24},{"not_picked":["Go for the Eyes","Ball Lightning"],"picked":"White Noise","floor":31},{"not_picked":["Biased Cognition","Thunder Strike"],"picked":"Rainbow","floor":33},{"not_picked":["Ball Lightning","Go for the Eyes"],"picked":"Leap","floor":35},{"not_picked":["Amplify","Seek"],"picked":"Aggregate+1","floor":36},{"not_picked":["Thunder Strike","Ball Lightning+1"],"picked":"Leap+1","floor":37},{"not_picked":["Skim+1","Beam Cell+1"],"picked":"Auto Shields+1","floor":39},{"not_picked":["Compile Driver+1","Amplify"],"picked":"Recycle+1","floor":41},{"not_picked":["Streamline","Buffer"],"picked":"Creative AI","floor":45},{"not_picked":["Dark Shackles+1","Master of Strategy+1"],"picked":"Thinking Ahead+1","floor":46},{"not_picked":["Forethought+1","Purity+1"],"picked":"Deep Breath+1","floor":46},{"not_picked":["Mind Blast","Dramatic Entrance"],"picked":"Discovery+1","floor":46},{"not_picked":["Aggregate+1","Machine Learning"],"picked":"Conserve Battery+1","floor":47},{"not_picked":["Compile Driver","Rebound"],"picked":"Chill+1","floor":48}],"player_experience":503956,"relics_obtained":[{"floor":6,"key":"War Paint"},{"floor":8,"key":"WingedGreaves"},{"floor":9,"key":"Mercury Hourglass"},{"floor":12,"key":"Pantograph"},{"floor":24,"key":"Pocketwatch"},{"floor":24,"key":"Kunai"},{"floor":26,"key":"Vajra"},{"floor":39,"key":"Shovel"},{"floor":40,"key":"Pen Nib"},{"floor":41,"key":"Shuriken"},{"floor":43,"key":"Bottled Tornado"},{"floor":44,"key":"Toxic Egg 2"},{"floor":45,"key":"Bottled Lightning"},{"floor":49,"key":"Letter Opener"}],"event_choices":[{"damage_healed":0,"gold_gain":0,"player_choice":"Lose Max HP","damage_taken":0,"relics_obtained":["Golden Idol"],"max_hp_gain":0,"max_hp_loss":6,"event_name":"Golden Idol","floor":3,"gold_loss":0},{"damage_healed":0,"gold_gain":0,"player_choice":"2 cards matched","damage_taken":0,"max_hp_gain":0,"max_hp_loss":0,"event_name":"Match and Keep!","floor":4,"gold_loss":0,"cards_obtained":["Blind","Skim"]},{"cards_removed":["Defend_B"],"damage_healed":0,"gold_gain":0,"player_choice":"Offered Basic","damage_taken":0,"max_hp_gain":0,"max_hp_loss":0,"event_name":"Bonfire Elementals","floor":10,"gold_loss":0},{"damage_healed":0,"gold_gain":0,"player_choice":"Fight","damage_taken":0,"max_hp_gain":0,"max_hp_loss":0,"event_name":"Colosseum","floor":24,"gold_loss":0},{"damage_healed":0,"gold_gain":0,"player_choice":"Fought Nobs","damage_taken":0,"max_hp_gain":0,"max_hp_loss":0,"event_name":"Colosseum","floor":24,"gold_loss":0},{"damage_healed":0,"gold_gain":0,"player_choice":"Gave Idol","damage_taken":0,"relics_obtained":["Bloody Idol"],"max_hp_gain":0,"max_hp_loss":0,"event_name":"Forgotten Altar","floor":27,"relics_lost":["Golden Idol"],"gold_loss":0},{"damage_healed":0,"gold_gain":0,"player_choice":"Traded Relic","damage_taken":0,"relics_obtained":["Nloth\u0027s Gift"],"max_hp_gain":0,"max_hp_loss":0,"event_name":"N\u0027loth","floor":29,"relics_lost":["WingedGreaves"],"gold_loss":0},{"cards_removed":["Strike_B"],"damage_healed":0,"gold_gain":0,"player_choice":"Removed Attack","damage_taken":0,"max_hp_gain":0,"max_hp_loss":0,"event_name":"Falling","floor":38,"gold_loss":0},{"damage_healed":0,"gold_gain":0,"player_choice":"Fight","damage_taken":0,"max_hp_gain":0,"max_hp_loss":0,"event_name":"Mysterious Sphere","floor":39,"gold_loss":0},{"damage_healed":0,"gold_gain":0,"player_choice":"Embrace Madness","damage_taken":9,"max_hp_gain":0,"max_hp_loss":0,"event_name":"Winding Halls","floor":42,"gold_loss":0,"cards_obtained":["Madness","Madness"]},{"damage_healed":0,"gold_gain":0,"player_choice":"Memory 3","damage_taken":10,"max_hp_gain":0,"max_hp_loss":0,"event_name":"SensoryStone","floor":46,"gold_loss":0}],"is_beta":false,"boss_relics":[{"not_picked":["Fusion Hammer","Runic Pyramid"],"picked":"White Beast Statue"},{"not_picked":["Cursed Key","Busted Crown"],"picked":"Coffee Dripper"}],"items_purged_floors":[],"is_endless":false,"potions_floor_spawned":[5,6,8,12,16,18,19,20,22,24,24,31,33,35,36,37,39,41,45,47,48],"killed_by":"Time Eater","ascension_level":2}