{"gold_per_floor":[110,121,137,14,24,24,44,64,64,64,64,98,98,115,115,218,218,235,247,260,274,290,290,300,300,370,401,417,417],"floor_reached":29,"playtime":1497,"items_purged":[],"score":380,"play_id":"da1b9c87-3f01-4da4-9260-14be7b77b884","local_time":"20190427223658","is_ascension_mode":true,"campfire_choices":[{"data":"Defragment","floor":6.0,"key":"SMITH"},{"floor":10.0,"key":"REST"},{"data":"White Noise","floor":13,"key":"SMITH"},{"data":"Go for the Eyes","floor":15,"key":"SMITH"},{"floor":23,"key":"REST"},{"floor":25,"key":"REST"}],"neow_cost":"NONE","seed_source_timestamp":1256479718198696,"circlet_count":0,"master_deck":["AscendersBane","Strike_B","Strike_B","Strike_B","Defend_B","Defend_B","Defend_B","Defend_B","Zap","Dualcast","Go for the Eyes+1","White Noise+1","Ball Lightning","Defragment+1","Compile Driver","Streamline","Coolheaded","Tempest","Consume","Redo","Fission","Undo+1","Turbo+1","Melter+1","Cold Snap+1","Hologram","Reprogram+1","Electrodynamics","Turbo+1"],"special_seed":0,"relics":["FrozenCore","Sundial","Bronze Scales","Pear","StoneCalendar"],"potions_floor_usage":[12,16,20,24],"damage_taken":[{"damage":4.0,"enemies":"Small Slimes","floor":1.0,"turns":3.0},{"damage":2.0,"enemies":"Jaw Worm","floor":2.0,"turns":3.0},{"damage":1.0,"enemies":"Cultist","floor":3.0,"turns":4.0},{"damage":17.0,"enemies":"Exordium Thugs","floor":5.0,"turns":4.0},{"damage":15.0,"enemies":"3 Louse","floor":7.0,"turns":2.0},{"damage":0.0,"enemies":"Large Slime","floor":8.0,"turns":4.0},{"damage":18,"enemies":"Gremlin Nob","floor":12,"turns":3},{"damage":9,"enemies":"Looter","floor":14,"turns":3},{"damage":21,"enemies":"Hexaghost","floor":16,"turns":9},{"damage":5,"enemies":"Chosen","floor":18,"turns":4},{"damage":6,"enemies":"Shell Parasite","floor":19,"turns":7},{"damage":8,"enemies":"Centurion and Healer","floor":20,"turns":8},{"damage":12,"enemies":"Snake Plant","floor":21,"turns":5},{"damage":1,"enemies":"Cultist and Chosen","floor":22,"turns":6},{"damage":32,"enemies":"Centurion and Healer","floor":24,"turns":7},{"damage":40,"enemies":"Book of Stabbing","floor":27,"turns":6},{"damage":6,"enemies":"Shelled Parasite and Fungi","floor":28,"turns":5},{"damage":3,"enemies":"Chosen and Byrds","floor":29,"turns":3}],"seed_played":"2155426594912903068","potions_obtained":[{"floor":2.0,"key":"Swift Potion"},{"floor":5.0,"key":"FearPotion"},{"floor":7.0,"key":"SkillPotion"},{"floor":8.0,"key":"SpeedPotion"},{"floor":14,"key":"Ancient Potion"},{"floor":19,"key":"FearPotion"},{"floor":22,"key":"Poison Potion"},{"floor":27,"key":"FearPotion"}],"is_trial":false,"path_per_floor":["M","M","M","$","M","R","M","M","T","R","?","E","R","M","R","B",null,"M","M","M","M","M","R","M","R","T","E","M","M"],"character_chosen":"DEFECT","items_purchased":["Defragment","Compile Driver"],"campfire_rested":3,"item_purchase_floors":[4,4],"current_hp_per_floor":[64,62,61,61,44,44,29,29,29,51,51,33,33,24,24,3,57,52,46,38,26,25,47,15,37,47,7,1,0],"gold":417,"neow_bonus":"REMOVE_CARD","is_prod":false,"is_daily":false,"chose_seed":false,"campfire_upgraded":3,"win_rate":0,"timestamp":1556372218,"path_taken":["M","M","M","$","M","R","M","M","T","R","?","E","R","M","R","BOSS","M","M","M","M","M","R","M","R","T","E","M","M"],"build_version":"2019-01-23","purchased_purges":0,"victory":false,"max_hp_per_floor":[75,75,75,75,75,75,75,75,75,75,75,75,75,75,75,75,75,75,75,75,75,75,75,75,75,85,85,85,85],"card_choices":[{"not_picked":["Compile Driver","Glacier"],"picked":"Go for the Eyes","floor":1.0},{"not_picked":["Loop","Consume"],"picked":"White Noise","floor":2.0},{"not_picked":["Static Discharge","Chill"],"picked":"Ball Lightning","floor":3.0},{"not_picked":["Go for the Eyes","Leap"],"picked":"Streamline","floor":5.0},{"not_picked":["Steam","Fusion"],"picked":"Coolheaded","floor":7.0},{"not_picked":["Ball Lightning","Heatsinks"],"picked":"Tempest","floor":8.0},{"not_picked":["Double Energy","Sweeping Beam"],"picked":"Consume","floor":12},{"not_picked":["Storm","Barrage"],"picked":"Redo","floor":14},{"not_picked":["Hyperbeam","Multi-Cast"],"picked":"Fission","floor":16},{"not_picked":["Reinforced Body","Hologram"],"picked":"Undo+1","floor":18},{"not_picked":["Doom and Gloom","Stack"],"picked":"Turbo+1","floor":19},{"not_picked":["BootSequence","Auto Shields"],"picked":"Melter+1","floor":20},{"not_picked":["Coolheaded","Gash"],"picked":"Cold Snap+1","floor":21},{"not_picked":["Sweeping Beam","Coolheaded"],"picked":"Hologram","floor":22},{"not_picked":["Self Repair","Ball Lightning"],"picked":"Reprogram+1","floor":24},{"not_picked":["Go for the Eyes","Doom and Gloom"],"picked":"Electrodynamics","floor":27},{"not_picked":["Hologram","Redo"],"picked":"Turbo+1","floor":28}],"player_experience":444098,"relics_obtained":[{"floor":9.0,"key":"Sundial"},{"floor":12,"key":"Bronze Scales"},{"floor":26,"key":"Pear"},{"floor":27,"key":"StoneCalendar"}],"event_choices":[{"damage_healed":0.0,"max_hp_gain":0.0,"max_hp_loss":0.0,"gold_gain":0.0,"event_name":"Liars Game","player_choice":"Ignored","floor":11.0,"gold_loss":0.0,"damage_taken":0.0}],"is_beta":false,"boss_relics":[{"not_picked":["Fusion Hammer","Eternal Feather"],"picked":"FrozenCore"}],"items_purged_floors":[],"is_endless":false,"potions_floor_spawned":[2,5,7,8,14,19,22,27],"killed_by":"Chosen and Byrds","ascension_level":10}