{"gold_per_floor":[113,113,138,148,323,323,37,57,57,89,108,139,139,214,214,314,314,334,25,25,25,25,25,25],"floor_reached":24,"playtime":551,"items_purged":["Regret"],"score":220,"play_id":"da3529cb-6cba-4f1b-a75a-0f41722a35b0","local_time":"20190328164944","is_ascension_mode":true,"campfire_choices":[{"data":"Consume","floor":6,"key":"SMITH"},{"floor":13,"key":"REST"},{"floor":15,"key":"REST"},{"floor":23,"key":"RECALL"}],"neow_cost":"NONE","seed_source_timestamp":843944081314599,"circlet_count":0,"master_deck":["Strike_B","Strike_B","Strike_B","Strike_B","Defend_B","Defend_B","Defend_B","Defend_B","Zap","Dualcast","Consume+1","Doom and Gloom","The Bomb","Deep Breath","Darkness","Electrodynamics","Cold Snap","Echo Form","Self Repair","Apotheosis","Forethought","FTL"],"relics":["Cracked Core","NeowsBlessing","Matryoshka","Art of War","Omamori","The Courier","Bottled Flame","Meat on the Bone","Kunai","Eternal Feather"],"potions_floor_usage":[12,18],"damage_taken":[{"damage":0,"enemies":"Jaw Worm","floor":1,"turns":1},{"damage":0,"enemies":"Small Slimes","floor":4,"turns":1},{"damage":0,"enemies":"2 Louse","floor":8,"turns":1},{"damage":33,"enemies":"3 Sentries","floor":10,"turns":5},{"damage":12,"enemies":"2 Fungi Beasts","floor":11,"turns":2},{"damage":19,"enemies":"Lagavulin","floor":12,"turns":4},{"damage":17,"enemies":"Slime Boss","floor":16,"turns":6},{"damage":41,"enemies":"2 Thieves","floor":18,"turns":3},{"damage":75,"enemies":"Slavers","floor":24,"turns":4}],"seed_played":"7481507540085276452","potions_obtained":[{"floor":1,"key":"SpeedPotion"},{"floor":11,"key":"LiquidBronze"},{"floor":16,"key":"Weak Potion"}],"is_trial":false,"path_per_floor":["M","?","T","M","?","R","$","M","T","E","M","E","R","?","R","B",null,"M","$","?","?","?","R","E"],"character_chosen":"DEFECT","items_purchased":["The Bomb","Deep Breath","Apotheosis","Forethought","FTL"],"campfire_rested":2,"item_purchase_floors":[7,7,19,19,19],"current_hp_per_floor":[75,75,75,75,75,75,75,75,75,42,42,35,57,46,68,51,75,46,46,46,46,71,75,0],"gold":25,"neow_bonus":"THREE_ENEMY_KILL","is_prod":false,"is_daily":false,"chose_seed":false,"campfire_upgraded":1,"win_rate":0,"timestamp":1553816984,"path_taken":["M","?","?","M","?","R","?","M","T","E","M","E","R","?","R","BOSS","M","$","?","?","?","R","E"],"build_version":"2019-01-23","purchased_purges":1,"victory":false,"max_hp_per_floor":[75,75,75,75,75,75,75,75,75,75,75,75,75,75,75,75,75,75,75,75,75,75,75,75],"card_choices":[{"not_picked":["Loop","Melter"],"picked":"Consume","floor":1},{"not_picked":["Conserve Battery","Steam"],"picked":"Doom and Gloom","floor":4},{"not_picked":["Scrape","Turbo"],"picked":"Darkness","floor":8},{"not_picked":["Steam Power","Hyperbeam"],"picked":"Electrodynamics","floor":10},{"not_picked":["Rebound","Leap","Steam"],"picked":"SKIP","floor":11},{"not_picked":["Barrage","Meteor Strike"],"picked":"Cold Snap","floor":12},{"not_picked":["Creative AI","Reboot"],"picked":"Echo Form","floor":16},{"not_picked":["Storm","Conserve Battery"],"picked":"Self Repair","floor":18}],"player_experience":375061,"relics_obtained":[{"floor":3,"key":"Art of War"},{"floor":3,"key":"Omamori"},{"floor":9,"key":"The Courier"},{"floor":9,"key":"Bottled Flame"},{"floor":10,"key":"Meat on the Bone"},{"floor":12,"key":"Kunai"}],"event_choices":[{"damage_healed":0,"gold_gain":0,"player_choice":"Box","damage_taken":0,"relics_obtained":["Matryoshka"],"max_hp_gain":0,"max_hp_loss":0,"event_name":"Big Fish","floor":2,"gold_loss":0,"cards_obtained":["Regret"]},{"damage_healed":0,"gold_gain":175,"player_choice":"AGREE","damage_taken":0,"max_hp_gain":0,"max_hp_loss":0,"event_name":"Liars Game","floor":5,"gold_loss":0,"cards_obtained":["Doubt"]},{"damage_healed":0,"gold_gain":75,"player_choice":"Gather Gold","damage_taken":11,"max_hp_gain":0,"max_hp_loss":0,"event_name":"World of Goop","floor":14,"gold_loss":0},{"damage_healed":0,"gold_gain":0,"player_choice":"Ignored","damage_taken":0,"max_hp_gain":0,"max_hp_loss":0,"event_name":"Vampires","floor":20,"gold_loss":0},{"damage_healed":0,"gold_gain":0,"player_choice":"Smashed Altar","damage_taken":0,"max_hp_gain":0,"max_hp_loss":0,"event_name":"Forgotten Altar","floor":21,"gold_loss":0,"cards_obtained":["Decay"]},{"damage_healed":25,"gold_gain":0,"player_choice":"Heal","damage_taken":0,"max_hp_gain":0,"max_hp_loss":0,"event_name":"The Library","floor":22,"gold_loss":0}],"is_beta":false,"boss_relics":[{"not_picked":["Fusion Hammer","FrozenCore"],"picked":"Eternal Feather"}],"items_purged_floors":[19],"is_endless":false,"potions_floor_spawned":[1,11,16],"killed_by":"Slavers","ascension_level":2}