{"gold_per_floor":[110,36,47,59,59,59,85,85,85,85,2,35,35,45,45,45],"floor_reached":16,"playtime":324,"items_purged":[],"score":119,"play_id":"6bf07517-9cd7-4c03-874b-ac7346e42cc0","local_time":"20190214112829","is_ascension_mode":true,"campfire_choices":[{"data":"Consume","floor":6,"key":"SMITH"},{"floor":8,"key":"REST"},{"floor":13,"key":"REST"},{"floor":15,"key":"REST"}],"neow_cost":"NONE","seed_source_timestamp":64028608434657,"circlet_count":0,"master_deck":["Strike_B","Strike_B","Strike_B","Strike_B","Defend_B","Defend_B","Defend_B","Defend_B","Zap","Dualcast","Darkness","Loop","Consume+1","Regret","Lockon","Doom and Gloom","Defragment"],"relics":["Cracked Core","NeowsBlessing","The Courier","Bottled Tornado","DataDisk","Shuriken"],"potions_floor_usage":[11,12,14],"damage_taken":[{"damage":0,"enemies":"Jaw Worm","floor":1,"turns":1},{"damage":0,"enemies":"Cultist","floor":3,"turns":1},{"damage":0,"enemies":"2 Louse","floor":4,"turns":1},{"damage":55,"enemies":"Gremlin Nob","floor":7,"turns":5},{"damage":28,"enemies":"Lagavulin","floor":12,"turns":4},{"damage":14,"enemies":"2 Fungi Beasts","floor":14,"turns":2},{"damage":58,"enemies":"The Guardian","floor":16,"turns":5}],"seed_played":"-2507315634448851932","potions_obtained":[{"floor":4,"key":"Explosive Potion"},{"floor":7,"key":"Explosive Potion"},{"floor":12,"key":"Explosive Potion"}],"is_trial":false,"path_per_floor":["M","$","M","M","?","R","E","R","T","?","$","E","R","M","R","B"],"character_chosen":"DEFECT","items_purchased":["Loop","Fruit Juice"],"campfire_rested":3,"item_purchase_floors":[2,11],"current_hp_per_floor":[75,75,75,75,75,75,20,42,42,42,47,19,43,29,53,0],"gold":45,"neow_bonus":"THREE_ENEMY_KILL","is_prod":false,"is_daily":false,"chose_seed":false,"campfire_upgraded":1,"win_rate":0,"timestamp":1550172509,"path_taken":["M","$","M","M","?","R","E","R","T","?","$","E","R","M","R","BOSS"],"build_version":"2019-01-23","purchased_purges":0,"victory":false,"max_hp_per_floor":[75,75,75,75,75,75,75,75,75,75,80,80,80,80,80,80],"card_choices":[{"not_picked":["Go for the Eyes","Blizzard"],"picked":"Darkness","floor":1},{"not_picked":["Capacitor","Scrape"],"picked":"Consume","floor":3},{"not_picked":["Turbo","Go for the Eyes"],"picked":"Coolheaded","floor":4},{"not_picked":["Rip and Tear","Sweeping Beam"],"picked":"Lockon","floor":7},{"not_picked":["Biased Cognition","Coolheaded"],"picked":"Doom and Gloom","floor":12},{"not_picked":["Fusion","Hologram"],"picked":"Defragment","floor":14}],"player_experience":358870,"relics_obtained":[{"floor":7,"key":"Bottled Tornado"},{"floor":12,"key":"Shuriken"}],"event_choices":[{"damage_healed":0,"gold_gain":0,"player_choice":"Box","damage_taken":0,"relics_obtained":["The Courier"],"max_hp_gain":0,"max_hp_loss":0,"event_name":"Big Fish","floor":5,"gold_loss":0,"cards_obtained":["Regret"]},{"cards_removed":["Coolheaded"],"damage_healed":0,"gold_gain":0,"player_choice":"Gave Card","damage_taken":0,"relics_obtained":["DataDisk"],"max_hp_gain":0,"max_hp_loss":0,"event_name":"WeMeetAgain","floor":10,"gold_loss":0}],"is_beta":false,"boss_relics":[],"items_purged_floors":[],"is_endless":false,"potions_floor_spawned":[4,7,12],"killed_by":"The Guardian","ascension_level":2}