{"gold_per_floor":[110,110,122,133,9,9,25,25,25,68,95,133,145,157,169,278,290,321,333,243,254,264,298,298,134,134,134],"floor_reached":27,"playtime":1346,"items_purged":["Writhe","Regret"],"score":241,"play_id":"2bdd1d10-e2ef-4e4e-9a11-d41dccbf67d4","local_time":"20181116115305","is_ascension_mode":false,"campfire_choices":[{"data":"Redo","floor":6,"key":"SMITH"},{"floor":8,"key":"REST"},{"floor":13,"key":"REST"},{"data":"Machine Learning","floor":15,"key":"SMITH"}],"neow_cost":"NONE","seed_source_timestamp":258617533263210,"circlet_count":0,"master_deck":["Strike_B","Strike_B","Strike_B","Defend_B","Defend_B+1","Defend_B+1","Defend_B","Zap","Dualcast","Redo+1","Ball Lightning","Thunder Strike","Machine Learning+1","Electrodynamics","Shame","Lockon","Ball Lightning","Ball Lightning","Capacitor","Self Repair"],"relics":["Velvet Choker","The Courier","PreservedInsect","MawBank","Orichalcum","Cables","Calling Bell","War Paint","Pantograph","Unceasing Top","Centennial Puzzle","Blue Candle"],"potions_floor_usage":[10,16,18,21,27],"damage_taken":[{"damage":0,"enemies":"2 Louse","floor":1,"turns":2},{"damage":1,"enemies":"Jaw Worm","floor":3,"turns":4},{"damage":5,"enemies":"Small Slimes","floor":4,"turns":4},{"damage":33,"enemies":"Gremlin Gang","floor":7,"turns":5},{"damage":8,"enemies":"3 Sentries","floor":10,"turns":6},{"damage":2,"enemies":"Blue Slaver","floor":11,"turns":3},{"damage":20,"enemies":"Lagavulin","floor":12,"turns":6},{"damage":18,"enemies":"Slime Boss","floor":16,"turns":7},{"damage":17,"enemies":"Spheric Guardian","floor":18,"turns":4},{"damage":4,"enemies":"3 Byrds","floor":21,"turns":1},{"damage":0,"enemies":"Centurion and Healer","floor":22,"turns":3},{"damage":40,"enemies":"Book of Stabbing","floor":23,"turns":5},{"damage":20,"enemies":"Shelled Parasite and Fungi","floor":27,"turns":2}],"seed_played":"-7618190846753831712","potions_obtained":[{"floor":7,"key":"Ancient Potion"},{"floor":12,"key":"FearPotion"},{"floor":16,"key":"Strength Potion"},{"floor":18,"key":"PowerPotion"},{"floor":23,"key":"FearPotion"}],"is_trial":false,"path_per_floor":["M","?","M","M","$","R","M","R","T","E","M","E","R","?","R","B",null,"M","?","$","M","M","E","?","$","T","M"],"character_chosen":"DEFECT","items_purchased":["PreservedInsect","Ball Lightning","Capacitor","Self Repair"],"campfire_rested":2,"item_purchase_floors":[5,20,25,25],"current_hp_per_floor":[75,72,71,66,66,66,33,55,55,47,45,25,47,40,40,22,75,58,58,58,54,54,14,14,14,14,0],"gold":134,"neow_bonus":"BOSS_RELIC","is_prod":false,"is_daily":false,"chose_seed":false,"campfire_upgraded":2,"win_rate":0.0,"timestamp":1542365585,"path_taken":["M","?","M","M","$","R","M","R","T","E","M","E","R","?","R","BOSS","M","?","$","M","M","E","?","$","T","M"],"build_version":"2018-11-15","purchased_purges":2,"victory":false,"max_hp_per_floor":[75,75,75,75,75,75,75,75,75,75,75,75,75,75,75,75,75,75,75,75,75,75,75,75,75,75,75],"card_choices":[{"not_picked":["Conserve Battery","Stack","Blizzard"],"picked":"SKIP","floor":1},{"not_picked":["Consume","Leap"],"picked":"Redo","floor":3},{"not_picked":["Scrape","Turbo","Chaos"],"picked":"SKIP","floor":4},{"not_picked":["White Noise","Compile Driver","Stack"],"picked":"SKIP","floor":7},{"not_picked":["Steam","Fusion"],"picked":"Ball Lightning","floor":10},{"not_picked":["Compile Driver","Reprogram"],"picked":"Thunder Strike","floor":11},{"not_picked":["Barrage","Heatsinks"],"picked":"Machine Learning","floor":12},{"not_picked":["Biased Cognition","Multi-Cast"],"picked":"Electrodynamics","floor":16},{"not_picked":["Gash","Cold Snap+1"],"picked":"Lockon","floor":18},{"not_picked":["Go for the Eyes","FTL+1","Coolheaded"],"picked":"SKIP","floor":21},{"not_picked":["FTL+1","Doom and Gloom","Aggregate"],"picked":"SKIP","floor":22},{"not_picked":["Reboot","Stack","Fusion"],"picked":"SKIP","floor":23}],"player_experience":200528,"relics_obtained":[{"floor":9,"key":"MawBank"},{"floor":10,"key":"Orichalcum"},{"floor":12,"key":"Cables"},{"floor":17,"key":"War Paint"},{"floor":17,"key":"Pantograph"},{"floor":17,"key":"Unceasing Top"},{"floor":23,"key":"Centennial Puzzle"},{"floor":26,"key":"Blue Candle"}],"event_choices":[{"damage_healed":0,"gold_gain":0,"player_choice":"Success","damage_taken":3,"relics_obtained":["The Courier"],"max_hp_gain":0,"max_hp_loss":0,"event_name":"Scrap Ooze","floor":2,"gold_loss":0},{"cards_removed":["Strike_B"],"damage_healed":0,"gold_gain":0,"player_choice":"Card Removal","damage_taken":7,"max_hp_gain":0,"max_hp_loss":0,"event_name":"Golden Wing","floor":14,"gold_loss":0},{"damage_healed":0,"gold_gain":0,"player_choice":"Ignored","damage_taken":0,"max_hp_gain":0,"max_hp_loss":0,"event_name":"Vampires","floor":19,"gold_loss":0},{"damage_healed":0,"gold_gain":0,"player_choice":"Copied","damage_taken":0,"max_hp_gain":0,"max_hp_loss":0,"event_name":"Duplicator","floor":24,"gold_loss":0,"cards_obtained":["Ball Lightning"]}],"is_beta":false,"boss_relics":[{"not_picked":["Ectoplasm","Philosopher\u0027s Stone"],"picked":"Calling Bell"}],"items_purged_floors":[20,25],"is_endless":false,"potions_floor_spawned":[7,12,16,18,23],"killed_by":"Shelled Parasite and Fungi","ascension_level":0}