{"path_per_floor":["M","M","?","$","?","M","R","M","T","M","?","E","R","E","R","B",null,"M","M","$","M","?","R","M","M","T","M","$","?","$","?","R"],"character_chosen":"IRONCLAD","items_purchased":["Blood for Blood","Gremlin Horn","Rampage","Shrug It Off","Clothesline"],"gold_per_floor":[117,135,135,53,53,76,76,97,97,113,113,149,149,185,185,314,314,339,360,47,61,61,61,77,101,126,145,1,1,1,1,1],"floor_reached":33,"campfire_rested":3,"playtime":4106,"current_hp_per_floor":[80,80,80,80,60,66,66,53,53,55,75,48,72,75,75,46,80,69,56,56,46,30,54,40,29,36,13,13,13,13,13,40],"items_purged":["Parasite"],"gold":1,"play_id":"19e68053-dd81-478f-9f1e-96f7182d9060","is_prod":false,"is_daily":false,"campfire_rituals":0,"campfire_upgraded":2,"is_hardmode":false,"path_taken":["M","M","?","$","?","M","R","M","T","M","?","E","R","E","R","BOSS","M","M","$","M","?","R","M","?","T","M","$","?","?","?","R","BOSS"],"build_version":"2018-01-18-PROD4","purchased_purges":2,"victory":false,"master_deck":["Strike_R","Strike_R","Strike_R","Strike_R","Strike_R","Defend_R","Defend_R","Defend_R","Defend_R","Bash","Pommel Strike","Clash","Blood for Blood","Iron Wave","Searing Blow","Cleave","Headbutt","Shrug It Off","Feed","Twin Strike","Clash","Rampage","Bloodletting","Necronomicurse","Headbutt","Sever Soul","Shockwave","Shrug It Off","Clothesline"],"max_hp_per_floor":[80,80,80,80,80,80,80,80,80,80,80,80,80,80,80,80,80,80,80,80,83,83,83,86,86,93,93,90,90,90,90,90],"relics":["Burning Blood","Golden Idol","Toolbox","Letter Opener","Lantern","Velvet Choker","Gremlin Horn","Necronomicon","Strawberry"],"campfire_meditates":0,"card_choices":[{"not_picked":["Reckless Charge","Armaments"],"picked":"Pommel Strike"},{"not_picked":["Warcry","Rupture"],"picked":"Clash"},{"not_picked":["Clothesline","Twin Strike"],"picked":"Iron Wave"},{"not_picked":["Anger","Sever Soul"],"picked":"Searing Blow"},{"not_picked":["Clash","Anger"],"picked":"Cleave"},{"not_picked":["Thunderclap","Shrug It Off"],"picked":"Headbutt"},{"not_picked":["Body Slam","Infernal Blade"],"picked":"Shrug It Off"},{"not_picked":["Offering","Reaper"],"picked":"Feed"},{"not_picked":["Blood for Blood","Clash"],"picked":"Twin Strike"},{"not_picked":["Hemokinesis","True Grit"],"picked":"Clash"},{"not_picked":["Flex","Reckless Charge"],"picked":"Bloodletting"},{"not_picked":["Iron Wave","Corruption"],"picked":"Headbutt"},{"not_picked":["Intimidate","Clash"],"picked":"Sever Soul"},{"not_picked":["Offering","True Grit"],"picked":"Shockwave"}],"player_experience":0,"potions_floor_usage":[25,33,33,33],"damage_taken":[{"damage":5,"enemies":"Small Slimes","floor":1,"turns":5},{"damage":6,"enemies":"Jaw Worm","floor":2,"turns":4},{"damage":0,"enemies":"Cultist","floor":6,"turns":2},{"damage":19,"enemies":"3 Louse","floor":8,"turns":4},{"damage":4,"enemies":"2 Fungi Beasts","floor":10,"turns":3},{"damage":33,"enemies":"3 Sentries","floor":12,"turns":7},{"damage":3,"enemies":"Gremlin Nob","floor":14,"turns":3},{"damage":35,"enemies":"The Guardian","floor":16,"turns":10},{"damage":17,"enemies":"Spheric Guardian","floor":18,"turns":4},{"damage":19,"enemies":"Shell Parasite","floor":19,"turns":5},{"damage":19,"enemies":"Centurion and Healer","floor":21,"turns":6},{"damage":23,"enemies":"Chosen and Byrds","floor":24,"turns":5},{"damage":17,"enemies":"Sentry and Sphere","floor":25,"turns":4},{"damage":29,"enemies":"Snake Plant","floor":27,"turns":3},{"damage":44,"enemies":"Champ","floor":33,"turns":9}],"event_choices":[{"event_name":"Liars Game","player_choice":"disagreed","floor":3,"damage_taken":0},{"event_name":"Golden Idol","player_choice":"Take Damage","floor":5,"damage_taken":0},{"event_name":"Mushrooms","player_choice":"Healed and dodged fight","floor":11,"damage_taken":0},{"event_name":"Cursed Tome","player_choice":"Obtained Book","floor":22,"damage_taken":0},{"event_name":"Vampires","player_choice":"Ignored","floor":29,"damage_taken":0},{"event_name":"Beggar","player_choice":"Ignored","floor":31,"damage_taken":0}],"boss_relics":[{"not_picked":["Calling Bell","Runic Pyramid"],"picked":"Velvet Choker"}],"potions_floor_spawned":[2,6,12,14,18,25],"seed_played":"-2847886016562786185","killed_by":"Champ","is_trial":false}