{"gold_per_floor":[114,130,130,149,149,149,149,149,149,180,180,198,69,98,98,227,227,242,92,105,121,144,144,157,201,276,142,142,142,155,155,155,274,274,299,323,448,94,107,107,141,121,121,144,3,3],"floor_reached":46,"playtime":4965,"items_purged":["Strike_R"],"score":543,"play_id":"45dc76cd-2c45-406c-b23f-737d5a19796f","local_time":"20190216202414","is_ascension_mode":false,"campfire_choices":[{"data":"Infernal Blade","floor":6,"key":"SMITH"},{"data":"Bash","floor":8,"key":"SMITH"},{"floor":11,"key":"REST"},{"floor":15,"key":"REST"},{"floor":23,"key":"REST"},{"floor":28,"key":"REST"},{"floor":32,"key":"REST"},{"floor":40,"key":"REST"}],"neow_cost":"NONE","seed_source_timestamp":95518803029248,"circlet_count":0,"master_deck":["Strike_R","Strike_R","Defend_R","Defend_R","Defend_R","Defend_R","Bash+1","Pommel Strike","Flex","Infernal Blade+1","Inflame","Shrug It Off","Metallicize","Shrug It Off","Hemokinesis","Power Through","Feed","Iron Wave+1","Armaments","Offering","Headbutt","Fire Breathing","Rupture","Armaments","Thunderclap+1","Barricade","Anger+1","Demon Form","Shrug It Off+1","Body Slam+1","Anger+1","True Grit","Metallicize","Double Tap","Entrench+1","Body Slam+1","Dark Shackles"],"relics":["Burning Blood","NeowsBlessing","Golden Idol","Question Card","Oddly Smooth Stone","Odd Mushroom","Fusion Hammer","Bag of Marbles","Dream Catcher","Molten Egg 2","Pear","Velvet Choker","Unceasing Top","Lee\u0027s Waffle","Ornamental Fan","Sundial"],"potions_floor_usage":[25,30,36,37,41,44,44,44],"damage_taken":[{"damage":0,"enemies":"2 Louse","floor":1,"turns":1},{"damage":0,"enemies":"Small Slimes","floor":2,"turns":1},{"damage":0,"enemies":"Jaw Worm","floor":4,"turns":1},{"damage":31,"enemies":"Lagavulin","floor":10,"turns":4},{"damage":9,"enemies":"2 Fungi Beasts","floor":12,"turns":3},{"damage":3,"enemies":"The Mushroom Lair","floor":14,"turns":4},{"damage":47,"enemies":"The Guardian","floor":16,"turns":13},{"damage":13,"enemies":"Shell Parasite","floor":18,"turns":5},{"damage":12,"enemies":"3 Byrds","floor":20,"turns":7},{"damage":9,"enemies":"Centurion and Healer","floor":21,"turns":6},{"damage":15,"enemies":"Snecko","floor":22,"turns":4},{"damage":10,"enemies":"Snake Plant","floor":24,"turns":3},{"damage":47,"enemies":"Slavers","floor":25,"turns":11},{"damage":17,"enemies":"Centurion and Healer","floor":30,"turns":8},{"damage":45,"enemies":"Champ","floor":33,"turns":17},{"damage":45,"enemies":"3 Darklings","floor":35,"turns":6},{"damage":35,"enemies":"Orb Walker","floor":36,"turns":5},{"damage":13,"enemies":"Mind Bloom Boss Battle","floor":37,"turns":5},{"damage":14,"enemies":"Transient","floor":39,"turns":5},{"damage":85,"enemies":"Giant Head","floor":41,"turns":9},{"damage":34,"enemies":"Writhing Mass","floor":44,"turns":7},{"damage":14,"enemies":"3 Darklings","floor":46,"turns":2}],"seed_played":"4720439859817195631","potions_obtained":[{"floor":1,"key":"GamblersBrew"},{"floor":10,"key":"Weak Potion"},{"floor":16,"key":"EssenceOfSteel"},{"floor":25,"key":"SpeedPotion"},{"floor":30,"key":"BloodPotion"},{"floor":36,"key":"Ancient Potion"},{"floor":37,"key":"Fire Potion"},{"floor":42,"key":"EssenceOfSteel"}],"is_trial":false,"path_per_floor":["?","?","?","?","?","T","?","$","?","M"],"character_chosen":"IRONCLAD","items_purchased":["Shrug It Off","Hemokinesis","Bag of Marbles","Rupture","Armaments","Lee\u0027s Waffle","True Grit","Metallicize","Dark Shackles","Block Potion"],"campfire_rested":6,"item_purchase_floors":[13,13,19,27,27,38,38,38,45,45],"current_hp_per_floor":[80,80,80,80,73,73,53,53,53,28,52,49,49,52,76,35,80,73,73,70,71,66,91,90,49,49,49,77,77,69,79,107,71,110,71,53,46,117,109,117,38,38,38,10,10,0],"gold":3,"neow_bonus":"THREE_ENEMY_KILL","is_prod":false,"is_daily":false,"chose_seed":false,"campfire_upgraded":2,"win_rate":0.0,"timestamp":1550373854,"path_taken":["M","M","?","M","?","R","?","R","T","E","R","M","$","?","R","BOSS","M","$","M","M","M","R","M","E","T","$","R","?","M","?","R","BOSS","M","M","?","?","M","R","E","?","T","?","$","M"],"build_version":"2019-01-23","purchased_purges":1,"victory":false,"max_hp_per_floor":[80,80,80,80,80,80,80,80,80,80,80,80,80,80,80,80,80,80,80,83,87,91,91,94,94,94,94,94,94,97,107,107,110,110,110,110,110,117,117,117,117,117,117,117,117,117],"card_choices":[{"not_picked":["Carnage","Twin Strike"],"picked":"Pommel Strike","floor":1},{"not_picked":["Iron Wave","Clash"],"picked":"Flex","floor":2},{"not_picked":["Disarm","Twin Strike"],"picked":"Inflame","floor":4},{"not_picked":["Entrench","True Grit","Warcry"],"picked":"Shrug It Off","floor":10},{"not_picked":["Sever Soul","Pommel Strike","Clothesline"],"picked":"Metallicize","floor":12},{"not_picked":["Thunderclap","Whirlwind","Bludgeon"],"picked":"Power Through","floor":14},{"not_picked":["Barricade","Brutality","Impervious"],"picked":"Feed","floor":16},{"not_picked":["Disarm","Sword Boomerang","Flex+1"],"picked":"Iron Wave+1","floor":18},{"not_picked":["Anger","Twin Strike+1","Disarm"],"picked":"Armaments","floor":20},{"not_picked":["Pommel Strike","Iron Wave","Twin Strike","Perfected Strike+1"],"picked":"SKIP","floor":21},{"not_picked":["Seeing Red+1","Iron Wave","Twin Strike+1"],"picked":"Offering","floor":22},{"not_picked":["Whirlwind","Warcry","True Grit"],"picked":"Headbutt","floor":24},{"not_picked":["Hemokinesis","Pommel Strike","Feel No Pain+1"],"picked":"Fire Breathing","floor":25},{"not_picked":["Entrench+1","Fire Breathing","Power Through"],"picked":"Thunderclap+1","floor":28},{"not_picked":["Whirlwind+1","Sword Boomerang+1","Flex"],"picked":"Barricade","floor":30},{"not_picked":["Iron Wave+1","Cleave+1","Shockwave"],"picked":"Anger+1","floor":32},{"not_picked":["Bludgeon+1","Feed+1","Juggernaut"],"picked":"Demon Form","floor":33},{"not_picked":["Twin Strike+1","Pommel Strike+1","Infernal Blade"],"picked":"Shrug It Off+1","floor":35},{"not_picked":["Warcry+1","Armaments+1","Flex+1"],"picked":"Body Slam+1","floor":36},{"not_picked":["Flame Barrier","Bloodletting","Infernal Blade+1"],"picked":"Anger+1","floor":37},{"not_picked":["Warcry","Feel No Pain","Thunderclap+1"],"picked":"Double Tap","floor":39},{"not_picked":["Hemokinesis+1","Armaments+1","Inflame+1"],"picked":"Entrench+1","floor":41},{"not_picked":["True Grit+1","Iron Wave+1","Clothesline+1"],"picked":"Body Slam+1","floor":44}],"player_experience":0,"relics_obtained":[{"floor":9,"key":"Question Card"},{"floor":10,"key":"Oddly Smooth Stone"},{"floor":14,"key":"Odd Mushroom"},{"floor":25,"key":"Dream Catcher"},{"floor":26,"key":"Molten Egg 2"},{"floor":31,"key":"Pear"},{"floor":37,"key":"Unceasing Top"},{"floor":41,"key":"Ornamental Fan"},{"floor":43,"key":"Sundial"}],"event_choices":[{"damage_healed":0,"gold_gain":0,"cards_transformed":["Strike_R"],"player_choice":"Change","damage_taken":0,"max_hp_gain":0,"max_hp_loss":0,"event_name":"Living Wall","floor":3,"gold_loss":0,"cards_obtained":["Infernal Blade"]},{"cards_removed":["Strike_R"],"damage_healed":0,"gold_gain":0,"player_choice":"Card Removal","damage_taken":7,"max_hp_gain":0,"max_hp_loss":0,"event_name":"Golden Wing","floor":5,"gold_loss":0},{"damage_healed":0,"gold_gain":0,"player_choice":"Take Damage","damage_taken":20,"relics_obtained":["Golden Idol"],"max_hp_gain":0,"max_hp_loss":0,"event_name":"Golden Idol","floor":7,"gold_loss":0},{"damage_healed":0,"gold_gain":0,"player_choice":"Fought Mushrooms","damage_taken":0,"max_hp_gain":0,"max_hp_loss":0,"event_name":"Mushrooms","floor":14,"gold_loss":0},{"damage_healed":0,"gold_gain":0,"player_choice":"Ignored","damage_taken":0,"max_hp_gain":0,"max_hp_loss":0,"event_name":"Vampires","floor":29,"gold_loss":0},{"damage_healed":0,"gold_gain":0,"player_choice":"Fight","damage_taken":0,"max_hp_gain":0,"max_hp_loss":0,"event_name":"MindBloom","floor":37,"gold_loss":0},{"damage_healed":0,"gold_gain":0,"player_choice":"Bought 1 Potion","damage_taken":0,"max_hp_gain":0,"max_hp_loss":0,"event_name":"The Woman in Blue","floor":42,"gold_loss":0}],"is_beta":false,"boss_relics":[{"not_picked":["White Beast Statue","Ectoplasm"],"picked":"Fusion Hammer"},{"not_picked":["Calling Bell","Coffee Dripper"],"picked":"Velvet Choker"}],"items_purged_floors":[38],"is_endless":false,"potions_floor_spawned":[1,10,16,24,25,30,36,37,39],"killed_by":"3 Darklings","ascension_level":0}