{"gold_per_floor":[115,129,147,97,113,113,145,145,145,176,276,259,259,359,359,359],"floor_reached":16,"playtime":1041,"items_purged":[],"score":116,"play_id":"589a646b-a650-4910-bf64-2b47d168f929","local_time":"20190419194552","is_ascension_mode":true,"campfire_choices":[{"floor":6,"key":"REST"},{"floor":8,"key":"REST"},{"floor":13,"key":"REST"},{"floor":15,"key":"REST"}],"neow_cost":"NONE","seed_source_timestamp":419314370931889,"circlet_count":0,"master_deck":["Strike_B","Strike_B","Strike_B","Defend_B","Defend_B","Defend_B","Defend_B","Zap","Dualcast","Coolheaded","BootSequence","Streamline","Genetic Algorithm","Glacier"],"relics":["Fusion Hammer","Regal Pillow","Pear","Pantograph"],"potions_floor_usage":[7,10,16],"damage_taken":[{"damage":1,"enemies":"Cultist","floor":1,"turns":3},{"damage":0,"enemies":"Small Slimes","floor":2,"turns":3},{"damage":0,"enemies":"2 Louse","floor":3,"turns":4},{"damage":0,"enemies":"Lots of Slimes","floor":5,"turns":6},{"damage":3,"enemies":"Gremlin Nob","floor":7,"turns":4},{"damage":15,"enemies":"3 Sentries","floor":10,"turns":8},{"damage":0,"enemies":"Exordium Thugs","floor":12,"turns":4},{"damage":87,"enemies":"Hexaghost","floor":16,"turns":16}],"seed_played":"1993581837359272630","potions_obtained":[{"floor":1,"key":"FearPotion"},{"floor":5,"key":"FocusPotion"},{"floor":7,"key":"Fire Potion"}],"is_trial":false,"path_per_floor":["M","M","M","?","M","R","E","R","T","E","?","M","R","?","R","B"],"character_chosen":"DEFECT","items_purchased":[],"campfire_rested":4,"item_purchase_floors":[],"current_hp_per_floor":[74,74,74,74,74,75,72,75,85,70,70,70,85,85,85,0],"gold":359,"neow_bonus":"BOSS_RELIC","is_prod":false,"is_daily":false,"chose_seed":false,"campfire_upgraded":0,"win_rate":0,"timestamp":1555699552,"path_taken":["M","M","M","?","M","R","E","R","T","E","?","?","R","?","R","BOSS"],"build_version":"2019-01-23","purchased_purges":0,"victory":false,"max_hp_per_floor":[75,75,75,75,75,75,75,75,85,85,85,85,85,85,85,85],"card_choices":[{"not_picked":["Consume","Redo","Compile Driver"],"picked":"SKIP","floor":1},{"not_picked":["Hologram","Stack"],"picked":"Coolheaded","floor":2},{"not_picked":["Undo","Steam"],"picked":"BootSequence","floor":3},{"not_picked":["Redo","Gash"],"picked":"Streamline","floor":5},{"not_picked":["Conserve Battery","Chaos"],"picked":"Genetic Algorithm","floor":7},{"not_picked":["Turbo","Loop"],"picked":"Glacier","floor":10},{"not_picked":["Self Repair","Melter","BootSequence"],"picked":"SKIP","floor":12}],"player_experience":1793360,"relics_obtained":[{"floor":7,"key":"Regal Pillow"},{"floor":9,"key":"Pear"},{"floor":10,"key":"Pantograph"}],"event_choices":[{"cards_removed":["Strike_B"],"damage_healed":0,"gold_gain":0,"player_choice":"Card Removal","damage_taken":0,"max_hp_gain":0,"max_hp_loss":0,"event_name":"The Cleric","floor":4,"gold_loss":50},{"damage_healed":0,"gold_gain":100,"player_choice":"Pray","damage_taken":0,"max_hp_gain":0,"max_hp_loss":0,"event_name":"Golden Shrine","floor":11,"gold_loss":0},{"damage_healed":0,"gold_gain":100,"player_choice":"Gold","damage_taken":0,"max_hp_gain":0,"max_hp_loss":0,"event_name":"Wheel of Change","floor":14,"gold_loss":0}],"is_beta":false,"boss_relics":[],"items_purged_floors":[],"is_endless":false,"potions_floor_spawned":[1,5,7],"killed_by":"Hexaghost","ascension_level":1}