{"gold_per_floor":[20,30,30,50,63,63,125,125,125,159,208,228,259,13,13,13],"floor_reached":16,"playtime":780,"items_purged":["Strike_R"],"score":144,"play_id":"3a313315-b54c-45a4-b1f2-e678d9dc581e","local_time":"20190427161600","is_ascension_mode":true,"campfire_choices":[{"data":"Bash","floor":6,"key":"SMITH"},{"data":"True Grit","floor":8,"key":"SMITH"},{"floor":15,"key":"REST"}],"neow_cost":"NO_GOLD","seed_source_timestamp":1532860027034800,"circlet_count":0,"master_deck":["Strike_R","Strike_R","Strike_R","Strike_R","Defend_R","Defend_R","Defend_R","Defend_R","Bash+1","Ghostly Armor","Heavy Blade","Shrug It Off","Shrug It Off","True Grit+1","Power Through"],"relics":["Burning Blood","Nunchaku","Gremlin Horn","Tiny Chest","Bottled Flame","Blue Candle","Happy Flower","Question Card","Membership Card"],"potions_floor_usage":[10,13],"damage_taken":[{"damage":14,"enemies":"Jaw Worm","floor":1,"turns":5},{"damage":1,"enemies":"Cultist","floor":2,"turns":3},{"damage":0,"enemies":"2 Louse","floor":4,"turns":2},{"damage":1,"enemies":"Exordium Wildlife","floor":5,"turns":2},{"damage":47,"enemies":"Gremlin Nob","floor":7,"turns":5},{"damage":24,"enemies":"Lagavulin","floor":10,"turns":7},{"damage":6,"enemies":"Blue Slaver","floor":12,"turns":6},{"damage":8,"enemies":"3 Sentries","floor":13,"turns":9},{"damage":45,"enemies":"Slime Boss","floor":16,"turns":8}],"seed_played":"9091914510378863848","potions_obtained":[{"floor":1,"key":"BloodPotion"},{"floor":7,"key":"Strength Potion"},{"floor":12,"key":"Strength Potion"}],"is_trial":false,"path_per_floor":["M","M","?","M","M","R","E","R","T","E","T","M","E","$","R","B"],"character_chosen":"IRONCLAD","items_purchased":["Membership Card"],"campfire_rested":1,"item_purchase_floors":[14],"current_hp_per_floor":[72,77,77,80,80,80,39,39,39,21,21,21,19,19,43,0],"gold":13,"neow_bonus":"ONE_RARE_RELIC","is_prod":false,"is_daily":false,"chose_seed":false,"campfire_upgraded":2,"win_rate":0,"timestamp":1556374560,"path_taken":["M","M","?","M","?","R","E","R","T","E","?","M","E","$","R","BOSS"],"build_version":"2019-01-23","purchased_purges":1,"victory":false,"max_hp_per_floor":[80,80,80,80,80,80,80,80,80,80,80,80,80,80,80,80],"card_choices":[{"not_picked":["Twin Strike","True Grit"],"picked":"Ghostly Armor","floor":1},{"not_picked":["Sever Soul","Hemokinesis"],"picked":"Heavy Blade","floor":2},{"not_picked":["Heavy Blade","Dual Wield"],"picked":"Shrug It Off","floor":4},{"not_picked":["Dropkick","Sword Boomerang"],"picked":"Shrug It Off","floor":5},{"not_picked":["Clothesline","Seeing Red"],"picked":"True Grit","floor":7},{"not_picked":["Searing Blow","Sever Soul","Warcry"],"picked":"SKIP","floor":10},{"not_picked":["Sword Boomerang","Headbutt","Wild Strike"],"picked":"SKIP","floor":12},{"not_picked":["Clash","Iron Wave"],"picked":"Power Through","floor":13}],"player_experience":792172,"relics_obtained":[{"floor":7,"key":"Tiny Chest"},{"floor":9,"key":"Bottled Flame"},{"floor":10,"key":"Blue Candle"},{"floor":11,"key":"Happy Flower"},{"floor":13,"key":"Question Card"}],"event_choices":[{"damage_healed":0,"gold_gain":0,"player_choice":"Gave Potion","damage_taken":0,"relics_obtained":["Gremlin Horn"],"max_hp_gain":0,"max_hp_loss":0,"event_name":"WeMeetAgain","floor":3,"gold_loss":0}],"is_beta":false,"boss_relics":[],"items_purged_floors":[14],"is_endless":false,"potions_floor_spawned":[1,7,12],"killed_by":"Slime Boss","ascension_level":4}