{"gold_per_floor":[119,130,146,146,166,166,196,196,223,223,223,253,253,269,269,374,374,385,403,78,97,117,117],"floor_reached":23,"playtime":871,"items_purged":["Strike_R"],"score":254,"play_id":"67a8dd05-90b9-46b1-af58-73e536ef5b3c","local_time":"20190326204531","is_ascension_mode":true,"campfire_choices":[{"data":"Bash","floor":6,"key":"SMITH"},{"data":"Dropkick","floor":8,"key":"SMITH"},{"data":"Clash","floor":11,"key":"SMITH"},{"data":"Disarm","floor":13,"key":"SMITH"},{"data":"Inflame","floor":15,"key":"SMITH"}],"neow_cost":"PERCENT_DAMAGE","seed_source_timestamp":502078462193352,"circlet_count":0,"master_deck":["Strike_R","Strike_R","Strike_R","Defend_R","Defend_R","Defend_R","Defend_R","Bash+1","Clash+1","Cleave","Dropkick+1","Disarm+1","Thunderclap","Inflame+1","Offering","Anger","Feel No Pain","Corruption+1"],"relics":["Black Blood","Unceasing Top","Bag of Marbles","Strawberry","Orichalcum","HandDrill"],"potions_floor_usage":[7,12,23],"damage_taken":[{"damage":6,"enemies":"Cultist","floor":1,"turns":4},{"damage":9,"enemies":"Jaw Worm","floor":2,"turns":4},{"damage":0,"enemies":"2 Louse","floor":3,"turns":2},{"damage":7,"enemies":"2 Fungi Beasts","floor":5,"turns":3},{"damage":30,"enemies":"Lagavulin","floor":7,"turns":5},{"damage":39,"enemies":"3 Sentries","floor":12,"turns":9},{"damage":0,"enemies":"3 Louse","floor":14,"turns":1},{"damage":1,"enemies":"Hexaghost","floor":16,"turns":7},{"damage":39,"enemies":"2 Thieves","floor":18,"turns":4},{"damage":11,"enemies":"Shell Parasite","floor":19,"turns":5},{"damage":10,"enemies":"Centurion and Healer","floor":21,"turns":4},{"damage":19,"enemies":"Snecko","floor":22,"turns":4},{"damage":41,"enemies":"Gremlin Leader","floor":23,"turns":5}],"seed_played":"-1076383035243100977","potions_obtained":[{"floor":1,"key":"Poison Potion"},{"floor":3,"key":"Swift Potion"},{"floor":14,"key":"Block Potion"},{"floor":19,"key":"SpeedPotion"}],"is_trial":false,"path_per_floor":["M","M","M","$","M","R","E","R","T","?","R","E","R","M","R","B",null,"M","M","$","M","M","E"],"character_chosen":"IRONCLAD","items_purchased":["HandDrill","Anger"],"campfire_rested":0,"item_purchase_floors":[20,20],"current_hp_per_floor":[56,53,59,59,58,58,34,34,41,41,41,8,8,14,14,19,70,41,40,40,40,31,0],"gold":117,"neow_bonus":"ONE_RARE_RELIC","is_prod":false,"is_daily":false,"chose_seed":false,"campfire_upgraded":5,"win_rate":0,"timestamp":1553658331,"path_taken":["M","M","M","$","M","R","E","R","T","?","R","E","R","M","R","BOSS","M","M","$","?","M","E"],"build_version":"2019-01-23","purchased_purges":1,"victory":false,"max_hp_per_floor":[80,80,80,80,80,80,80,80,87,87,87,87,87,87,87,87,87,87,87,87,87,87,87],"card_choices":[{"not_picked":["Whirlwind","Sentinel","Rupture"],"picked":"SKIP","floor":1},{"not_picked":["Dual Wield","Shockwave"],"picked":"Clash","floor":2},{"not_picked":["Body Slam","Iron Wave"],"picked":"Cleave","floor":3},{"not_picked":["Wild Strike","Headbutt"],"picked":"Dropkick","floor":5},{"not_picked":["Limit Break","Whirlwind"],"picked":"Disarm","floor":7},{"not_picked":["Anger","Clothesline"],"picked":"Thunderclap","floor":12},{"not_picked":["Headbutt","Twin Strike"],"picked":"Inflame","floor":14},{"not_picked":["Immolate","Reaper"],"picked":"Offering","floor":16},{"not_picked":["Intimidate","Armaments","Rupture"],"picked":"SKIP","floor":18},{"not_picked":["Havoc+1","Searing Blow","Burning Pact"],"picked":"SKIP","floor":19},{"not_picked":["Heavy Blade+1","Bludgeon"],"picked":"Feel No Pain","floor":21},{"not_picked":["Body Slam","Flex"],"picked":"Corruption+1","floor":22}],"player_experience":78376,"relics_obtained":[{"floor":7,"key":"Bag of Marbles"},{"floor":9,"key":"Strawberry"},{"floor":12,"key":"Orichalcum"}],"event_choices":[{"cards_removed":["Strike_R"],"damage_healed":0,"gold_gain":0,"player_choice":"Purged","damage_taken":0,"max_hp_gain":0,"max_hp_loss":0,"event_name":"Purifier","floor":10,"gold_loss":0}],"is_beta":false,"boss_relics":[{"not_picked":["Orrery","Ectoplasm"],"picked":"Black Blood"}],"items_purged_floors":[20],"is_endless":false,"potions_floor_spawned":[1,3,14,19],"killed_by":"Gremlin Leader","ascension_level":5}