{"gold_per_floor":[117,129,148,165,165,165,181,181,204,229,4,24,199,228,228,228],"floor_reached":16,"playtime":1001,"items_purged":["Defend_R"],"score":118,"play_id":"2c0fee31-edf6-4f52-823b-e4cf909fe1f5","local_time":"20190310110309","is_ascension_mode":true,"campfire_choices":[{"floor":6,"key":"RECALL"},{"data":"Heavy Blade","floor":8,"key":"SMITH"},{"floor":15,"key":"REST"}],"neow_cost":"NONE","seed_source_timestamp":523844004863234,"circlet_count":0,"master_deck":["Strike_R","Strike_R","Strike_R","Strike_R","Defend_R","Defend_R","Defend_R","Bash","Heavy Blade+1","Twin Strike","Armaments+1","Spot Weakness","Flex","Anger","Limit Break","Shrug It Off","Doubt","Pommel Strike"],"relics":["Burning Blood","Boot","Happy Flower"],"potions_floor_usage":[10,14,16,16],"damage_taken":[{"damage":7,"enemies":"Jaw Worm","floor":1,"turns":6},{"damage":5,"enemies":"Cultist","floor":2,"turns":4},{"damage":5,"enemies":"2 Louse","floor":3,"turns":3},{"damage":10,"enemies":"Looter","floor":4,"turns":3},{"damage":9,"enemies":"Blue Slaver","floor":7,"turns":4},{"damage":11,"enemies":"Gremlin Nob","floor":10,"turns":3},{"damage":7,"enemies":"Large Slime","floor":12,"turns":4},{"damage":34,"enemies":"Lagavulin","floor":14,"turns":7},{"damage":65,"enemies":"Hexaghost","floor":16,"turns":9}],"seed_played":"7121107137322358022","potions_obtained":[{"floor":1,"key":"Swift Potion"},{"floor":4,"key":"Strength Potion"},{"floor":10,"key":"GamblersBrew"},{"floor":14,"key":"SpeedPotion"}],"is_trial":false,"path_per_floor":["M","M","M","M","?","R","M","R","T","E","$","M","?","E","R","B"],"character_chosen":"IRONCLAD","items_purchased":["Limit Break"],"campfire_rested":1,"item_purchase_floors":[11],"current_hp_per_floor":[79,80,80,76,76,76,73,73,73,68,68,67,67,39,63,0],"gold":228,"neow_bonus":"REMOVE_CARD","is_prod":false,"is_daily":false,"chose_seed":false,"campfire_upgraded":1,"win_rate":0,"timestamp":1552183389,"path_taken":["M","M","M","M","?","R","M","R","T","E","$","?","?","E","R","BOSS"],"build_version":"2019-01-23","purchased_purges":1,"victory":false,"max_hp_per_floor":[80,80,80,80,80,80,80,80,80,80,80,80,80,80,80,80],"card_choices":[{"not_picked":["Carnage","Headbutt"],"picked":"Heavy Blade","floor":1},{"not_picked":["Heavy Blade","Sword Boomerang"],"picked":"Twin Strike","floor":2},{"not_picked":["Feel No Pain","Heavy Blade"],"picked":"Armaments","floor":3},{"not_picked":["Iron Wave","Bloodletting"],"picked":"Spot Weakness","floor":4},{"not_picked":["Ghostly Armor","Iron Wave"],"picked":"Flex","floor":7},{"not_picked":["Clash","Metallicize"],"picked":"Anger","floor":10},{"not_picked":["Perfected Strike","Dark Embrace"],"picked":"Shrug It Off","floor":12},{"not_picked":["Sever Soul","Entrench"],"picked":"Pommel Strike","floor":14}],"player_experience":64525,"relics_obtained":[{"floor":10,"key":"Boot"},{"floor":14,"key":"Happy Flower"}],"event_choices":[{"damage_healed":0,"gold_gain":0,"player_choice":"Forge","damage_taken":0,"max_hp_gain":0,"max_hp_loss":0,"event_name":"Accursed Blacksmith","floor":5,"gold_loss":0,"cards_upgraded":["Armaments"]},{"damage_healed":0,"gold_gain":175,"player_choice":"AGREE","damage_taken":0,"max_hp_gain":0,"max_hp_loss":0,"event_name":"Liars Game","floor":13,"gold_loss":0,"cards_obtained":["Doubt"]}],"is_beta":false,"boss_relics":[],"items_purged_floors":[11],"is_endless":false,"potions_floor_spawned":[1,4,10,14],"killed_by":"Hexaghost","ascension_level":1}