{"gold_per_floor":[10,22,33,33,51,83,83,102,129,158,108,137,153,180,180,180],"floor_reached":16,"playtime":15018,"items_purged":[],"score":153,"play_id":"ea1dfa56-d4de-493e-9c84-06f472647309","local_time":"20190426160040","is_ascension_mode":true,"campfire_choices":[{"data":"Zap","floor":7,"key":"SMITH"},{"data":"Redo","floor":15,"key":"SMITH"}],"neow_cost":"NO_GOLD","seed_source_timestamp":1431193760868000,"circlet_count":0,"master_deck":["Strike_B","Strike_B","Strike_B","Defend_B","Defend_B","Defend_B","Defend_B","Zap+1","Dualcast","Glacier","Gash","Redo+1","Glacier","Beam Cell","Steam","Go for the Eyes","Beam Cell","Genetic Algorithm"],"relics":["Cracked Core","Unceasing Top","Mercury Hourglass","Happy Flower","Orichalcum","Centennial Puzzle","Odd Mushroom"],"potions_floor_usage":[6,6,10,16],"damage_taken":[{"damage":0,"enemies":"Cultist","floor":1,"turns":4},{"damage":0,"enemies":"2 Louse","floor":2,"turns":3},{"damage":1,"enemies":"Jaw Worm","floor":3,"turns":5},{"damage":0,"enemies":"Large Slime","floor":5,"turns":7},{"damage":33,"enemies":"Lagavulin","floor":6,"turns":7},{"damage":0,"enemies":"Looter","floor":8,"turns":3},{"damage":12,"enemies":"Gremlin Nob","floor":10,"turns":5},{"damage":5,"enemies":"3 Sentries","floor":12,"turns":9},{"damage":0,"enemies":"2 Fungi Beasts","floor":13,"turns":2},{"damage":2,"enemies":"The Mushroom Lair","floor":14,"turns":4},{"damage":23,"enemies":"Hexaghost","floor":16,"turns":9}],"seed_played":"-8267013351167581125","potions_obtained":[{"floor":1,"key":"PowerPotion"},{"floor":2,"key":"SkillPotion"},{"floor":5,"key":"SpeedPotion"},{"floor":12,"key":"Strength Potion"}],"is_trial":false,"path_per_floor":["M","M","M","$","M","E","R","M","T","E","?","E","M","?","R","B"],"character_chosen":"DEFECT","items_purchased":[],"campfire_rested":0,"item_purchase_floors":[],"current_hp_per_floor":[75,75,74,74,74,41,41,41,41,29,29,24,24,22,22,0],"gold":180,"neow_bonus":"ONE_RARE_RELIC","is_prod":false,"is_daily":false,"chose_seed":false,"campfire_upgraded":2,"win_rate":0,"timestamp":1556287240,"path_taken":["M","M","M","$","M","E","R","M","T","E","?","E","M","?","R","BOSS"],"build_version":"2019-01-23","purchased_purges":0,"victory":false,"max_hp_per_floor":[75,75,75,75,75,75,75,75,75,75,75,75,75,75,75,75],"card_choices":[{"not_picked":["Rebound","Hologram"],"picked":"Glacier","floor":1},{"not_picked":["Ball Lightning","Steam"],"picked":"Gash","floor":2},{"not_picked":["Streamline","Sweeping Beam"],"picked":"Redo","floor":3},{"not_picked":["Darkness","Hyperbeam","Streamline"],"picked":"SKIP","floor":5},{"not_picked":["Go for the Eyes","Darkness"],"picked":"Glacier","floor":6},{"not_picked":["Skim","Compile Driver"],"picked":"Beam Cell","floor":8},{"not_picked":["Barrage","Undo"],"picked":"Steam","floor":10},{"not_picked":["Creative AI","Tempest"],"picked":"Go for the Eyes","floor":12},{"not_picked":["Storm","Leap"],"picked":"Beam Cell","floor":13},{"not_picked":["Rainbow","Hologram"],"picked":"Genetic Algorithm","floor":14}],"player_experience":720701,"relics_obtained":[{"floor":6,"key":"Mercury Hourglass"},{"floor":9,"key":"Happy Flower"},{"floor":10,"key":"Orichalcum"},{"floor":12,"key":"Centennial Puzzle"},{"floor":14,"key":"Odd Mushroom"}],"event_choices":[{"cards_removed":["Strike_B"],"damage_healed":0,"gold_gain":0,"player_choice":"Card Removal","damage_taken":0,"max_hp_gain":0,"max_hp_loss":0,"event_name":"The Cleric","floor":11,"gold_loss":50},{"damage_healed":0,"gold_gain":0,"player_choice":"Fought Mushrooms","damage_taken":0,"max_hp_gain":0,"max_hp_loss":0,"event_name":"Mushrooms","floor":14,"gold_loss":0}],"is_beta":false,"boss_relics":[],"items_purged_floors":[],"is_endless":false,"potions_floor_spawned":[1,2,5,12],"killed_by":"Hexaghost","ascension_level":5}