{"gold_per_floor":[113,124,17,17,37,37,68,88,88,102,130,141,169,187,187,282,282,293,308,61,79,89,121,121,152,232,232,232,248,265,290,290,392,392,406,418,472,382,402,402,427,427,427,427,437,454,485,215,215,215],"floor_reached":51,"playtime":3904,"items_purged":["Strike_B"],"score":908,"play_id":"ba227ff8-3789-4524-8620-ccbf841f6122","local_time":"20190412112803","is_ascension_mode":true,"campfire_choices":[{"data":"White Noise","floor":6,"key":"SMITH"},{"data":"Seek","floor":15,"key":"SMITH"},{"data":"Rainbow","floor":24,"key":"SMITH"},{"data":"BootSequence","floor":27,"key":"SMITH"},{"data":"Defragment","floor":32,"key":"SMITH"},{"data":"Amplify","floor":40,"key":"SMITH"},{"data":"Conserve Battery","floor":42,"key":"SMITH"},{"data":"Conserve Battery","floor":44,"key":"SMITH"},{"data":"Consume","floor":49,"key":"SMITH"}],"neow_cost":"NONE","seed_source_timestamp":216447351209800,"circlet_count":0,"master_deck":["Strike_B+1","Strike_B","Defend_B","Defend_B+1","Defend_B","Defend_B","Zap+1","Dualcast","White Noise+1","Seek+1","Defragment+1","Leap","Sweeping Beam","Rainbow+1","BootSequence+1","Compile Driver","Amplify+1","Conserve Battery+1","Conserve Battery+1","Echo Form","Coolheaded","BootSequence+1","Self Repair","Consume+1","Aggregate","Necronomicurse","Self Repair","Leap+1","Conserve Battery+1","Reboot","White Noise+1","Sunder","Steam","Consume+1","Compile Driver+1","Defragment+1"],"relics":["Cracked Core","NeowsBlessing","Singing Bowl","Gremlin Horn","Meat on the Bone","Lantern","WingedGreaves","Inserter","Bottled Tornado","Pocketwatch","Bag of Marbles","Question Card","Necronomicon","Vajra","Sozu","Du-Vu Doll","War Paint","Oddly Smooth Stone","Runic Capacitor"],"potions_floor_usage":[13,16,23],"damage_taken":[{"damage":0,"enemies":"Jaw Worm","floor":1,"turns":1},{"damage":0,"enemies":"Cultist","floor":2,"turns":1},{"damage":0,"enemies":"2 Louse","floor":5,"turns":1},{"damage":22,"enemies":"Gremlin Nob","floor":7,"turns":4},{"damage":5,"enemies":"Blue Slaver","floor":8,"turns":4},{"damage":11,"enemies":"2 Fungi Beasts","floor":10,"turns":4},{"damage":0,"enemies":"3 Sentries","floor":11,"turns":5},{"damage":0,"enemies":"Lots of Slimes","floor":12,"turns":1},{"damage":16,"enemies":"Gremlin Nob","floor":13,"turns":4},{"damage":3,"enemies":"Gremlin Gang","floor":14,"turns":5},{"damage":20,"enemies":"The Guardian","floor":16,"turns":10},{"damage":0,"enemies":"Chosen","floor":18,"turns":4},{"damage":22,"enemies":"Spheric Guardian","floor":19,"turns":8},{"damage":18,"enemies":"Cultist and Chosen","floor":21,"turns":7},{"damage":4,"enemies":"Snecko","floor":22,"turns":7},{"damage":41,"enemies":"Slavers","floor":23,"turns":8},{"damage":22,"enemies":"Book of Stabbing","floor":25,"turns":7},{"damage":16,"enemies":"Shelled Parasite and Fungi","floor":29,"turns":7},{"damage":13,"enemies":"Snake Plant","floor":30,"turns":6},{"damage":36,"enemies":"Slavers","floor":31,"turns":7},{"damage":0,"enemies":"Champ","floor":33,"turns":11},{"damage":19,"enemies":"3 Darklings","floor":35,"turns":6},{"damage":3,"enemies":"Orb Walker","floor":36,"turns":5},{"damage":41,"enemies":"2 Orb Walkers","floor":37,"turns":4},{"damage":18,"enemies":"Transient","floor":39,"turns":5},{"damage":0,"enemies":"Giant Head","floor":41,"turns":11},{"damage":20,"enemies":"Maw","floor":45,"turns":8},{"damage":9,"enemies":"Jaw Worm Horde","floor":46,"turns":4},{"damage":78,"enemies":"Reptomancer","floor":47,"turns":5},{"damage":33,"enemies":"Donu and Deca","floor":50,"turns":5}],"seed_played":"4119301932003397868","potions_obtained":[{"floor":2,"key":"Weak Potion"},{"floor":7,"key":"FairyPotion"},{"floor":10,"key":"Energy Potion"},{"floor":12,"key":"FairyPotion"},{"floor":13,"key":"SteroidPotion"},{"floor":19,"key":"PowerPotion"},{"floor":25,"key":"SteroidPotion"}],"is_trial":false,"path_per_floor":["M","M","$","?","M","R","E","M","T","M","E","M","E","M","R","B",null,"M","M","$","M","M","E","R","E","T","R","?","M","M","E","R","B",null,"M","M","?","?","M","R","E","R","T","R","M","M","E","$","R","B",null],"character_chosen":"DEFECT","items_purchased":["Defragment","Leap","Bottled Tornado","Runic Capacitor"],"campfire_rested":0,"item_purchase_floors":[3,3,20,48],"current_hp_per_floor":[75,75,75,75,75,75,53,48,48,49,49,51,47,44,44,36,77,77,55,55,49,54,39,39,43,43,43,27,30,43,47,47,68,79,74,81,73,73,62,62,76,76,76,76,70,68,45,45,45,38],"gold":215,"neow_bonus":"THREE_ENEMY_KILL","is_prod":false,"is_daily":false,"chose_seed":false,"campfire_upgraded":9,"win_rate":0,"timestamp":1555061283,"path_taken":["M","M","$","?","M","R","E","M","T","M","E","M","E","M","R","BOSS","M","M","?","M","M","E","R","E","T","R","?","M","M","E","R","BOSS","M","M","?","?","M","R","E","R","T","R","?","M","E","$","R","BOSS"],"build_version":"2019-01-23","purchased_purges":1,"victory":true,"max_hp_per_floor":[75,75,75,75,75,75,75,75,75,75,75,77,77,77,77,77,77,77,77,77,77,79,79,79,79,79,79,79,79,79,79,79,79,79,79,81,81,81,81,81,81,81,81,81,81,81,83,83,83,83],"card_choices":[{"not_picked":["Hologram","Barrage"],"picked":"White Noise","floor":1},{"not_picked":["Beam Cell","Coolheaded"],"picked":"Seek","floor":2},{"not_picked":["Redo","Stack"],"picked":"Sweeping Beam","floor":5},{"not_picked":["Leap","Streamline"],"picked":"Rainbow","floor":7},{"not_picked":["Heatsinks","Blizzard"],"picked":"BootSequence","floor":8},{"not_picked":["Aggregate","Gash"],"picked":"Compile Driver","floor":10},{"not_picked":["Reinforced Body","Sweeping Beam"],"picked":"Amplify","floor":11},{"not_picked":["Genetic Algorithm","Go for the Eyes","Gash"],"picked":"Singing Bowl","floor":12},{"not_picked":["Coolheaded","Sweeping Beam"],"picked":"Conserve Battery","floor":13},{"not_picked":["Barrage","Streamline"],"picked":"Conserve Battery","floor":14},{"not_picked":["Machine Learning","Core Surge"],"picked":"Echo Form","floor":16},{"not_picked":["Go for the Eyes","Barrage+1"],"picked":"Coolheaded","floor":18},{"not_picked":["Sweeping Beam","Rebound"],"picked":"BootSequence+1","floor":19},{"not_picked":["Steam","Undo"],"picked":"Self Repair","floor":21},{"not_picked":["Rebound","Hologram","Cold Snap+1"],"picked":"Singing Bowl","floor":22},{"not_picked":["Go for the Eyes","Glacier"],"picked":"Consume","floor":23},{"not_picked":["BootSequence+1","Recycle"],"picked":"Aggregate","floor":25},{"not_picked":["Beam Cell","Compile Driver","Cold Snap"],"picked":"Self Repair","floor":29},{"not_picked":["Beam Cell","Streamline","Hyperbeam"],"picked":"Leap+1","floor":30},{"not_picked":["Redo","Beam Cell","Doom and Gloom"],"picked":"Conserve Battery+1","floor":31},{"not_picked":["Fission","Biased Cognition","Core Surge"],"picked":"Reboot","floor":33},{"not_picked":["Go for the Eyes+1","Redo","Cold Snap"],"picked":"White Noise+1","floor":35},{"not_picked":["Redo+1","Turbo+1","Coolheaded+1","Leap"],"picked":"Singing Bowl","floor":36},{"not_picked":["Go for the Eyes","Thunder Strike","Turbo"],"picked":"Sunder","floor":37},{"not_picked":["Compile Driver","Rebound","Lockon"],"picked":"Steam","floor":39},{"not_picked":["Static Discharge+1","Reboot","Steam+1"],"picked":"Consume+1","floor":41},{"not_picked":["Stack+1","Conserve Battery","Beam Cell"],"picked":"Compile Driver+1","floor":45},{"not_picked":["Steam","Compile Driver+1","Turbo"],"picked":"Defragment+1","floor":46},{"not_picked":["Reinforced Body","Gash","Go for the Eyes","Ball Lightning"],"picked":"Singing Bowl","floor":47}],"player_experience":391852,"relics_obtained":[{"floor":7,"key":"Gremlin Horn"},{"floor":9,"key":"Meat on the Bone"},{"floor":11,"key":"Lantern"},{"floor":13,"key":"WingedGreaves"},{"floor":23,"key":"Pocketwatch"},{"floor":25,"key":"Bag of Marbles"},{"floor":26,"key":"Question Card"},{"floor":28,"key":"Necronomicon"},{"floor":31,"key":"Vajra"},{"floor":37,"key":"Du-Vu Doll"},{"floor":41,"key":"War Paint"},{"floor":47,"key":"Oddly Smooth Stone"}],"event_choices":[{"damage_healed":0,"gold_gain":0,"player_choice":"Gave Potion","damage_taken":0,"relics_obtained":["Singing Bowl"],"max_hp_gain":0,"max_hp_loss":0,"event_name":"WeMeetAgain","floor":4,"gold_loss":0},{"damage_healed":0,"gold_gain":0,"player_choice":"Obtained Book","damage_taken":16,"max_hp_gain":0,"max_hp_loss":0,"event_name":"Cursed Tome","floor":28,"gold_loss":0},{"damage_healed":0,"gold_gain":0,"player_choice":"Fight","damage_taken":0,"max_hp_gain":0,"max_hp_loss":0,"event_name":"Mysterious Sphere","floor":37,"gold_loss":0},{"cards_removed":["Strike_B"],"damage_healed":0,"gold_gain":0,"player_choice":"Upgrade and Remove","damage_taken":0,"max_hp_gain":0,"max_hp_loss":0,"event_name":"Designer","floor":38,"gold_loss":90,"cards_upgraded":["Strike_B"]}],"is_beta":false,"boss_relics":[{"not_picked":["Empty Cage","Astrolabe"],"picked":"Inserter"},{"not_picked":["Philosopher\u0027s Stone","Snecko Eye"],"picked":"Sozu"}],"items_purged_floors":[48],"is_endless":false,"potions_floor_spawned":[2,7,10,12,13,19,22,25,30,36,41,46],"ascension_level":1}