{"gold_per_floor":[17,34,34,34,49,49,62,88,161,161,172,172,172,204,204,204],"floor_reached":16,"playtime":546,"items_purged":[],"score":193,"play_id":"9b3c5dc3-cdf3-4f4f-a418-df9db13fbee2","local_time":"20190412101431","is_ascension_mode":true,"campfire_choices":[{"data":"Feed","floor":6,"key":"SMITH"},{"floor":10,"key":"REST"},{"data":"Shrug It Off","floor":15,"key":"SMITH"}],"neow_cost":"NO_GOLD","seed_source_timestamp":78339737180709,"circlet_count":0,"master_deck":["AscendersBane","Strike_R","Strike_R","Strike_R+1","Strike_R","Defend_R","Defend_R","Defend_R","Defend_R","Bash","Brutality","Heavy Blade","Iron Wave+1","Feed+1","Headbutt","Shrug It Off+1","Metallicize+1"],"relics":["Burning Blood","Bird Faced Urn","The Courier","Singing Bowl","Lantern"],"potions_floor_usage":[8,16,16],"damage_taken":[{"damage":3,"enemies":"2 Louse","floor":1,"turns":3},{"damage":13,"enemies":"Jaw Worm","floor":2,"turns":4},{"damage":6,"enemies":"Cultist","floor":5,"turns":4},{"damage":11,"enemies":"2 Fungi Beasts","floor":7,"turns":3},{"damage":16,"enemies":"Gremlin Nob","floor":8,"turns":3},{"damage":3,"enemies":"Blue Slaver","floor":11,"turns":5},{"damage":33,"enemies":"Lagavulin","floor":14,"turns":8},{"damage":50,"enemies":"Hexaghost","floor":16,"turns":11}],"seed_played":"-2827834184074002405","potions_obtained":[{"floor":2,"key":"SneckoOil"},{"floor":8,"key":"Fire Potion"},{"floor":11,"key":"Explosive Potion"}],"is_trial":false,"path_per_floor":["M","M","?","?","M","R","M","E","T","R","M","?","T","E","R","B"],"character_chosen":"IRONCLAD","items_purchased":[],"campfire_rested":1,"item_purchase_floors":[],"current_hp_per_floor":[71,64,41,41,41,41,40,34,34,58,61,61,61,44,44,0],"gold":204,"neow_bonus":"THREE_RARE_CARDS","is_prod":false,"is_daily":false,"chose_seed":false,"campfire_upgraded":2,"win_rate":0,"timestamp":1555089271,"path_taken":["M","M","?","?","M","R","M","E","T","R","?","?","?","E","R","BOSS"],"build_version":"2019-01-23","purchased_purges":0,"victory":false,"max_hp_per_floor":[75,75,75,75,75,75,79,83,83,83,83,83,83,89,89,89],"card_choices":[{"not_picked":["Exhume","Barricade"],"picked":"Brutality","floor":0},{"not_picked":["Anger","Clash"],"picked":"Heavy Blade","floor":1},{"not_picked":["Second Wind","Perfected Strike"],"picked":"Iron Wave","floor":2},{"not_picked":["Sentinel","Corruption"],"picked":"Feed","floor":5},{"not_picked":["Burning Pact","Anger"],"picked":"Headbutt","floor":7},{"not_picked":["Dark Embrace","Pommel Strike"],"picked":"Shrug It Off","floor":8},{"not_picked":["Carnage","Dropkick"],"picked":"Metallicize","floor":11},{"not_picked":["Intimidate","Carnage","Iron Wave"],"picked":"Singing Bowl","floor":14}],"player_experience":423191,"relics_obtained":[{"floor":8,"key":"Bird Faced Urn"},{"floor":9,"key":"The Courier"},{"floor":13,"key":"Singing Bowl"},{"floor":14,"key":"Lantern"}],"event_choices":[{"damage_healed":0,"gold_gain":0,"player_choice":"Entered Light","damage_taken":23,"max_hp_gain":0,"max_hp_loss":0,"event_name":"Shining Light","floor":3,"gold_loss":0,"cards_upgraded":["Iron Wave","Strike_R"]},{"cards_removed":["Strike_R"],"damage_healed":0,"gold_gain":0,"player_choice":"Purged","damage_taken":0,"max_hp_gain":0,"max_hp_loss":0,"event_name":"Purifier","floor":4,"gold_loss":0},{"damage_healed":0,"gold_gain":0,"player_choice":"Grow","damage_taken":0,"max_hp_gain":0,"max_hp_loss":0,"event_name":"Living Wall","floor":12,"gold_loss":0,"cards_upgraded":["Metallicize"]}],"is_beta":false,"boss_relics":[],"items_purged_floors":[],"is_endless":false,"potions_floor_spawned":[2,8,11],"killed_by":"Hexaghost","ascension_level":15}