{"gold_per_floor":[113,113,113,132,132,132,457,477,477,492,274,294,294,325,325,423,423,441,441,187,204,222,249,249,260,260,260,272,291,216,234,234,234],"floor_reached":33,"playtime":1206,"items_purged":["Strike_R","Strike_R"],"score":279,"play_id":"2dc43a8e-1805-4ca5-bacc-a5ce516244c5","local_time":"20181006184508","is_ascension_mode":false,"campfire_choices":[{"data":"Flame Barrier","floor":6,"key":"SMITH"},{"data":"Shrug It Off","floor":13,"key":"SMITH"},{"data":"Anger","floor":15,"key":"SMITH"},{"data":"Defend_R","floor":24,"key":"SMITH"},{"data":"Inflame","floor":27,"key":"SMITH"},{"floor":32,"key":"REST"}],"neow_cost":"NONE","seed_source_timestamp":1127507973213255,"circlet_count":0,"master_deck":["Strike_R","Strike_R","Defend_R+1","Defend_R+1","Defend_R+1","Bash+1","Flame Barrier+1","Anger+1","Shrug It Off+1","Dropkick+1","Double Tap+1","Inflame+1"],"relics":["Burning Blood","Old Coin","Molten Egg 2","Bag of Marbles","Regal Pillow","Mark of Pain","War Paint","Calipers","Gambling Chip"],"potions_floor_usage":[7,22,23,33],"damage_taken":[{"damage":8,"enemies":"Jaw Worm","floor":1,"turns":4},{"damage":1,"enemies":"Cultist","floor":4,"turns":3},{"damage":23,"enemies":"Lagavulin","floor":7,"turns":6},{"damage":0,"enemies":"2 Louse","floor":8,"turns":3},{"damage":2,"enemies":"Blue Slaver","floor":10,"turns":4},{"damage":0,"enemies":"Large Slime","floor":12,"turns":4},{"damage":6,"enemies":"Gremlin Nob","floor":14,"turns":4},{"damage":15,"enemies":"The Guardian","floor":16,"turns":11},{"damage":14,"enemies":"Spheric Guardian","floor":18,"turns":4},{"damage":10,"enemies":"3 Byrds","floor":21,"turns":5},{"damage":4,"enemies":"Snecko","floor":22,"turns":5},{"damage":22,"enemies":"Slavers","floor":23,"turns":7},{"damage":21,"enemies":"Cultist and Chosen","floor":25,"turns":5},{"damage":2,"enemies":"Centurion and Healer","floor":28,"turns":4},{"damage":2,"enemies":"Sentry and Sphere","floor":29,"turns":3},{"damage":0,"enemies":"Chosen and Byrds","floor":31,"turns":4},{"damage":97,"enemies":"Collector","floor":33,"turns":11}],"seed_played":"-5283149821773046450","potions_obtained":[{"floor":1,"key":"FearPotion"},{"floor":7,"key":"EssenceOfSteel"},{"floor":10,"key":"Energy Potion"},{"floor":18,"key":"FearPotion"},{"floor":25,"key":"Weak Potion"},{"floor":31,"key":"Ancient Potion"}],"is_trial":false,"path_per_floor":["M","?","?","M","?","R","E","M","T","M","$","M","R","E","R","B",null,"M","?","$","M","M","E","R","M","T","R","M","M","?","M","R"],"character_chosen":"IRONCLAD","items_purchased":["Bag of Marbles","War Paint"],"campfire_rested":1,"item_purchase_floors":[11,20],"current_hp_per_floor":[78,78,78,80,85,85,68,74,74,78,78,84,84,84,84,75,85,77,77,77,73,75,59,59,44,44,44,48,52,52,58,85,0],"gold":234,"neow_bonus":"REMOVE_CARD","is_prod":false,"is_daily":false,"chose_seed":false,"campfire_upgraded":5,"win_rate":0,"timestamp":1538876708,"path_taken":["M","?","?","M","?","R","E","M","T","?","$","M","R","E","R","BOSS","M","?","$","M","M","E","R","?","T","R","M","?","?","M","R","BOSS"],"build_version":"2018-10-04v2","purchased_purges":2,"victory":false,"max_hp_per_floor":[80,80,80,80,85,85,85,85,85,85,85,85,85,85,85,85,85,85,85,85,85,85,85,85,85,85,85,85,85,85,85,85,85],"card_choices":[{"not_picked":["Fire Breathing","Sword Boomerang","Sentinel"],"picked":"SKIP","floor":1},{"not_picked":["Bloodletting","Heavy Blade"],"picked":"Flame Barrier","floor":4},{"not_picked":["Thunderclap","Sentinel"],"picked":"Anger","floor":7},{"not_picked":["Cleave","Entrench"],"picked":"Shrug It Off","floor":8},{"not_picked":["Flex","Sword Boomerang+1"],"picked":"Clash+1","floor":10},{"not_picked":["Demon Form","Heavy Blade+1"],"picked":"Dropkick+1","floor":12},{"not_picked":["Thunderclap+1","Intimidate","Shrug It Off"],"picked":"SKIP","floor":14},{"not_picked":["Brutality","Immolate+1"],"picked":"Double Tap","floor":16},{"not_picked":["Sword Boomerang+1","Perfected Strike+1","Flame Barrier+1"],"picked":"SKIP","floor":18},{"not_picked":["Searing Blow+1","Shockwave","Rampage+1"],"picked":"SKIP","floor":21},{"not_picked":["Heavy Blade+1","Armaments","True Grit"],"picked":"SKIP","floor":22},{"not_picked":["Burning Pact+1","Flex","Hemokinesis+1"],"picked":"SKIP","floor":23},{"not_picked":["True Grit","Havoc"],"picked":"Inflame","floor":25},{"not_picked":["Combust","Anger+1","Heavy Blade+1"],"picked":"SKIP","floor":28},{"not_picked":["Clothesline+1","Anger+1","Blood for Blood+1"],"picked":"SKIP","floor":29},{"not_picked":["Heavy Blade+1","Cleave+1","Corruption"],"picked":"SKIP","floor":31}],"player_experience":274138,"relics_obtained":[{"floor":7,"key":"Old Coin"},{"floor":9,"key":"Molten Egg 2"},{"floor":14,"key":"Regal Pillow"},{"floor":23,"key":"Calipers"},{"floor":26,"key":"Gambling Chip"}],"event_choices":[{"event_name":"Upgrade Shrine","player_choice":"Upgraded","floor":2,"damage_taken":0},{"event_name":"Living Wall","player_choice":"Forget","floor":3,"damage_taken":0},{"event_name":"Big Fish","player_choice":"Donut","floor":5,"damage_taken":0},{"event_name":"Upgrade Shrine","player_choice":"Upgraded","floor":19,"damage_taken":0},{"event_name":"Beggar","player_choice":"Gave Gold","floor":30,"damage_taken":0}],"is_beta":false,"boss_relics":[{"not_picked":["Pandora\u0027s Box","Lizard Tail"],"picked":"Mark of Pain"}],"items_purged_floors":[11,20],"is_endless":false,"potions_floor_spawned":[1,7,10,18,25,31],"killed_by":"Collector","ascension_level":0}