{"gold_per_floor":[415,186,186,186,202,202,217,237,263,263,158,158,213,233,233,328,328,347,366,366,379,241,272,285,285,310,329,329,349,349,349,349,454,454,469,485,503,503,503,503,175,275,275,72,72,125,125,142,142,142],"floor_reached":51,"playtime":3163,"items_purged":["Strike_G","Strike_G","Strike_G"],"score":690,"play_id":"5d9f06ca-9834-409f-a7b1-594d3e4e107e","local_time":"20190204152057","is_ascension_mode":false,"campfire_choices":[{"data":"Neutralize","floor":6,"key":"SMITH"},{"data":"Backstab","floor":10,"key":"SMITH"},{"data":"Crippling Poison","floor":15,"key":"SMITH"},{"data":"Noxious Fumes","floor":25,"key":"SMITH"},{"data":"Malaise","floor":28,"key":"SMITH"},{"data":"Leg Sweep","floor":30,"key":"SMITH"},{"floor":32,"key":"REST"},{"data":"Enlightenment","floor":40,"key":"SMITH"},{"data":"Burst","floor":45,"key":"SMITH"},{"floor":49,"key":"REST"}],"neow_cost":"PERCENT_DAMAGE","seed_source_timestamp":2225682986950731,"circlet_count":0,"master_deck":["Defend_G","Defend_G","Defend_G","Defend_G","Defend_G","Strike_G","Strike_G+1","Survivor+1","Neutralize+1","PiercingWail","Bandage Up","Infinite Blades","Dagger Spray","Backstab+1","Dagger Throw","Leg Sweep+1","Flying Knee","Crippling Poison+1","Malaise+1","Dagger Throw+1","Deadly Poison","Noxious Fumes+1","After Image","Skewer+1","Leg Sweep","RitualDagger","Burst+1","Backflip","Poisoned Stab+1","Footwork","Magnetism","Enlightenment+1","Footwork","Flechettes+1","Noxious Fumes"],"relics":["Ring of the Snake","Old Coin","Potion Belt","Tiny Chest","Sozu","Darkstone Periapt","Bag of Marbles","Snake Skull","Runic Pyramid","The Specimen","Ice Cream","Bottled Flame","Bag of Preparation"],"potions_floor_usage":[16,33],"damage_taken":[{"damage":5,"enemies":"Small Slimes","floor":1,"turns":4},{"damage":0,"enemies":"2 Louse","floor":5,"turns":3},{"damage":0,"enemies":"Cultist","floor":7,"turns":5},{"damage":10,"enemies":"Exordium Thugs","floor":8,"turns":7},{"damage":15,"enemies":"3 Sentries","floor":13,"turns":7},{"damage":0,"enemies":"Red Slaver","floor":14,"turns":4},{"damage":15,"enemies":"The Guardian","floor":16,"turns":19},{"damage":1,"enemies":"Chosen","floor":18,"turns":7},{"damage":0,"enemies":"3 Byrds","floor":19,"turns":4},{"damage":10,"enemies":"Snake Plant","floor":21,"turns":5},{"damage":24,"enemies":"Gremlin Leader","floor":23,"turns":7},{"damage":0,"enemies":"Centurion and Healer","floor":24,"turns":7},{"damage":12,"enemies":"Cultist and Chosen","floor":27,"turns":7},{"damage":15,"enemies":"Snake Plant","floor":29,"turns":3},{"damage":39,"enemies":"Champ","floor":33,"turns":15},{"damage":36,"enemies":"3 Darklings","floor":35,"turns":8},{"damage":5,"enemies":"Orb Walker","floor":36,"turns":4},{"damage":0,"enemies":"Maw","floor":37,"turns":9},{"damage":0,"enemies":"Mind Bloom Boss Battle","floor":42,"turns":7},{"damage":1,"enemies":"3 Darklings","floor":48,"turns":9},{"damage":3,"enemies":"Time Eater","floor":50,"turns":16}],"seed_played":"8792354228826269610","potions_obtained":[{"floor":5,"key":"EssenceOfSteel"},{"floor":7,"key":"Energy Potion"}],"is_trial":false,"path_per_floor":["M","$","?","?","M","R","M","M","T","R","$","?","E","M","R","B",null,"M","M","T","M","$","E","M","R","T","M","R","M","R","?","R","B",null,"M","M","M","?","?","R","$","?","T","$","R","T","?","M","R","B",null],"character_chosen":"THE_SILENT","items_purchased":["Bandage Up","Infinite Blades","Dagger Throw","Leg Sweep","Noxious Fumes","The Specimen","Footwork","Noxious Fumes"],"campfire_rested":2,"item_purchase_floors":[2,2,11,11,22,41,41,44],"current_hp_per_floor":[44,44,30,30,34,34,38,32,32,32,32,32,21,25,25,14,70,69,70,70,64,64,44,48,48,48,40,40,29,29,23,44,9,70,42,45,53,43,43,43,43,47,47,47,47,47,47,54,70,70],"gold":142,"neow_bonus":"ONE_RARE_RELIC","is_prod":false,"is_daily":false,"chose_seed":false,"campfire_upgraded":8,"win_rate":0,"timestamp":1549322457,"path_taken":["M","$","?","?","M","R","?","M","T","R","$","?","E","M","R","BOSS","M","M","?","M","$","E","M","R","T","?","R","M","R","?","R","BOSS","M","M","M","?","?","R","$","?","T","$","R","?","?","M","R","BOSS"],"build_version":"2019-01-23","purchased_purges":3,"victory":true,"max_hp_per_floor":[70,70,70,70,70,70,70,70,70,70,70,70,70,70,70,70,70,70,70,70,70,70,70,70,70,70,70,70,70,70,70,70,70,70,70,70,70,70,70,70,70,70,70,70,70,70,70,70,70,70],"card_choices":[{"not_picked":["Deadly Poison","Slice"],"picked":"PiercingWail","floor":1},{"not_picked":["Acrobatics","Concentrate"],"picked":"Dagger Spray","floor":5},{"not_picked":["Terror","Concentrate","Underhanded Strike"],"picked":"SKIP","floor":7},{"not_picked":["Backflip","Cloak And Dagger"],"picked":"Backstab","floor":8},{"not_picked":["Dodge and Roll","Backflip"],"picked":"Flying Knee","floor":13},{"not_picked":["Escape Plan","Catalyst"],"picked":"Crippling Poison","floor":14},{"not_picked":["Glass Knife","Adrenaline"],"picked":"Malaise","floor":16},{"not_picked":["PiercingWail","Backstab"],"picked":"Dagger Throw+1","floor":18},{"not_picked":["Blade Dance","Bane"],"picked":"Deadly Poison","floor":19},{"not_picked":["Dodge and Roll","PiercingWail","Flechettes"],"picked":"SKIP","floor":21},{"not_picked":["Cloak And Dagger","Reflex"],"picked":"After Image","floor":23},{"not_picked":["Prepared","Cloak And Dagger"],"picked":"Skewer+1","floor":24},{"not_picked":["Slice","Backflip","Sucker Punch"],"picked":"SKIP","floor":27},{"not_picked":["Bane","Distraction"],"picked":"Leg Sweep","floor":29},{"not_picked":["Grand Finale","Venomology"],"picked":"Burst","floor":33},{"not_picked":["Dagger Spray+1","Acrobatics"],"picked":"Backflip","floor":35},{"not_picked":["Calculated Gamble","Bouncing Flask"],"picked":"Poisoned Stab+1","floor":36},{"not_picked":["Poisoned Stab+1","Backflip"],"picked":"Footwork","floor":37},{"not_picked":["Deep Breath","Forethought"],"picked":"Magnetism","floor":38},{"not_picked":["Flash of Steel","Blind"],"picked":"Enlightenment","floor":38},{"not_picked":["Bane+1","Deflect"],"picked":"Flechettes+1","floor":42},{"not_picked":["Skewer","Masterful Stab","Escape Plan"],"picked":"SKIP","floor":48}],"player_experience":404707,"relics_obtained":[{"floor":9,"key":"Potion Belt"},{"floor":13,"key":"Tiny Chest"},{"floor":20,"key":"Darkstone Periapt"},{"floor":23,"key":"Bag of Marbles"},{"floor":26,"key":"Snake Skull"},{"floor":42,"key":"Ice Cream"},{"floor":43,"key":"Bottled Flame"},{"floor":46,"key":"Bag of Preparation"}],"event_choices":[{"damage_healed":0,"gold_gain":0,"player_choice":"Entered Light","damage_taken":14,"max_hp_gain":0,"max_hp_loss":0,"event_name":"Shining Light","floor":3,"gold_loss":0,"cards_upgraded":["Strike_G","Survivor"]},{"damage_healed":0,"gold_gain":0,"player_choice":"Bought 0 Potions","damage_taken":0,"max_hp_gain":0,"max_hp_loss":0,"event_name":"The Woman in Blue","floor":4,"gold_loss":0},{"damage_healed":0,"gold_gain":0,"player_choice":"1 cards matched","damage_taken":0,"max_hp_gain":0,"max_hp_loss":0,"event_name":"Match and Keep!","floor":12,"gold_loss":0,"cards_obtained":["Neutralize"]},{"damage_healed":0,"gold_gain":0,"player_choice":"Joined the Cult","damage_taken":6,"max_hp_gain":0,"max_hp_loss":0,"event_name":"Nest","floor":31,"gold_loss":0,"cards_obtained":["RitualDagger"]},{"damage_healed":0,"gold_gain":0,"player_choice":"Memory 3","damage_taken":10,"max_hp_gain":0,"max_hp_loss":0,"event_name":"SensoryStone","floor":38,"gold_loss":0},{"damage_healed":0,"gold_gain":0,"player_choice":"Ignored","damage_taken":0,"max_hp_gain":0,"max_hp_loss":0,"event_name":"Tomb of Lord Red Mask","floor":39,"gold_loss":0},{"damage_healed":0,"gold_gain":0,"player_choice":"Fight","damage_taken":0,"max_hp_gain":0,"max_hp_loss":0,"event_name":"MindBloom","floor":42,"gold_loss":0},{"cards_removed":["Neutralize"],"damage_healed":0,"gold_gain":0,"player_choice":"Removed Attack","damage_taken":0,"max_hp_gain":0,"max_hp_loss":0,"event_name":"Falling","floor":47,"gold_loss":0}],"is_beta":false,"boss_relics":[{"not_picked":["Eternal Feather","Coffee Dripper"],"picked":"Sozu"},{"not_picked":["HoveringKite","WristBlade"],"picked":"Runic Pyramid"}],"items_purged_floors":[2,22,44],"is_endless":false,"potions_floor_spawned":[5,7,19,23,24,33,36,37,48],"ascension_level":0}