{"gold_per_floor":[117,128,128,128,152,152,170,191,191,266,266,286,251,294,294,423,423,448,109,133,133,148,148,171,271,340,340],"floor_reached":27,"playtime":982,"items_purged":["Strike_R"],"score":369,"play_id":"51602be1-3c6a-42ab-8d71-72a6ab5cc1fd","local_time":"20190419151344","is_ascension_mode":true,"campfire_choices":[{"data":"Bash","floor":6,"key":"SMITH"},{"data":"Metallicize","floor":11,"key":"SMITH"},{"data":"Corruption","floor":15,"key":"SMITH"},{"data":"Dark Embrace","floor":23,"key":"SMITH"}],"neow_cost":"NONE","seed_source_timestamp":532287390842314,"circlet_count":0,"master_deck":["AscendersBane","Defend_R","Defend_R","Defend_R","Defend_R","Bash+1","Cleave","Fire Breathing+1","Rampage","Metallicize+1","Shrug It Off","Corruption+1","Dark Embrace+1","Reaper","Clash","Shrug It Off","Clash","Bite","Bite","Bite","Bite","Bite"],"relics":["Burning Blood","NeowsBlessing","Golden Idol","Anchor","Strawberry","Snecko Eye","Letter Opener","Bottled Flame"],"potions_floor_usage":[16,27],"damage_taken":[{"damage":0,"enemies":"Jaw Worm","floor":1,"turns":1},{"damage":0,"enemies":"2 Louse","floor":2,"turns":1},{"damage":0,"enemies":"Small Slimes","floor":5,"turns":1},{"damage":7,"enemies":"2 Fungi Beasts","floor":7,"turns":3},{"damage":17,"enemies":"Looter","floor":8,"turns":3},{"damage":10,"enemies":"Red Slaver","floor":12,"turns":5},{"damage":19,"enemies":"3 Sentries","floor":14,"turns":7},{"damage":36,"enemies":"Slime Boss","floor":16,"turns":11},{"damage":23,"enemies":"Shell Parasite","floor":18,"turns":7},{"damage":0,"enemies":"3 Byrds","floor":20,"turns":5},{"damage":16,"enemies":"Centurion and Healer","floor":22,"turns":5},{"damage":49,"enemies":"Snake Plant","floor":24,"turns":6},{"damage":46,"enemies":"Book of Stabbing","floor":27,"turns":5}],"seed_played":"-3430546616191306768","potions_obtained":[{"floor":5,"key":"EssenceOfSteel"},{"floor":7,"key":"Weak Potion"},{"floor":12,"key":"SkillPotion"},{"floor":18,"key":"LiquidBronze"}],"is_trial":false,"path_per_floor":["M","M","?","?","M","R","M","M","T","?","R","M","?","E","R","B",null,"M","$","M","?","M","R","M","?","T","E"],"character_chosen":"IRONCLAD","items_purchased":["Shrug It Off","Letter Opener"],"campfire_rested":0,"item_purchase_floors":[19,19],"current_hp_per_floor":[78,80,64,44,50,50,49,38,38,27,27,23,43,37,37,7,67,56,56,67,60,60,60,32,32,32,0],"gold":340,"neow_bonus":"THREE_ENEMY_KILL","is_prod":false,"is_daily":false,"chose_seed":false,"campfire_upgraded":4,"win_rate":0,"timestamp":1555712024,"path_taken":["M","M","?","?","M","R","M","M","T","?","R","M","?","E","R","BOSS","M","$","M","?","M","R","M","?","T","E"],"build_version":"2019-01-23","purchased_purges":1,"victory":false,"max_hp_per_floor":[80,80,80,80,80,80,80,80,80,80,80,80,80,87,87,87,87,87,87,87,60,60,60,60,60,60,60],"card_choices":[{"not_picked":["Power Through","Shockwave"],"picked":"Cleave","floor":1},{"not_picked":["Ghostly Armor","Body Slam"],"picked":"Fire Breathing","floor":2},{"not_picked":["Sword Boomerang","Iron Wave"],"picked":"Rampage","floor":5},{"not_picked":["Cleave","Armaments"],"picked":"Metallicize","floor":7},{"not_picked":["Iron Wave","Bloodletting"],"picked":"Shrug It Off","floor":8},{"not_picked":["Flex","Hemokinesis"],"picked":"Corruption","floor":12},{"not_picked":["Iron Wave","Ghostly Armor"],"picked":"Dark Embrace","floor":14},{"not_picked":["Demon Form","Bludgeon"],"picked":"Reaper","floor":16},{"not_picked":["Body Slam+1","Combust"],"picked":"Clash","floor":18},{"not_picked":["Twin Strike","Bloodletting+1"],"picked":"Clash","floor":20},{"not_picked":["Wild Strike","Pommel Strike","Cleave"],"picked":"SKIP","floor":22},{"not_picked":["Anger","Perfected Strike","Headbutt"],"picked":"SKIP","floor":24}],"player_experience":272862,"relics_obtained":[{"floor":9,"key":"Anchor"},{"floor":14,"key":"Strawberry"},{"floor":26,"key":"Bottled Flame"}],"event_choices":[{"damage_healed":0,"gold_gain":0,"player_choice":"Entered Light","damage_taken":16,"max_hp_gain":0,"max_hp_loss":0,"event_name":"Shining Light","floor":3,"gold_loss":0,"cards_upgraded":["Fire Breathing","Strike_R"]},{"damage_healed":0,"gold_gain":0,"player_choice":"Take Damage","damage_taken":20,"relics_obtained":["Golden Idol"],"max_hp_gain":0,"max_hp_loss":0,"event_name":"Golden Idol","floor":4,"gold_loss":0},{"damage_healed":0,"gold_gain":75,"player_choice":"Gather Gold","damage_taken":11,"max_hp_gain":0,"max_hp_loss":0,"event_name":"World of Goop","floor":10,"gold_loss":0},{"damage_healed":20,"gold_gain":0,"player_choice":"Healed","damage_taken":0,"max_hp_gain":0,"max_hp_loss":0,"event_name":"The Cleric","floor":13,"gold_loss":35},{"damage_healed":0,"gold_gain":0,"player_choice":"Became a vampire","damage_taken":0,"max_hp_gain":0,"max_hp_loss":27,"event_name":"Vampires","floor":21,"gold_loss":0,"cards_obtained":["Bite","Bite","Bite","Bite","Bite"]},{"damage_healed":0,"gold_gain":100,"player_choice":"Pray","damage_taken":0,"max_hp_gain":0,"max_hp_loss":0,"event_name":"Golden Shrine","floor":25,"gold_loss":0}],"is_beta":false,"boss_relics":[{"not_picked":["Astrolabe","Coffee Dripper"],"picked":"Snecko Eye"}],"items_purged_floors":[19],"is_endless":false,"potions_floor_spawned":[5,7,12,18],"killed_by":"Book of Stabbing","ascension_level":12}