{"gold_per_floor":[118,133,153,169,169,204,204,238,265,299,319,334,334,350,350,455,455,465,533,551,569,588,622,622,633,633,643,301,321,122,134,134,236,236,255,272,272,0,0,25,38,38],"floor_reached":42,"playtime":2792,"items_purged":["Strike_R"],"score":726,"play_id":"7966497f-0a28-4245-86e7-16f4e9c18fa0","local_time":"20190428222821","is_ascension_mode":true,"campfire_choices":[{"data":"Metallicize","floor":7,"key":"SMITH"},{"data":"Dual Wield","floor":13,"key":"SMITH"},{"floor":15,"key":"REST"},{"data":"Whirlwind","floor":24,"key":"SMITH"},{"data":"Mayhem","floor":32,"key":"SMITH"}],"neow_cost":"NONE","seed_source_timestamp":1639589308120100,"circlet_count":0,"master_deck":["Strike_R+1","Strike_R","Strike_R+1","Strike_R","Defend_R","Defend_R","Defend_R","Defend_R","Bash","Immolate","Metallicize+1","Intimidate","Armaments+1","Offering","Disarm","Whirlwind+1","Dual Wield+1","Reaper","Dual Wield","Metallicize","Limit Break","Inflame","Mayhem","Flame Barrier+1","Mayhem+1","Secret Technique"],"relics":["Burning Blood","Ice Cream","Orichalcum","Anchor","Whetstone","Coffee Dripper","Pear","Thread and Needle","Paper Frog","DollysMirror","Cursed Key","Red Mask","Boot"],"potions_floor_usage":[4,10,10,14,16,21,23,33,36],"damage_taken":[{"damage":1,"enemies":"Cultist","floor":1,"turns":3},{"damage":12,"enemies":"Small Slimes","floor":2,"turns":3},{"damage":0,"enemies":"2 Louse","floor":3,"turns":1},{"damage":0,"enemies":"Lots of Slimes","floor":4,"turns":1},{"damage":52,"enemies":"Gremlin Nob","floor":6,"turns":6},{"damage":32,"enemies":"3 Sentries","floor":8,"turns":5},{"damage":6,"enemies":"Gremlin Nob","floor":10,"turns":2},{"damage":2,"enemies":"2 Fungi Beasts","floor":11,"turns":3},{"damage":1,"enemies":"Exordium Thugs","floor":12,"turns":4},{"damage":0,"enemies":"3 Louse","floor":14,"turns":2},{"damage":50,"enemies":"The Guardian","floor":16,"turns":15},{"damage":6,"enemies":"3 Byrds","floor":18,"turns":6},{"damage":10,"enemies":"Chosen","floor":20,"turns":7},{"damage":30,"enemies":"Snecko","floor":21,"turns":8},{"damage":13,"enemies":"Cultist and Chosen","floor":22,"turns":7},{"damage":26,"enemies":"Slavers","floor":23,"turns":5},{"damage":6,"enemies":"Centurion and Healer","floor":25,"turns":6},{"damage":7,"enemies":"Snake Plant","floor":27,"turns":4},{"damage":35,"enemies":"Shelled Parasite and Fungi","floor":29,"turns":7},{"damage":10,"enemies":"Centurion and Healer","floor":31,"turns":6},{"damage":39,"enemies":"Automaton","floor":33,"turns":8},{"damage":37,"enemies":"3 Shapes","floor":35,"turns":4},{"damage":8,"enemies":"3 Darklings","floor":36,"turns":5},{"damage":7,"enemies":"Reptomancer","floor":40,"turns":5},{"damage":1,"enemies":"Sphere and 2 Shapes","floor":41,"turns":3},{"damage":124,"enemies":"Giant Head","floor":42,"turns":9}],"seed_played":"3836203855335587737","potions_obtained":[{"floor":2,"key":"AttackPotion"},{"floor":3,"key":"Explosive Potion"},{"floor":6,"key":"SneckoOil"},{"floor":8,"key":"Fire Potion"},{"floor":10,"key":"BloodPotion"},{"floor":18,"key":"Weak Potion"},{"floor":22,"key":"SteroidPotion"},{"floor":29,"key":"SkillPotion"},{"floor":35,"key":"PowerPotion"}],"is_trial":false,"path_per_floor":["M","M","M","M","?","E","R","E","T","E","M","M","R","M","R","B",null,"M","T","M","M","M","E","R","M","T","M","$","M","$","M","R","B",null,"M","M","?","?","$","E","M","E"],"character_chosen":"IRONCLAD","items_purchased":["Inflame","Mayhem","DollysMirror"],"campfire_rested":1,"item_purchase_floors":[28,28,30],"current_hp_per_floor":[77,71,77,80,80,34,34,8,8,8,12,17,17,23,47,11,63,75,85,85,65,66,73,73,73,73,72,72,43,43,51,51,46,79,59,69,59,59,59,85,90,0],"gold":38,"neow_bonus":"ONE_RANDOM_RARE_CARD","is_prod":false,"is_daily":false,"chose_seed":false,"campfire_upgraded":4,"win_rate":0,"timestamp":1556483301,"path_taken":["M","M","M","M","?","E","R","E","T","E","M","M","R","M","R","BOSS","M","?","M","M","M","E","R","M","T","M","$","M","$","M","R","BOSS","M","M","?","?","$","E","M","E"],"build_version":"2019-01-23","purchased_purges":1,"victory":false,"max_hp_per_floor":[80,80,80,80,80,80,80,80,80,80,80,80,80,80,80,80,80,80,90,90,90,90,90,90,90,90,90,90,90,90,90,90,90,90,90,90,90,90,90,90,90,90],"card_choices":[{"not_picked":["Warcry","Body Slam"],"picked":"Metallicize","floor":1},{"not_picked":["Blood for Blood","Iron Wave","Feel No Pain"],"picked":"SKIP","floor":2},{"not_picked":["Hemokinesis","Rupture"],"picked":"Intimidate","floor":3},{"not_picked":["Iron Wave","Headbutt"],"picked":"Armaments","floor":4},{"not_picked":["Thunderclap","Wild Strike"],"picked":"Offering","floor":6},{"not_picked":["Perfected Strike","Entrench","Armaments"],"picked":"SKIP","floor":8},{"not_picked":["True Grit","Rampage"],"picked":"Disarm","floor":10},{"not_picked":["Pommel Strike","Spot Weakness"],"picked":"Whirlwind","floor":11},{"not_picked":["Havoc","Uppercut"],"picked":"Dual Wield","floor":12},{"not_picked":["Iron Wave","Body Slam","Combust"],"picked":"SKIP","floor":14},{"not_picked":["Berserk","Brutality"],"picked":"Reaper","floor":16},{"not_picked":["Thunderclap+1","Corruption"],"picked":"Dual Wield","floor":18},{"not_picked":["Cleave","Warcry","Dropkick"],"picked":"SKIP","floor":20},{"not_picked":["Sword Boomerang","Body Slam","Warcry"],"picked":"SKIP","floor":21},{"not_picked":["Sword Boomerang","Body Slam","Warcry"],"picked":"SKIP","floor":21},{"not_picked":["Sword Boomerang","Body Slam","Warcry"],"picked":"SKIP","floor":21},{"not_picked":["Uppercut+1","Intimidate","Flex"],"picked":"SKIP","floor":22},{"not_picked":["Rage","Armaments"],"picked":"Metallicize","floor":23},{"not_picked":["Thunderclap","Flex"],"picked":"Limit Break","floor":25},{"not_picked":["Searing Blow","Wild Strike+1","Heavy Blade+1"],"picked":"SKIP","floor":27},{"not_picked":["Perfected Strike+1","Whirlwind+1"],"picked":"Flame Barrier+1","floor":29},{"not_picked":["Dropkick","Warcry","Carnage+1"],"picked":"SKIP","floor":31},{"not_picked":["Twin Strike","Shrug It Off","Feel No Pain"],"picked":"SKIP","floor":35},{"not_picked":["Infernal Blade+1","Clothesline+1","Iron Wave"],"picked":"SKIP","floor":36},{"not_picked":["Enlightenment","Metamorphosis"],"picked":"Secret Technique","floor":37},{"not_picked":["Second Wind+1","Sentinel+1","Twin Strike+1"],"picked":"SKIP","floor":40},{"not_picked":["Wild Strike","Feel No Pain+1","Perfected Strike"],"picked":"SKIP","floor":41}],"player_experience":842320,"relics_obtained":[{"floor":6,"key":"Ice Cream"},{"floor":8,"key":"Orichalcum"},{"floor":9,"key":"Anchor"},{"floor":10,"key":"Whetstone"},{"floor":19,"key":"Pear"},{"floor":23,"key":"Thread and Needle"},{"floor":26,"key":"Paper Frog"},{"floor":40,"key":"Boot"}],"event_choices":[{"damage_healed":0,"gold_gain":0,"player_choice":"Upgraded","damage_taken":0,"max_hp_gain":0,"max_hp_loss":0,"event_name":"Upgrade Shrine","floor":5,"gold_loss":0,"cards_upgraded":["Armaments"]},{"damage_healed":0,"gold_gain":0,"player_choice":"Memory 3","damage_taken":10,"max_hp_gain":0,"max_hp_loss":0,"event_name":"SensoryStone","floor":37,"gold_loss":0},{"damage_healed":0,"gold_gain":0,"player_choice":"Paid","damage_taken":0,"relics_obtained":["Red Mask"],"max_hp_gain":0,"max_hp_loss":0,"event_name":"Tomb of Lord Red Mask","floor":38,"gold_loss":272}],"is_beta":false,"boss_relics":[{"not_picked":["Busted Crown","Velvet Choker"],"picked":"Coffee Dripper"},{"not_picked":["Eternal Feather","Runic Cube"],"picked":"Cursed Key"}],"items_purged_floors":[28],"is_endless":false,"potions_floor_spawned":[2,3,6,8,10,18,22,29,35],"killed_by":"Giant Head","ascension_level":9}