{"gold_per_floor":[119,131,56,56,231,231,247,267,290,290,300,149,149,168,168,268,268,279,291,307,407,282,282,282,301,301,73,83,83,98,132,132,132],"floor_reached":33,"playtime":917,"items_purged":["Defend_R","Doubt","Strike_R","Strike_R"],"score":259,"play_id":"c21aa165-140e-4f71-b18d-9656ac3f2286","local_time":"20180909152511","is_ascension_mode":false,"campfire_choices":[{"data":"Searing Blow","floor":6,"key":"SMITH"},{"data":"Searing Blow+1","floor":10,"key":"SMITH"},{"data":"Searing Blow+2","floor":15,"key":"SMITH"},{"floor":24,"key":"REST"},{"data":"Searing Blow+3","floor":29,"key":"SMITH"},{"data":"Searing Blow+4","floor":32,"key":"SMITH"}],"neow_cost":"NONE","seed_source_timestamp":586386012606044,"circlet_count":0,"master_deck":["Strike_R","Strike_R","Defend_R","Defend_R","Defend_R","Bash","Demon Form","Searing Blow+5","Whirlwind","Shrug It Off","Impervious","Limit Break"],"relics":["Burning Blood","Juzu Bracelet","Centennial Puzzle","Velvet Choker","Ice Cream","Meat on the Bone","Pen Nib","Paper Frog","Bottled Lightning"],"potions_floor_usage":[21,30,30,30],"damage_taken":[{"damage":2,"enemies":"2 Louse","floor":1,"turns":5},{"damage":5,"enemies":"Cultist","floor":2,"turns":4},{"damage":0,"enemies":"Small Slimes","floor":7,"turns":3},{"damage":16,"enemies":"3 Louse","floor":8,"turns":4},{"damage":11,"enemies":"Red Slaver","floor":11,"turns":4},{"damage":23,"enemies":"Exordium Wildlife","floor":14,"turns":4},{"damage":25,"enemies":"Slime Boss","floor":16,"turns":7},{"damage":2,"enemies":"Chosen","floor":18,"turns":3},{"damage":6,"enemies":"Shell Parasite","floor":19,"turns":4},{"damage":19,"enemies":"Shelled Parasite and Fungi","floor":20,"turns":7},{"damage":24,"enemies":"Colosseum Slavers","floor":21,"turns":3},{"damage":42,"enemies":"Colosseum Nobs","floor":21,"turns":5},{"damage":6,"enemies":"Centurion and Healer","floor":25,"turns":5},{"damage":18,"enemies":"Snake Plant","floor":28,"turns":5},{"damage":6,"enemies":"Chosen and Byrds","floor":30,"turns":5},{"damage":48,"enemies":"Book of Stabbing","floor":31,"turns":6},{"damage":44,"enemies":"Collector","floor":33,"turns":3}],"seed_played":"-390342093701107796","potions_obtained":[{"floor":1,"key":"SpeedPotion"},{"floor":7,"key":"SneckoOil"},{"floor":16,"key":"AttackPotion"},{"floor":21,"key":"AttackPotion"},{"floor":25,"key":"Strength Potion"},{"floor":28,"key":"Regen Potion"},{"floor":31,"key":"FearPotion"}],"is_trial":false,"path_per_floor":["M","M","$","?","?","R","M","M","T","R","M","$","?","M","R","B",null,"M","M","M","?","$","?","R","M","T","$","M","R","M","E","R"],"character_chosen":"IRONCLAD","items_purchased":["Shrug It Off","Limit Break"],"campfire_rested":1,"item_purchase_floors":[12,27],"current_hp_per_floor":[80,80,80,80,80,80,80,70,70,70,65,65,65,48,48,29,80,80,80,67,13,13,13,37,49,49,49,49,49,63,33,33,0],"gold":132,"neow_bonus":"ONE_RANDOM_RARE_CARD","is_prod":false,"is_daily":false,"chose_seed":false,"campfire_upgraded":5,"win_rate":0,"timestamp":1536531911,"path_taken":["M","M","$","?","?","R","M","M","T","R","M","$","?","M","R","BOSS","M","M","M","?","$","?","R","M","T","$","M","R","M","E","R","BOSS"],"build_version":"2018-09-06","purchased_purges":4,"victory":false,"max_hp_per_floor":[80,80,80,80,80,80,80,80,80,80,80,80,80,80,80,80,80,80,80,80,80,80,80,80,80,80,80,80,80,80,80,80,80],"card_choices":[{"not_picked":["Anger","Rampage"],"picked":"Searing Blow","floor":1},{"not_picked":["Heavy Blade","Power Through","Uppercut"],"picked":"SKIP","floor":2},{"not_picked":["Infernal Blade","Searing Blow","Havoc"],"picked":"SKIP","floor":7},{"not_picked":["Fire Breathing","Pommel Strike"],"picked":"Whirlwind","floor":8},{"not_picked":["Searing Blow","Flex","Iron Wave"],"picked":"SKIP","floor":11},{"not_picked":["Metallicize","Flex","Power Through"],"picked":"SKIP","floor":14},{"not_picked":["Limit Break","Berserk"],"picked":"Impervious","floor":16},{"not_picked":["Pommel Strike+1","Bloodletting","Havoc"],"picked":"SKIP","floor":18},{"not_picked":["Combust+1","Rampage","Sever Soul+1"],"picked":"SKIP","floor":19},{"not_picked":["Body Slam","Dark Embrace","Pommel Strike+1"],"picked":"SKIP","floor":20},{"not_picked":["Carnage","Intimidate","True Grit"],"picked":"SKIP","floor":25},{"not_picked":["Perfected Strike+1","Spot Weakness","True Grit"],"picked":"SKIP","floor":28},{"not_picked":["Flex","Body Slam","True Grit"],"picked":"SKIP","floor":30},{"not_picked":["Infernal Blade","Wild Strike","Uppercut"],"picked":"SKIP","floor":31}],"player_experience":198030,"relics_obtained":[{"floor":9,"key":"Centennial Puzzle"},{"floor":21,"key":"Ice Cream"},{"floor":21,"key":"Meat on the Bone"},{"floor":26,"key":"Paper Frog"},{"floor":31,"key":"Bottled Lightning"}],"event_choices":[{"event_name":"WeMeetAgain","player_choice":"Potion","floor":4,"damage_taken":0},{"event_name":"Liars Game","player_choice":"agreed","floor":5,"damage_taken":0},{"event_name":"Living Wall","player_choice":"Forget","floor":13,"damage_taken":0},{"event_name":"Colosseum","player_choice":"Fight","floor":21,"damage_taken":0},{"event_name":"Colosseum","player_choice":"Fought Nobs","floor":21,"damage_taken":0},{"event_name":"The Mausoleum","player_choice":"Yes","floor":23,"damage_taken":0}],"is_beta":false,"boss_relics":[{"not_picked":["Pandora\u0027s Box","White Beast Statue"],"picked":"Velvet Choker"}],"items_purged_floors":[3,12,22,27],"is_endless":false,"potions_floor_spawned":[1,7,16,21,25,28,31],"killed_by":"Collector","ascension_level":0}