{"gold_per_floor":[365,292,308,320,320,348,368,385,409,409],"floor_reached":10,"playtime":503,"items_purged":[],"score":119,"play_id":"66875e29-9eed-4d90-a96f-f44cabc1a75f","local_time":"20190506113548","is_ascension_mode":true,"campfire_choices":[],"neow_cost":"PERCENT_DAMAGE","seed_source_timestamp":40314318129145,"circlet_count":0,"master_deck":["AscendersBane","Strike_R","Strike_R","Strike_R","Strike_R","Strike_R","Defend_R","Defend_R","Defend_R","Defend_R","Bash","Corruption","Carnage","Inflame","Perfected Strike","Feel No Pain","Headbutt","Shockwave"],"special_seed":0,"relics":["Burning Blood","Smiling Mask"],"potions_floor_usage":[10,10],"damage_taken":[{"damage":9.0,"enemies":"Jaw Worm","floor":1.0,"turns":4.0},{"damage":1.0,"enemies":"Cultist","floor":3.0,"turns":3.0},{"damage":5.0,"enemies":"Small Slimes","floor":4.0,"turns":3.0},{"damage":24.0,"enemies":"Gremlin Nob","floor":6.0,"turns":4.0},{"damage":12.0,"enemies":"Looter","floor":7.0,"turns":3.0},{"damage":12.0,"enemies":"3 Louse","floor":8.0,"turns":4.0},{"damage":23,"enemies":"Lagavulin","floor":10,"turns":5}],"seed_played":"8813866140625605312","potions_obtained":[{"floor":1.0,"key":"Weak Potion"},{"floor":3.0,"key":"EssenceOfSteel"},{"floor":8.0,"key":"SkillPotion"}],"is_trial":false,"path_per_floor":["M","$","M","M","?","E","M","M","T","E"],"character_chosen":"IRONCLAD","items_purchased":["Carnage"],"campfire_rested":0,"item_purchase_floors":[2],"current_hp_per_floor":[47,47,52,53,53,35,29,23,23,0],"gold":409,"neow_bonus":"TWO_FIFTY_GOLD","is_prod":false,"is_daily":false,"chose_seed":false,"campfire_upgraded":0,"win_rate":0,"timestamp":1557110148,"path_taken":["M","$","M","M","?","E","?","M","T","E"],"build_version":"2019-01-23","purchased_purges":0,"victory":false,"max_hp_per_floor":[75,75,75,75,75,75,75,75,75,75],"card_choices":[{"not_picked":["Anger","Second Wind"],"picked":"Corruption","floor":1.0},{"not_picked":["Rampage","Sword Boomerang"],"picked":"Inflame","floor":3.0},{"not_picked":["Clothesline","Sentinel"],"picked":"Perfected Strike","floor":4.0},{"not_picked":["Warcry","Barricade"],"picked":"Feel No Pain","floor":6.0},{"not_picked":["Flex","Second Wind"],"picked":"Headbutt","floor":7.0},{"not_picked":["Dropkick","Fire Breathing"],"picked":"Shockwave","floor":8.0}],"player_experience":530256,"relics_obtained":[{"floor":6.0,"key":"Smiling Mask"}],"event_choices":[{"damage_healed":0.0,"max_hp_gain":0.0,"max_hp_loss":0.0,"gold_gain":0.0,"event_name":"The Woman in Blue","player_choice":"Bought 0 Potions","floor":5.0,"gold_loss":0.0,"damage_taken":0.0}],"is_beta":false,"boss_relics":[],"items_purged_floors":[],"is_endless":false,"potions_floor_spawned":[1,3,4,8],"killed_by":"Lagavulin","ascension_level":14}