{"gold_per_floor":[213,227,247,100,100,100,129,129,154,164,164,164,14,46,46,118,168,178,194,213,266,283,283,283,308,608,623,623,634,649,649],"floor_reached":31,"playtime":1663,"items_purged":[],"score":454,"play_id":"2cfd8775-4efa-47bd-867c-2dfa469ad275","local_time":"20190427110345","is_ascension_mode":true,"campfire_choices":[{"data":"Bash","floor":6,"key":"SMITH"},{"data":"Anger","floor":8,"key":"SMITH"},{"data":"Disarm","floor":15,"key":"SMITH"},{"floor":23,"key":"REST"},{"floor":28,"key":"REST"}],"neow_cost":"NONE","seed_source_timestamp":1207808343204210,"circlet_count":0,"master_deck":["AscendersBane","Strike_R","Strike_R","Defend_R","Defend_R","Defend_R+1","Defend_R","Bash+1","Cleave","Reaper","Anger+1","Combust","Sword Boomerang","Disarm+1","Barricade","Body Slam","Flame Barrier","Metallicize","Inflame+1","Demon Form","Havoc","Armaments+1","Shrug It Off"],"relics":["Burning Blood","Vajra","Blood Vial","Pen Nib","Tiny Chest","Incense Burner","Tiny House","Oddly Smooth Stone","Dream Catcher","Old Coin"],"potions_floor_usage":[7,22,22,25,31],"damage_taken":[{"damage":6,"enemies":"Cultist","floor":1,"turns":4},{"damage":0,"enemies":"2 Louse","floor":2,"turns":2},{"damage":11,"enemies":"Jaw Worm","floor":3,"turns":4},{"damage":10,"enemies":"Lagavulin","floor":7,"turns":7},{"damage":18,"enemies":"Exordium Wildlife","floor":10,"turns":4},{"damage":10,"enemies":"Gremlin Nob","floor":14,"turns":3},{"damage":27,"enemies":"Hexaghost","floor":16,"turns":9},{"damage":16,"enemies":"Spheric Guardian","floor":18,"turns":4},{"damage":27,"enemies":"Shell Parasite","floor":19,"turns":7},{"damage":37,"enemies":"Snake Plant","floor":20,"turns":5},{"damage":54,"enemies":"Shelled Parasite and Fungi","floor":22,"turns":6},{"damage":40,"enemies":"Gremlin Leader","floor":25,"turns":8},{"damage":27,"enemies":"Cultist and Chosen","floor":27,"turns":8},{"damage":23,"enemies":"Snecko","floor":29,"turns":10},{"damage":8,"enemies":"Centurion and Healer","floor":30,"turns":9},{"damage":81,"enemies":"Slavers","floor":31,"turns":5}],"seed_played":"-2013541621237574543","potions_obtained":[{"floor":1,"key":"PowerPotion"},{"floor":10,"key":"Strength Potion"},{"floor":14,"key":"BloodPotion"},{"floor":22,"key":"BloodPotion"},{"floor":29,"key":"SkillPotion"}],"is_trial":false,"path_per_floor":["M","M","M","$","?","R","E","R","T","M","?","?","$","E","R","B",null,"M","M","M","T","M","R","?","E","T","M","R","M","M","E"],"character_chosen":"IRONCLAD","items_purchased":["Vajra","Tiny Chest","Sword Boomerang"],"campfire_rested":2,"item_purchase_floors":[4,13,13],"current_hp_per_floor":[68,74,69,69,69,69,71,71,71,65,58,58,58,56,56,44,72,69,65,51,51,13,37,37,13,13,10,34,38,48,0],"gold":649,"neow_bonus":"HUNDRED_GOLD","is_prod":false,"is_daily":false,"chose_seed":false,"campfire_upgraded":3,"win_rate":0,"timestamp":1556388225,"path_taken":["M","M","M","$","?","R","E","R","T","?","?","?","?","E","R","BOSS","M","M","M","?","M","R","?","E","T","?","R","M","M","E"],"build_version":"2019-01-23","purchased_purges":0,"victory":false,"max_hp_per_floor":[75,75,75,75,75,75,75,75,75,75,75,75,75,75,75,75,80,80,80,80,80,80,80,80,80,80,80,80,80,80,80],"card_choices":[{"not_picked":["Thunderclap","Body Slam"],"picked":"Cleave","floor":1},{"not_picked":["Disarm","Warcry"],"picked":"Reaper","floor":2},{"not_picked":["Sword Boomerang","Body Slam"],"picked":"Anger","floor":3},{"not_picked":["Body Slam","Anger"],"picked":"Combust","floor":7},{"not_picked":["Bludgeon","Body Slam","Clash"],"picked":"SKIP","floor":10},{"not_picked":["Power Through","Combust"],"picked":"Disarm","floor":14},{"not_picked":["Bludgeon","Brutality"],"picked":"Barricade","floor":16},{"not_picked":["Sever Soul","Perfected Strike"],"picked":"Body Slam","floor":17},{"not_picked":["Iron Wave","Perfected Strike"],"picked":"Flame Barrier","floor":18},{"not_picked":["Whirlwind","Clash","Hemokinesis"],"picked":"SKIP","floor":19},{"not_picked":["Headbutt","Whirlwind"],"picked":"Metallicize","floor":20},{"not_picked":["Pummel","Uppercut"],"picked":"Inflame+1","floor":22},{"not_picked":["Cleave","Perfected Strike"],"picked":"Demon Form","floor":25},{"not_picked":["Infernal Blade","Power Through"],"picked":"Havoc","floor":27},{"not_picked":["Rampage+1","Sentinel"],"picked":"Armaments+1","floor":28},{"not_picked":["Rage","Intimidate"],"picked":"Shrug It Off","floor":29},{"not_picked":["Sword Boomerang","Perfected Strike","Iron Wave+1"],"picked":"SKIP","floor":30}],"player_experience":325138,"relics_obtained":[{"floor":7,"key":"Blood Vial"},{"floor":9,"key":"Pen Nib"},{"floor":14,"key":"Incense Burner"},{"floor":21,"key":"Oddly Smooth Stone"},{"floor":25,"key":"Dream Catcher"},{"floor":26,"key":"Old Coin"}],"event_choices":[{"cards_removed":["Strike_R"],"damage_healed":0,"gold_gain":0,"player_choice":"Offered Basic","damage_taken":0,"max_hp_gain":0,"max_hp_loss":0,"event_name":"Bonfire Elementals","floor":5,"gold_loss":0},{"cards_removed":["Strike_R"],"damage_healed":0,"gold_gain":0,"player_choice":"Card Removal","damage_taken":7,"max_hp_gain":0,"max_hp_loss":0,"event_name":"Golden Wing","floor":11,"gold_loss":0},{"damage_healed":0,"gold_gain":0,"player_choice":"Ignored","damage_taken":0,"max_hp_gain":0,"max_hp_loss":0,"event_name":"Liars Game","floor":12,"gold_loss":0},{"cards_removed":["Strike_R"],"damage_healed":0,"gold_gain":0,"player_choice":"Purged","damage_taken":0,"max_hp_gain":0,"max_hp_loss":0,"event_name":"Purifier","floor":24,"gold_loss":0}],"is_beta":false,"boss_relics":[{"not_picked":["Runic Dome","Black Blood"],"picked":"Tiny House"}],"items_purged_floors":[],"is_endless":false,"potions_floor_spawned":[1,10,14,19,20,22,29],"killed_by":"Slavers","ascension_level":14}