{"gold_per_floor":[118,133,133,153,153,153,173,212,258,258,130,130,144,168,168,296,296,311,24,30,30,49,49,88,88,138,161,71,71,71,90,90,221,221,234,234,234,60,84,84,100,22,76,97,120,136,136,175,175,175],"floor_reached":51,"playtime":2185,"items_purged":["Strike_R"],"score":749,"play_id":"cf6c1a7b-f39d-40b8-acca-22e6b463907e","local_time":"20181027130458","is_ascension_mode":false,"campfire_choices":[{"data":"Sadistic Nature","floor":6,"key":"SMITH"},{"floor":10,"key":"REST"},{"data":"Double Tap","floor":12,"key":"SMITH"},{"floor":15,"key":"REST"},{"data":"Clothesline","floor":23,"key":"SMITH"},{"floor":25,"key":"REST"},{"floor":32,"key":"REST"},{"data":"Apotheosis","floor":40,"key":"SMITH"},{"floor":49,"key":"REST"}],"neow_cost":"PERCENT_DAMAGE","seed_source_timestamp":333894491460546,"circlet_count":0,"master_deck":["Strike_R","Strike_R","Strike_R","Defend_R","Defend_R","Defend_R","Bash+1","Bandage Up","Sadistic Nature+1","Thunderclap","True Grit+1","Thunderclap","Double Tap+1","Shrug It Off","Shrug It Off","Clothesline+1","Apotheosis+1","Evolve+1","Intimidate","Intimidate","Power Through+1","Sadistic Nature+1","Juggernaut"],"relics":["Burning Blood","Golden Idol","Singing Bowl","Omamori","Sozu","Kunai","Bottled Flame","Strawberry","Anchor","Mark of Pain","PreservedInsect","Orichalcum"],"potions_floor_usage":[16,50],"damage_taken":[{"damage":9,"enemies":"Jaw Worm","floor":1,"turns":4},{"damage":0,"enemies":"Cultist","floor":2,"turns":3},{"damage":7,"enemies":"Small Slimes","floor":4,"turns":3},{"damage":36,"enemies":"Gremlin Gang","floor":7,"turns":4},{"damage":24,"enemies":"Gremlin Nob","floor":8,"turns":4},{"damage":21,"enemies":"Large Slime","floor":13,"turns":8},{"damage":17,"enemies":"Exordium Thugs","floor":14,"turns":4},{"damage":42,"enemies":"Slime Boss","floor":16,"turns":12},{"damage":16,"enemies":"Chosen","floor":18,"turns":5},{"damage":17,"enemies":"2 Thieves","floor":20,"turns":5},{"damage":28,"enemies":"Shelled Parasite and Fungi","floor":22,"turns":5},{"damage":33,"enemies":"Book of Stabbing","floor":24,"turns":5},{"damage":41,"enemies":"3 Cultists","floor":27,"turns":6},{"damage":12,"enemies":"Snake Plant","floor":31,"turns":4},{"damage":55,"enemies":"Champ","floor":33,"turns":10},{"damage":37,"enemies":"3 Darklings","floor":35,"turns":6},{"damage":3,"enemies":"Orb Walker","floor":39,"turns":4},{"damage":47,"enemies":"4 Shapes","floor":41,"turns":7},{"damage":28,"enemies":"Transient","floor":44,"turns":5},{"damage":0,"enemies":"Maw","floor":45,"turns":8},{"damage":35,"enemies":"Sphere and 2 Shapes","floor":46,"turns":8},{"damage":11,"enemies":"Giant Head","floor":48,"turns":9},{"damage":84,"enemies":"Time Eater","floor":50,"turns":14}],"seed_played":"2388179276649057814","potions_obtained":[{"floor":8,"key":"Ancient Potion"},{"floor":14,"key":"Swift Potion"}],"is_trial":false,"path_per_floor":["M","M","?","M","?","R","M","E","T","R","$","R","M","M","R","B",null,"M","$","M","T","M","R","E","R","T","M","?","?","$","M","R","B",null,"M","?","?","$","M","R","M","$","T","M","M","M","?","E","R","B"],"character_chosen":"IRONCLAD","items_purchased":["Shrug It Off","Kunai","Shrug It Off","Apotheosis","Intimidate"],"campfire_rested":5,"item_purchase_floors":[11,19,19,38,42],"current_hp_per_floor":[57,67,47,50,50,50,24,12,12,36,36,36,27,22,47,15,86,82,82,75,75,59,59,45,74,74,45,45,45,45,45,75,30,103,78,78,115,115,117,117,82,82,82,66,78,57,57,58,93,21],"gold":175,"neow_bonus":"RANDOM_COLORLESS_2","is_prod":false,"is_daily":false,"chose_seed":false,"campfire_upgraded":4,"win_rate":0,"timestamp":1540670698,"path_taken":["M","M","?","M","?","R","?","E","T","R","?","R","M","M","R","BOSS","M","$","M","?","M","R","E","R","T","M","?","?","?","M","R","BOSS","M","?","?","$","M","R","?","$","T","M","M","M","?","E","R","BOSS"],"build_version":"2018-10-25v2","purchased_purges":1,"victory":true,"max_hp_per_floor":[80,80,80,80,80,80,80,82,82,82,82,82,84,86,86,86,86,88,88,88,88,90,90,99,99,99,101,101,101,101,103,103,103,103,105,105,115,115,117,117,117,117,117,117,117,119,119,119,119,119],"card_choices":[{"not_picked":["Rampage","Dual Wield"],"picked":"Thunderclap","floor":1},{"not_picked":["Perfected Strike","Blood for Blood"],"picked":"True Grit","floor":2},{"not_picked":["Body Slam","Flex"],"picked":"Thunderclap","floor":4},{"not_picked":["Pommel Strike","Rampage","Reckless Charge"],"picked":"SKIP","floor":7},{"not_picked":["True Grit","Body Slam","Evolve"],"picked":"Singing Bowl","floor":8},{"not_picked":["Flex","Hemokinesis","Rage"],"picked":"Singing Bowl","floor":13},{"not_picked":["Warcry","Corruption","Bloodletting"],"picked":"Singing Bowl","floor":14},{"not_picked":["Limit Break","Fiend Fire"],"picked":"Demon Form","floor":16},{"not_picked":["Shrug It Off","Fire Breathing","Heavy Blade"],"picked":"Singing Bowl","floor":18},{"not_picked":["Twin Strike","Cleave"],"picked":"Clothesline","floor":20},{"not_picked":["Body Slam","Cleave","Perfected Strike"],"picked":"Singing Bowl","floor":22},{"not_picked":["Feed","Cleave","Sword Boomerang"],"picked":"Singing Bowl","floor":24},{"not_picked":["Flex","Limit Break","Clash"],"picked":"Singing Bowl","floor":27},{"not_picked":["Bloodletting","Heavy Blade","Warcry+1"],"picked":"Singing Bowl","floor":31},{"not_picked":["Feed","Immolate"],"picked":"Double Tap","floor":33},{"not_picked":["Perfected Strike","Wild Strike+1","Corruption+1"],"picked":"Singing Bowl","floor":35},{"not_picked":["Havoc","Armaments+1","Body Slam"],"picked":"Singing Bowl","floor":39},{"not_picked":["Shrug It Off+1","Wild Strike"],"picked":"Evolve+1","floor":41},{"not_picked":["Evolve+1","Cleave"],"picked":"Intimidate","floor":44},{"not_picked":["Rage+1","Blood for Blood+1"],"picked":"Power Through+1","floor":45},{"not_picked":["Sword Boomerang+1","Second Wind+1","Shrug It Off"],"picked":"Singing Bowl","floor":46},{"not_picked":["Heavy Blade","Iron Wave+1"],"picked":"Juggernaut","floor":48}],"player_experience":322636,"relics_obtained":[{"floor":8,"key":"Singing Bowl"},{"floor":9,"key":"Omamori"},{"floor":21,"key":"Bottled Flame"},{"floor":24,"key":"Strawberry"},{"floor":26,"key":"Anchor"},{"floor":43,"key":"PreservedInsect"},{"floor":48,"key":"Orichalcum"}],"event_choices":[{"damage_healed":0,"gold_gain":0,"player_choice":"Take Damage","damage_taken":20,"relics_obtained":["Golden Idol"],"max_hp_gain":0,"max_hp_loss":0,"event_name":"Golden Idol","floor":3,"gold_loss":0},{"damage_healed":0,"gold_gain":0,"cards_transformed":["Strike_R"],"player_choice":"Transformed","damage_taken":0,"max_hp_gain":0,"max_hp_loss":0,"event_name":"Transmorgrifier","floor":5,"gold_loss":0,"cards_obtained":["Double Tap"]},{"cards_removed":["Defend_R"],"damage_healed":0,"gold_gain":0,"player_choice":"Upgrade and Remove","damage_taken":0,"max_hp_gain":0,"max_hp_loss":0,"event_name":"Designer","floor":28,"gold_loss":90,"cards_upgraded":["Bash"]},{"damage_healed":0,"gold_gain":0,"player_choice":"Forge","damage_taken":0,"max_hp_gain":0,"max_hp_loss":0,"event_name":"Accursed Blacksmith","floor":29,"gold_loss":0,"cards_upgraded":["True Grit"]},{"cards_removed":["Demon Form"],"damage_healed":0,"gold_gain":0,"player_choice":"Removed Power","damage_taken":0,"max_hp_gain":0,"max_hp_loss":0,"event_name":"Falling","floor":36,"gold_loss":0},{"cards_removed":["Double Tap"],"damage_healed":27,"gold_gain":0,"player_choice":"Offered Rare","damage_taken":0,"max_hp_gain":10,"max_hp_loss":0,"event_name":"Bonfire Elementals","floor":37,"gold_loss":0},{"damage_healed":0,"gold_gain":0,"player_choice":"Copied","damage_taken":0,"max_hp_gain":0,"max_hp_loss":0,"event_name":"Duplicator","floor":47,"gold_loss":0,"cards_obtained":["Sadistic Nature"]}],"is_beta":false,"boss_relics":[{"not_picked":["Eternal Feather","Black Blood"],"picked":"Sozu"},{"not_picked":["Pandora\u0027s Box","Runic Pyramid"],"picked":"Mark of Pain"}],"items_purged_floors":[11],"is_endless":false,"potions_floor_spawned":[8,14,18,27,44,45,46],"ascension_level":0}