{"gold_per_floor":[111,286,306,306,323,323,335,355,355,372,390,400,400,154,154,256,256,276,294,294],"floor_reached":20,"playtime":1098,"items_purged":[],"score":170,"play_id":"f1523893-0d7d-415c-963b-048ed13a5dd6","local_time":"20181212175620","is_ascension_mode":false,"campfire_choices":[{"floor":6,"key":"RECALL"},{"floor":15,"key":"REST"}],"neow_cost":"NONE","seed_source_timestamp":675366962558055,"circlet_count":0,"master_deck":["Strike_B","Strike_B","Strike_B","Strike_B","Defend_B","Defend_B","Defend_B","Defend_B","Zap","Dualcast","Redo","Cold Snap","Tempest","Storm","Barrage","Auto Shields","Reprogram","Amplify","FTL","Ball Lightning","Conserve Battery","Ball Lightning","Ball Lightning","Rainbow","Gash"],"relics":["Cracked Core","NeowsBlessing","Orichalcum","Matryoshka","Orrery"],"potions_floor_usage":[16,16],"damage_taken":[{"damage":0,"enemies":"Small Slimes","floor":1,"turns":1},{"damage":0,"enemies":"2 Louse","floor":3,"turns":1},{"damage":0,"enemies":"Cultist","floor":5,"turns":1},{"damage":6,"enemies":"Blue Slaver","floor":7,"turns":3},{"damage":7,"enemies":"Exordium Thugs","floor":8,"turns":4},{"damage":9,"enemies":"Looter","floor":10,"turns":3},{"damage":19,"enemies":"Lots of Slimes","floor":11,"turns":4},{"damage":6,"enemies":"Exordium Wildlife","floor":12,"turns":3},{"damage":49,"enemies":"The Guardian","floor":16,"turns":14},{"damage":7,"enemies":"Shell Parasite","floor":18,"turns":4},{"damage":23,"enemies":"3 Byrds","floor":19,"turns":4},{"damage":45,"enemies":"Masked Bandits","floor":20,"turns":3}],"seed_played":"-4493886102546479500","potions_obtained":[{"floor":1,"key":"SpeedPotion"},{"floor":5,"key":"Energy Potion"},{"floor":8,"key":"SteroidPotion"},{"floor":18,"key":"SteroidPotion"},{"floor":19,"key":"Swift Potion"}],"is_trial":false,"path_per_floor":["M","?","M","?","M","R","M","M","T","M","M","M","?","$","R","B",null,"M","M","?"],"character_chosen":"DEFECT","items_purchased":["Matryoshka"],"campfire_rested":1,"item_purchase_floors":[14],"current_hp_per_floor":[75,75,75,75,75,75,69,62,62,53,34,28,28,28,50,1,75,68,45,0],"gold":294,"neow_bonus":"THREE_ENEMY_KILL","is_prod":false,"is_daily":false,"chose_seed":false,"campfire_upgraded":0,"win_rate":0,"timestamp":1544666180,"path_taken":["M","?","M","?","?","R","M","M","T","M","M","M","?","$","R","BOSS","M","M","?"],"build_version":"2018-12-06","purchased_purges":0,"victory":false,"max_hp_per_floor":[75,75,75,75,75,75,75,75,75,75,75,75,75,75,75,75,75,75,75,75],"card_choices":[{"not_picked":["Turbo","Steam"],"picked":"Redo","floor":1},{"not_picked":["Steam Power","Steam"],"picked":"Cold Snap","floor":3},{"not_picked":["Cold Snap","Hello World"],"picked":"Tempest","floor":5},{"not_picked":["Leap","Turbo"],"picked":"Storm","floor":7},{"not_picked":["Steam Power","Double Energy"],"picked":"Barrage","floor":8},{"not_picked":["Stack","Conserve Battery"],"picked":"Auto Shields","floor":10},{"not_picked":["Recycle","Fusion"],"picked":"Reprogram","floor":11},{"not_picked":["Scrape","Compile Driver","Turbo"],"picked":"SKIP","floor":12},{"not_picked":["Reboot","Biased Cognition"],"picked":"Amplify","floor":16},{"not_picked":["Stack","Reinforced Body"],"picked":"FTL","floor":17},{"not_picked":["Sweeping Beam","Beam Cell"],"picked":"Ball Lightning","floor":17},{"not_picked":["Stack","Redo"],"picked":"Conserve Battery","floor":17},{"not_picked":["Coolheaded","Rip and Tear"],"picked":"Ball Lightning","floor":17},{"not_picked":["Lockon","Rebound"],"picked":"Ball Lightning","floor":17},{"not_picked":["Stack","Double Energy+1"],"picked":"Rainbow","floor":18},{"not_picked":["Steam Power","Darkness"],"picked":"Gash","floor":19}],"player_experience":234974,"relics_obtained":[],"event_choices":[{"damage_healed":0,"gold_gain":175,"player_choice":"AGREE","damage_taken":0,"max_hp_gain":0,"max_hp_loss":0,"event_name":"Liars Game","floor":2,"gold_loss":0,"cards_obtained":["Doubt"]},{"damage_healed":0,"gold_gain":0,"player_choice":"Gave Potion","damage_taken":0,"relics_obtained":["Orichalcum"],"max_hp_gain":0,"max_hp_loss":0,"event_name":"WeMeetAgain","floor":4,"gold_loss":0},{"cards_removed":["Doubt"],"damage_healed":0,"gold_gain":0,"player_choice":"Removed Curses","damage_taken":0,"max_hp_gain":0,"max_hp_loss":0,"event_name":"Fountain of Cleansing","floor":13,"gold_loss":0},{"damage_healed":0,"gold_gain":0,"player_choice":"Fought Bandits","damage_taken":0,"max_hp_gain":0,"max_hp_loss":0,"event_name":"Masked Bandits","floor":20,"gold_loss":0}],"is_beta":false,"boss_relics":[{"not_picked":["Black Star","Eternal Feather"],"picked":"Orrery"}],"items_purged_floors":[],"is_endless":false,"potions_floor_spawned":[1,5,8,18,19],"killed_by":"Masked Bandits","ascension_level":0}