{"gold_per_floor":[126,213,225,237,249,261,285,309,321,333,358,386,8,8,8,79,79,55,55,74,74,74,74,74,74,74,84,100,100,112,127,127,127],"floor_reached":33,"playtime":1254,"items_purged":["Strike_R"],"score":462,"play_id":"1ae2b2b3-37a8-4482-b46f-7eec22e1b9fc","local_time":"20190429022644","is_ascension_mode":true,"campfire_choices":[{"data":"Defend_R","floor":6,"key":"SMITH"},{"data":"Juggernaut","floor":10,"key":"SMITH"},{"data":"Entrench","floor":15,"key":"SMITH"},{"floor":23,"key":"REST"},{"data":"Shrug It Off","floor":25,"key":"SMITH"},{"data":"Barricade","floor":29,"key":"SMITH"},{"data":"Entrench","floor":32,"key":"SMITH"}],"neow_cost":"NONE","seed_source_timestamp":3126075937186202,"circlet_count":0,"master_deck":["AscendersBane","Strike_R","Strike_R","Defend_R+1","Defend_R+1","Defend_R","Defend_R","Bash+1","Armaments+1","Juggernaut+1","True Grit","Disarm","Shrug It Off+1","Entrench+1","Barricade+1","Battle Trance","True Grit","Metallicize","Shrug It Off","Entrench+1"],"relics":["Burning Blood","MawBank","Darkstone Periapt","Medical Kit","Question Card","Mark of Pain","Dream Catcher","Gremlin Horn"],"potions_floor_usage":[12,18,28,33,33],"damage_taken":[{"damage":10,"enemies":"Small Slimes","floor":1,"turns":4},{"damage":0,"enemies":"2 Louse","floor":7,"turns":3},{"damage":0,"enemies":"Jaw Worm","floor":8,"turns":6},{"damage":0,"enemies":"Blue Slaver","floor":11,"turns":6},{"damage":18,"enemies":"3 Louse","floor":12,"turns":4},{"damage":16,"enemies":"The Guardian","floor":16,"turns":16},{"damage":18,"enemies":"2 Thieves","floor":18,"turns":5},{"damage":26,"enemies":"Colosseum Slavers","floor":19,"turns":6},{"damage":20,"enemies":"Shell Parasite","floor":20,"turns":8},{"damage":0,"enemies":"Snecko","floor":27,"turns":11},{"damage":0,"enemies":"Sentry and Sphere","floor":28,"turns":8},{"damage":23,"enemies":"Snake Plant","floor":30,"turns":6},{"damage":16,"enemies":"Shelled Parasite and Fungi","floor":31,"turns":10},{"damage":28,"enemies":"Collector","floor":33,"turns":2}],"seed_played":"1842479169787003119","potions_obtained":[{"floor":8,"key":"GamblersBrew"},{"floor":16,"key":"Fire Potion"},{"floor":20,"key":"FearPotion"},{"floor":27,"key":"SpeedPotion"},{"floor":31,"key":"Explosive Potion"}],"is_trial":false,"path_per_floor":["M","?","?","?","?","R","M","M","T","R","M","M","$","T","R","B",null,"M","?","M","?","T","R","?","R","T","M","M","R","M","M","R","B"],"character_chosen":"IRONCLAD","items_purchased":["Entrench","Medical Kit"],"campfire_rested":1,"item_purchase_floors":[13,13],"current_hp_per_floor":[64,53,53,46,23,23,29,35,35,35,41,29,29,29,29,19,61,49,29,15,15,15,37,37,37,37,43,49,49,32,22,22,0],"gold":127,"neow_bonus":"RANDOM_COMMON_RELIC","is_prod":false,"is_daily":false,"chose_seed":false,"campfire_upgraded":6,"win_rate":0,"timestamp":1556501204,"path_taken":["M","?","?","?","?","R","M","M","T","R","M","M","$","?","R","BOSS","M","?","M","?","?","R","?","R","T","M","M","R","M","M","R","BOSS"],"build_version":"2019-01-23","purchased_purges":1,"victory":false,"max_hp_per_floor":[75,75,75,75,75,75,75,75,75,75,75,75,75,75,75,75,75,75,75,75,75,75,75,75,75,75,75,75,75,75,75,75,75],"card_choices":[{"not_picked":["Wild Strike","Heavy Blade"],"picked":"Armaments","floor":1},{"not_picked":["Headbutt","Anger"],"picked":"Juggernaut","floor":7},{"not_picked":["Bloodletting","Burning Pact"],"picked":"True Grit","floor":8},{"not_picked":["True Grit","Seeing Red"],"picked":"Disarm","floor":11},{"not_picked":["Dropkick","Warcry"],"picked":"Shrug It Off","floor":12},{"not_picked":["Reaper","Brutality","Dark Embrace"],"picked":"Barricade","floor":16},{"not_picked":["Second Wind","Seeing Red","Flame Barrier","Rampage"],"picked":"SKIP","floor":18},{"not_picked":["Flex","Rupture","Corruption","Dropkick"],"picked":"SKIP","floor":20},{"not_picked":["Rupture+1","Second Wind","Wild Strike+1","Sword Boomerang"],"picked":"SKIP","floor":27},{"not_picked":["Wild Strike","Cleave","Armaments"],"picked":"Metallicize","floor":28},{"not_picked":["Sever Soul","Second Wind","Dual Wield"],"picked":"Shrug It Off","floor":30},{"not_picked":["Clash","Fire Breathing","Evolve"],"picked":"Entrench","floor":31}],"player_experience":242647,"relics_obtained":[{"floor":9,"key":"Darkstone Periapt"},{"floor":14,"key":"Question Card"},{"floor":22,"key":"Dream Catcher"},{"floor":26,"key":"Gremlin Horn"}],"event_choices":[{"damage_healed":0,"gold_gain":75,"player_choice":"Gather Gold","damage_taken":11,"max_hp_gain":0,"max_hp_loss":0,"event_name":"World of Goop","floor":2,"gold_loss":0},{"damage_healed":0,"gold_gain":0,"player_choice":"Grow","damage_taken":0,"max_hp_gain":0,"max_hp_loss":0,"event_name":"Living Wall","floor":3,"gold_loss":0,"cards_upgraded":["Armaments"]},{"cards_removed":["Strike_R"],"damage_healed":0,"gold_gain":0,"player_choice":"Card Removal","damage_taken":7,"max_hp_gain":0,"max_hp_loss":0,"event_name":"Golden Wing","floor":4,"gold_loss":0},{"damage_healed":0,"gold_gain":0,"player_choice":"Entered Light","damage_taken":23,"max_hp_gain":0,"max_hp_loss":0,"event_name":"Shining Light","floor":5,"gold_loss":0,"cards_upgraded":["Defend_R","Bash"]},{"damage_healed":0,"gold_gain":0,"player_choice":"Fight","damage_taken":0,"max_hp_gain":0,"max_hp_loss":0,"event_name":"Colosseum","floor":19,"gold_loss":0},{"damage_healed":0,"gold_gain":0,"player_choice":"Fled From Nobs","damage_taken":0,"max_hp_gain":0,"max_hp_loss":0,"event_name":"Colosseum","floor":19,"gold_loss":0},{"cards_removed":["Strike_R"],"damage_healed":0,"gold_gain":0,"player_choice":"Elegance","damage_taken":0,"max_hp_gain":0,"max_hp_loss":0,"event_name":"Back to Basics","floor":21,"gold_loss":0},{"damage_healed":0,"gold_gain":0,"player_choice":"2 cards matched","damage_taken":0,"max_hp_gain":0,"max_hp_loss":0,"event_name":"Match and Keep!","floor":24,"gold_loss":0,"cards_obtained":["Battle Trance","True Grit"]}],"is_beta":false,"boss_relics":[{"not_picked":["Runic Pyramid","Pandora\u0027s Box"],"picked":"Mark of Pain"}],"items_purged_floors":[13],"is_endless":false,"potions_floor_spawned":[8,16,20,27,31],"killed_by":"Collector","ascension_level":19}