{"gold_per_floor":[110,110,130,148,166,192,192,204,204,204,218,252,252,268,268,364,364,384,200,216,234,248,282,282,313,363,363,25,55,55,55,55,152,152,164,180,180,20,40,40,60,60,110,141,241,241,260,270,270,270],"floor_reached":51,"playtime":2626,"items_purged":["Strike_R","Defend_R"],"score":1064,"play_id":"bc69a55f-95db-4cd1-b12b-f83e81b5f3d2","local_time":"20190422205904","is_ascension_mode":true,"campfire_choices":[{"floor":7.0,"key":"REST"},{"floor":10.0,"key":"REST"},{"data":"Warcry","floor":13.0,"key":"SMITH"},{"data":"Pummel","floor":15.0,"key":"SMITH"},{"floor":24.0,"key":"REST"},{"floor":27.0,"key":"REST"},{"floor":30.0,"key":"REST"},{"floor":32.0,"key":"REST"},{"floor":40.0,"key":"REST"},{"floor":42.0,"key":"REST"},{"data":"Heavy Blade","floor":46.0,"key":"SMITH"},{"floor":49.0,"key":"REST"}],"neow_cost":"PERCENT_DAMAGE","seed_source_timestamp":816528813315174,"circlet_count":0,"master_deck":["Defend_R","Bash","Impervious","Pummel+1","Warcry+1","Clothesline","Demon Form+1","Sword Boomerang","Cleave","Shockwave+1","True Grit+1","Armaments+1","Limit Break+1","Dual Wield+1","Shrug It Off+1","Flex+1","Shrug It Off+1","Flex+1","Deep Breath+1","Flame Barrier+1","True Grit+1","Twin Strike","Offering+1","Warcry+1","Double Tap+1","Heavy Blade+1","Seeing Red+1","Sword Boomerang+1","Heavy Blade+1","Uppercut+1"],"special_seed":0,"relics":["Burning Blood","Frozen Egg 2","Toxic Egg 2","Ornamental Fan","Happy Flower","Astrolabe","Regal Pillow","Omamori","Paper Frog","The Courier","Empty Cage","Oddly Smooth Stone","Letter Opener"],"potions_floor_usage":[50],"damage_taken":[{"damage":1.0,"enemies":"Cultist","floor":1.0,"turns":4.0},{"damage":8.0,"enemies":"2 Louse","floor":3.0,"turns":3.0},{"damage":0.0,"enemies":"Jaw Worm","floor":4.0,"turns":3.0},{"damage":14.0,"enemies":"Lots of Slimes","floor":5.0,"turns":5.0},{"damage":54.0,"enemies":"3 Sentries","floor":6.0,"turns":11.0},{"damage":6.0,"enemies":"Red Slaver","floor":8.0,"turns":3.0},{"damage":3.0,"enemies":"Looter","floor":11.0,"turns":4.0},{"damage":15.0,"enemies":"Lagavulin","floor":12.0,"turns":6.0},{"damage":14.0,"enemies":"3 Louse","floor":14.0,"turns":4.0},{"damage":8.0,"enemies":"Hexaghost","floor":16.0,"turns":6.0},{"damage":0.0,"enemies":"3 Byrds","floor":18.0,"turns":7.0},{"damage":15.0,"enemies":"Spheric Guardian","floor":20.0,"turns":4.0},{"damage":18.0,"enemies":"Centurion and Healer","floor":21.0,"turns":8.0},{"damage":11.0,"enemies":"3 Cultists","floor":22.0,"turns":4.0},{"damage":46.0,"enemies":"Slavers","floor":23.0,"turns":10.0},{"damage":55.0,"enemies":"Book of Stabbing","floor":25.0,"turns":7.0},{"damage":69.0,"enemies":"Slavers","floor":29.0,"turns":9.0},{"damage":9.0,"enemies":"Colosseum Slavers","floor":31.0,"turns":5.0},{"damage":28.0,"enemies":"Champ","floor":33.0,"turns":8.0},{"damage":39.0,"enemies":"3 Shapes","floor":35.0,"turns":5.0},{"damage":10.0,"enemies":"Orb Walker","floor":36.0,"turns":4.0},{"damage":26.0,"enemies":"Transient","floor":39.0,"turns":5.0},{"damage":22.0,"enemies":"Sphere and 2 Shapes","floor":41.0,"turns":6.0},{"damage":27.0,"enemies":"Nemesis","floor":44.0,"turns":3.0},{"damage":35.0,"enemies":"Spire Growth","floor":47.0,"turns":4.0},{"damage":6.0,"enemies":"Maw","floor":48.0,"turns":8.0},{"damage":62,"enemies":"Awakened One","floor":50,"turns":7}],"seed_played":"6276043525924114639","potions_obtained":[{"floor":4.0,"key":"SkillPotion"},{"floor":5.0,"key":"BloodPotion"},{"floor":6.0,"key":"SteroidPotion"},{"floor":12.0,"key":"Regen Potion"},{"floor":14.0,"key":"Swift Potion"},{"floor":16.0,"key":"FearPotion"},{"floor":18.0,"key":"Energy Potion"},{"floor":21.0,"key":"FairyPotion"},{"floor":22.0,"key":"Fire Potion"},{"floor":29.0,"key":"PowerPotion"},{"floor":33.0,"key":"Dexterity Potion"},{"floor":35.0,"key":"Weak Potion"},{"floor":36.0,"key":"EssenceOfSteel"},{"floor":48.0,"key":"Energy Potion"}],"is_trial":false,"path_per_floor":["M","T","M","M","M","E","R","M","T","R","M","E","R","M","R","B",null,"M","$","M","M","M","E","R","E","T","R","$","E","R","?","R","B",null,"M","M","?","$","M","R","M","R","T","E","?","R","M","M","R","B",null],"character_chosen":"IRONCLAD","items_purchased":["Flex+1","Deep Breath+1","Paper Frog","Double Tap+1","Heavy Blade"],"campfire_rested":9,"item_purchase_floors":[19,19,28,38,38],"current_hp_per_floor":[56,56,54,60,52,12,36,36,36,60,63,54,54,46,46,44,71,77,77,68,71,66,26,65,16,16,55,55,7,46,43,80,58,75,42,38,38,38,18,57,41,80,80,59,59,59,30,30,69,13],"gold":270,"neow_bonus":"THREE_RARE_CARDS","is_prod":false,"is_daily":false,"chose_seed":false,"campfire_upgraded":3,"win_rate":0,"timestamp":1555934344,"path_taken":["M","?","?","M","M","E","R","?","T","R","M","E","R","M","R","BOSS","M","$","M","M","M","E","R","E","T","R","$","E","R","?","R","BOSS","M","M","?","$","M","R","M","R","T","E","?","R","?","M","R","BOSS"],"build_version":"2019-01-23","purchased_purges":2,"victory":true,"max_hp_per_floor":[80,80,80,80,80,80,80,80,80,80,80,80,80,80,80,80,80,80,80,80,80,80,80,80,80,80,80,80,80,80,80,80,80,80,80,80,80,80,80,80,80,80,80,80,80,80,80,80,80,80],"card_choices":[{"not_picked":["Dark Embrace","Brutality"],"picked":"Impervious","floor":0.0},{"not_picked":["Heavy Blade","Wild Strike"],"picked":"Pummel","floor":1.0},{"not_picked":["Havoc","Body Slam"],"picked":"Warcry","floor":3.0},{"not_picked":["Whirlwind","Infernal Blade"],"picked":"Clothesline","floor":4.0},{"not_picked":["Rage","Armaments"],"picked":"Demon Form+1","floor":5.0},{"not_picked":["Twin Strike","Iron Wave"],"picked":"Sword Boomerang","floor":6.0},{"not_picked":["Anger","Flex+1"],"picked":"Cleave","floor":8.0},{"not_picked":["Body Slam","Twin Strike"],"picked":"Shockwave+1","floor":11.0},{"not_picked":["Warcry+1","Brutality+1"],"picked":"True Grit+1","floor":12.0},{"not_picked":["Iron Wave","Infernal Blade+1"],"picked":"Armaments+1","floor":14.0},{"not_picked":["Juggernaut+1","Fiend Fire"],"picked":"Limit Break+1","floor":16.0},{"not_picked":["Flex+1","Metallicize+1"],"picked":"Shrug It Off+1","floor":18.0},{"not_picked":["Cleave","Armaments+1","Body Slam"],"picked":"SKIP","floor":20.0},{"not_picked":["Anger","Armaments+1","Reckless Charge"],"picked":"SKIP","floor":21.0},{"not_picked":["Shrug It Off+1","Wild Strike","Cleave+1"],"picked":"SKIP","floor":22.0},{"not_picked":["Perfected Strike","Brutality+1"],"picked":"Flame Barrier+1","floor":23.0},{"not_picked":["Iron Wave","Blood for Blood"],"picked":"True Grit+1","floor":25.0},{"not_picked":["Searing Blow+1","Dropkick"],"picked":"Twin Strike","floor":29.0},{"not_picked":["Exhume+1","Immolate"],"picked":"Offering+1","floor":33.0},{"not_picked":["True Grit+1","Feel No Pain+1","Warcry+1"],"picked":"SKIP","floor":35.0},{"not_picked":["Fire Breathing+1","Thunderclap"],"picked":"Warcry+1","floor":36.0},{"not_picked":["Armaments+1","Clash+1"],"picked":"Seeing Red+1","floor":39.0},{"not_picked":["Headbutt","Warcry+1"],"picked":"Sword Boomerang+1","floor":41.0},{"not_picked":["Anger","Immolate"],"picked":"Heavy Blade+1","floor":44.0},{"not_picked":["Bloodletting+1","Reckless Charge+1","Intimidate+1"],"picked":"SKIP","floor":47.0},{"not_picked":["Twin Strike+1","Hemokinesis"],"picked":"Uppercut+1","floor":48.0}],"player_experience":411057,"relics_obtained":[{"floor":2.0,"key":"Frozen Egg 2"},{"floor":6.0,"key":"Toxic Egg 2"},{"floor":9.0,"key":"Ornamental Fan"},{"floor":12.0,"key":"Happy Flower"},{"floor":23.0,"key":"Regal Pillow"},{"floor":25.0,"key":"Omamori"},{"floor":29.0,"key":"The Courier"},{"floor":43.0,"key":"Oddly Smooth Stone"},{"floor":44.0,"key":"Letter Opener"}],"event_choices":[{"damage_healed":0.0,"max_hp_gain":0.0,"max_hp_loss":0.0,"gold_gain":0.0,"event_name":"Colosseum","player_choice":"Fight","floor":31.0,"gold_loss":0.0,"damage_taken":0.0},{"damage_healed":0.0,"max_hp_gain":0.0,"max_hp_loss":0.0,"gold_gain":0.0,"event_name":"Colosseum","player_choice":"Fled From Nobs","floor":31.0,"gold_loss":0.0,"damage_taken":0.0},{"cards_removed":["Strike_R"],"damage_healed":0.0,"max_hp_gain":0.0,"max_hp_loss":0.0,"gold_gain":0.0,"event_name":"Falling","player_choice":"Removed Attack","floor":37.0,"gold_loss":0.0,"damage_taken":0.0},{"damage_healed":0.0,"max_hp_gain":0.0,"max_hp_loss":0.0,"gold_gain":100.0,"event_name":"Golden Shrine","player_choice":"Pray","floor":45.0,"gold_loss":0.0,"damage_taken":0.0}],"is_beta":false,"boss_relics":[{"not_picked":["Philosopher\u0027s Stone","Ectoplasm"],"picked":"Astrolabe"},{"not_picked":["Snecko Eye","Tiny House"],"picked":"Empty Cage"}],"items_purged_floors":[19,28],"is_endless":false,"potions_floor_spawned":[4,5,6,12,14,16,18,21,22,29,33,35,36,48],"ascension_level":8}