{"gold_per_floor":[13,28,46,46,56,82,82,94,94,94,123,123,123,152,152,248,248,260,278,278,296,296,296,308,373,373,248,248],"floor_reached":28,"playtime":1664,"items_purged":["Normality"],"score":323,"play_id":"0eac5548-37ca-4c66-9799-333b4e82ec05","local_time":"20190330230922","is_ascension_mode":true,"campfire_choices":[{"floor":12,"key":"REST"},{"floor":15,"key":"REST"},{"data":"Double Tap","floor":23,"key":"SMITH"}],"neow_cost":"NO_GOLD","seed_source_timestamp":1391659319276253,"circlet_count":0,"master_deck":["Strike_R","Strike_R","Defend_R","Defend_R","Defend_R","Defend_R","Bash","Shrug It Off","Sword Boomerang","Headbutt","Armaments","Inflame","Flame Barrier","Pommel Strike","Double Tap+1","Sword Boomerang+1","Flex","Warcry","Bludgeon","Shockwave+1"],"relics":["Burning Blood","Du-Vu Doll","Unceasing Top","Ice Cream","Pantograph","Incense Burner","Cursed Key","Tiny Chest","Kunai"],"potions_floor_usage":[6,8,14,14,18,25,28],"damage_taken":[{"damage":7,"enemies":"Jaw Worm","floor":1,"turns":3},{"damage":0,"enemies":"2 Louse","floor":2,"turns":2},{"damage":6,"enemies":"Cultist","floor":3,"turns":3},{"damage":13,"enemies":"Looter","floor":5,"turns":4},{"damage":18,"enemies":"Gremlin Nob","floor":6,"turns":4},{"damage":5,"enemies":"Gremlin Gang","floor":8,"turns":3},{"damage":32,"enemies":"3 Sentries","floor":11,"turns":7},{"damage":27,"enemies":"Lagavulin","floor":14,"turns":7},{"damage":66,"enemies":"The Guardian","floor":16,"turns":16},{"damage":11,"enemies":"2 Thieves","floor":18,"turns":3},{"damage":4,"enemies":"3 Byrds","floor":19,"turns":6},{"damage":28,"enemies":"3 Cultists","floor":21,"turns":4},{"damage":19,"enemies":"Cultist and Chosen","floor":24,"turns":5},{"damage":25,"enemies":"Book of Stabbing","floor":25,"turns":5},{"damage":9,"enemies":"Shelled Parasite and Fungi","floor":28,"turns":2}],"seed_played":"2564774539989026689","potions_obtained":[{"floor":2,"key":"SkillPotion"},{"floor":3,"key":"Ancient Potion"},{"floor":6,"key":"Explosive Potion"},{"floor":11,"key":"Explosive Potion"},{"floor":16,"key":"Poison Potion"},{"floor":21,"key":"Energy Potion"}],"is_trial":false,"path_per_floor":["M","M","M","?","M","E","?","M","T","?","E","R","?","E","R","B",null,"M","M","?","M","?","R","M","E","T","$","M"],"character_chosen":"IRONCLAD","items_purchased":["Swift Potion"],"campfire_rested":2,"item_purchase_floors":[27],"current_hp_per_floor":[79,80,80,80,73,61,61,62,62,55,29,53,53,32,56,20,65,60,62,62,40,40,40,27,8,8,8,0],"gold":248,"neow_bonus":"ONE_RARE_RELIC","is_prod":false,"is_daily":false,"chose_seed":false,"campfire_upgraded":1,"win_rate":0,"timestamp":1553954962,"path_taken":["M","M","M","?","M","E","?","?","T","?","E","R","?","E","R","BOSS","M","?","?","?","?","R","M","E","T","$","M"],"build_version":"2019-01-23","purchased_purges":1,"victory":false,"max_hp_per_floor":[80,80,80,80,80,80,80,80,80,80,80,80,80,80,80,80,80,80,80,80,80,80,80,80,80,80,80,80],"card_choices":[{"not_picked":["Dropkick","Sentinel"],"picked":"Shrug It Off","floor":1},{"not_picked":["Heavy Blade","Carnage"],"picked":"Sword Boomerang","floor":2},{"not_picked":["Sword Boomerang","Fire Breathing","Clothesline"],"picked":"SKIP","floor":3},{"not_picked":["Clothesline","Brutality"],"picked":"Headbutt","floor":5},{"not_picked":["Dropkick","Corruption"],"picked":"Armaments","floor":6},{"not_picked":["Heavy Blade","Flex"],"picked":"Inflame","floor":8},{"not_picked":["Hemokinesis","Carnage","Shockwave"],"picked":"SKIP","floor":11},{"not_picked":["Infernal Blade","Corruption"],"picked":"Pommel Strike","floor":14},{"not_picked":["Offering","Berserk"],"picked":"Double Tap","floor":16},{"not_picked":["Metallicize","Body Slam"],"picked":"Sword Boomerang+1","floor":18},{"not_picked":["Havoc+1","Sword Boomerang"],"picked":"Flex","floor":19},{"not_picked":["Pommel Strike","Reckless Charge"],"picked":"Warcry","floor":21},{"not_picked":["Wild Strike+1","Clash"],"picked":"Bludgeon","floor":24},{"not_picked":["Entrench","Twin Strike"],"picked":"Shockwave+1","floor":25}],"player_experience":207742,"relics_obtained":[{"floor":6,"key":"Unceasing Top"},{"floor":9,"key":"Ice Cream"},{"floor":11,"key":"Pantograph"},{"floor":14,"key":"Incense Burner"},{"floor":25,"key":"Tiny Chest"},{"floor":26,"key":"Kunai"}],"event_choices":[{"damage_healed":0,"gold_gain":0,"player_choice":"Ignored","damage_taken":0,"max_hp_gain":0,"max_hp_loss":0,"event_name":"Liars Game","floor":4,"gold_loss":0},{"cards_removed":["Strike_R"],"damage_healed":0,"gold_gain":0,"player_choice":"Offered Basic","damage_taken":0,"max_hp_gain":0,"max_hp_loss":0,"event_name":"Bonfire Elementals","floor":7,"gold_loss":0},{"cards_removed":["Strike_R"],"damage_healed":0,"gold_gain":0,"player_choice":"Card Removal","damage_taken":7,"max_hp_gain":0,"max_hp_loss":0,"event_name":"Golden Wing","floor":10,"gold_loss":0},{"damage_healed":0,"gold_gain":0,"cards_transformed":["Strike_R"],"player_choice":"Transformed","damage_taken":0,"max_hp_gain":0,"max_hp_loss":0,"event_name":"Transmorgrifier","floor":13,"gold_loss":0,"cards_obtained":["Flame Barrier"]},{"damage_healed":0,"gold_gain":0,"player_choice":"Ignored","damage_taken":0,"max_hp_gain":0,"max_hp_loss":0,"event_name":"N\u0027loth","floor":20,"gold_loss":0},{"damage_healed":0,"gold_gain":0,"player_choice":"Leave","damage_taken":0,"max_hp_gain":0,"max_hp_loss":0,"event_name":"FaceTrader","floor":22,"gold_loss":0}],"is_beta":false,"boss_relics":[{"not_picked":["Astrolabe","Snecko Eye"],"picked":"Cursed Key"}],"items_purged_floors":[27],"is_endless":false,"potions_floor_spawned":[2,3,6,11,16,21],"killed_by":"Shelled Parasite and Fungi","ascension_level":5}