{"gold_per_floor":[117,117,133,148,167,167,194,194,194,194,214,179,179,211,211,211],"floor_reached":16,"playtime":940,"items_purged":[],"score":132,"play_id":"77b056da-4ef0-489c-8354-a8e378dd591a","local_time":"20190324081332","is_ascension_mode":true,"campfire_choices":[{"data":"Warcry","floor":6,"key":"SMITH"},{"floor":8,"key":"REST"},{"data":"Iron Wave","floor":15,"key":"SMITH"}],"neow_cost":"PERCENT_DAMAGE","seed_source_timestamp":820195742432903,"circlet_count":0,"master_deck":["Strike_R","Strike_R","Strike_R+1","Strike_R","Defend_R","Defend_R","Defend_R","Bash","Sword Boomerang","Headbutt","Warcry+1","Spot Weakness+1","Intimidate+1","Iron Wave+1"],"relics":["Burning Blood","Thread and Needle","Question Card","Toxic Egg 2","Matryoshka"],"potions_floor_usage":[14,16,16],"damage_taken":[{"damage":1,"enemies":"Small Slimes","floor":1,"turns":3},{"damage":2,"enemies":"2 Louse","floor":3,"turns":2},{"damage":3,"enemies":"Jaw Worm","floor":4,"turns":3},{"damage":2,"enemies":"Exordium Wildlife","floor":5,"turns":3},{"damage":57,"enemies":"3 Sentries","floor":7,"turns":9},{"damage":2,"enemies":"2 Fungi Beasts","floor":11,"turns":2},{"damage":28,"enemies":"Lagavulin","floor":14,"turns":4},{"damage":40,"enemies":"Hexaghost","floor":16,"turns":9}],"seed_played":"4797826869376434489","potions_obtained":[{"floor":1,"key":"SpeedPotion"},{"floor":7,"key":"SmokeBomb"},{"floor":11,"key":"Regen Potion"},{"floor":14,"key":"FearPotion"}],"is_trial":false,"path_per_floor":["M","?","M","M","M","R","E","R","T","?","M","?","?","E","R","B"],"character_chosen":"IRONCLAD","items_purchased":[],"campfire_rested":1,"item_purchase_floors":[],"current_hp_per_floor":[61,61,65,68,72,72,21,45,45,29,33,53,46,36,36,0],"gold":211,"neow_bonus":"ONE_RARE_RELIC","is_prod":false,"is_daily":false,"chose_seed":false,"campfire_upgraded":2,"win_rate":0,"timestamp":1553382812,"path_taken":["M","?","M","M","M","R","E","R","T","?","M","?","?","E","R","BOSS"],"build_version":"2019-01-23","purchased_purges":0,"victory":false,"max_hp_per_floor":[80,80,80,80,80,80,80,80,80,80,80,80,80,80,80,80],"card_choices":[{"not_picked":["Seeing Red","Twin Strike"],"picked":"Sword Boomerang","floor":1},{"not_picked":["Pommel Strike","Dropkick"],"picked":"Headbutt","floor":3},{"not_picked":["Iron Wave","Anger","Fire Breathing"],"picked":"SKIP","floor":4},{"not_picked":["Clash","Bludgeon"],"picked":"Warcry","floor":5},{"not_picked":["Juggernaut","Twin Strike"],"picked":"Spot Weakness","floor":7},{"not_picked":["Body Slam","Clash","Headbutt"],"picked":"Intimidate+1","floor":11},{"not_picked":["Clash","Second Wind+1","Whirlwind"],"picked":"Iron Wave","floor":14}],"player_experience":147963,"relics_obtained":[{"floor":7,"key":"Question Card"},{"floor":9,"key":"Toxic Egg 2"},{"floor":14,"key":"Matryoshka"}],"event_choices":[{"cards_removed":["Defend_R"],"damage_healed":0,"gold_gain":0,"player_choice":"Forget","damage_taken":0,"max_hp_gain":0,"max_hp_loss":0,"event_name":"Living Wall","floor":2,"gold_loss":0},{"damage_healed":0,"gold_gain":0,"player_choice":"Entered Light","damage_taken":16,"max_hp_gain":0,"max_hp_loss":0,"event_name":"Shining Light","floor":10,"gold_loss":0,"cards_upgraded":["Strike_R","Spot Weakness"]},{"damage_healed":20,"gold_gain":0,"player_choice":"Healed","damage_taken":0,"max_hp_gain":0,"max_hp_loss":0,"event_name":"The Cleric","floor":12,"gold_loss":35},{"cards_removed":["Strike_R"],"damage_healed":0,"gold_gain":0,"player_choice":"Card Removal","damage_taken":7,"max_hp_gain":0,"max_hp_loss":0,"event_name":"Golden Wing","floor":13,"gold_loss":0}],"is_beta":false,"boss_relics":[],"items_purged_floors":[],"is_endless":false,"potions_floor_spawned":[1,7,11,14],"killed_by":"Hexaghost","ascension_level":4}