{"gold_per_floor":[17,31,31,31,31,31,63,81,129,129,142,172,186,210,210,306,306,319,244,244,244,261,294,308,334,413,413,445,445,465,485,485,581,581,599,614,614,163,179,205,205,225,225,259,289,320,320,347,347,347],"floor_reached":51,"playtime":2486,"items_purged":["Flex","Decay"],"score":956,"play_id":"c0cbf449-32f9-459f-937f-21498b08d27e","local_time":"20190108162149","is_ascension_mode":true,"campfire_choices":[{"data":"Perfected Strike","floor":6,"key":"SMITH"},{"data":"Whirlwind","floor":10,"key":"SMITH"},{"data":"Whirlwind","floor":15,"key":"SMITH"},{"data":"Rage","floor":27,"key":"SMITH"},{"floor":29,"key":"REST"},{"data":"Twin Strike","floor":32,"key":"SMITH"},{"data":"Bash","floor":41,"key":"SMITH"},{"floor":47,"key":"REST"},{"data":"Demon Form","floor":49,"key":"SMITH"}],"neow_cost":"NO_GOLD","seed_source_timestamp":244663540807872,"circlet_count":0,"master_deck":["Strike_R","Strike_R","Strike_R","Strike_R","Strike_R","Defend_R","Defend_R","Defend_R","Defend_R+1","Bash+1","Perfected Strike+1","Twin Strike+1","Seeing Red+1","Whirlwind+1","Whirlwind+1","Reaper","Pommel Strike+1","RitualDagger","Thunderclap+1","Headbutt+1","Rage+1","Reaper","Iron Wave+1","Demon Form+1","Impervious","Battle Trance+1","Perfected Strike+1"],"relics":["Burning Blood","Torii","Blood Vial","Lantern","Gremlin Horn","War Paint","Potion Belt","Odd Mushroom","Snecko Eye","Mercury Hourglass","Shuriken","Dodecahedron","Pantograph","Bag of Preparation","Busted Crown","Centennial Puzzle","WingedGreaves","Oddly Smooth Stone","Happy Flower","Strawberry","Bottled Flame","Bottled Tornado"],"potions_floor_usage":[12,23,24,40,46,46,46],"damage_taken":[{"damage":1,"enemies":"Jaw Worm","floor":1,"turns":5},{"damage":1,"enemies":"Small Slimes","floor":2,"turns":3},{"damage":31,"enemies":"Lagavulin","floor":7,"turns":5},{"damage":0,"enemies":"2 Louse","floor":8,"turns":1},{"damage":0,"enemies":"Exordium Wildlife","floor":11,"turns":1},{"damage":9,"enemies":"3 Sentries","floor":12,"turns":2},{"damage":0,"enemies":"Lots of Slimes","floor":13,"turns":1},{"damage":0,"enemies":"The Mushroom Lair","floor":14,"turns":1},{"damage":40,"enemies":"Slime Boss","floor":16,"turns":9},{"damage":0,"enemies":"Spheric Guardian","floor":18,"turns":2},{"damage":0,"enemies":"2 Thieves","floor":22,"turns":1},{"damage":42,"enemies":"Book of Stabbing","floor":23,"turns":5},{"damage":3,"enemies":"Snake Plant","floor":24,"turns":2},{"damage":32,"enemies":"Slavers","floor":25,"turns":2},{"damage":16,"enemies":"Book of Stabbing","floor":28,"turns":3},{"damage":0,"enemies":"3 Cultists","floor":30,"turns":1},{"damage":0,"enemies":"Snecko","floor":31,"turns":2},{"damage":17,"enemies":"Collector","floor":33,"turns":4},{"damage":0,"enemies":"3 Darklings","floor":35,"turns":2},{"damage":17,"enemies":"3 Shapes","floor":36,"turns":2},{"damage":0,"enemies":"3 Darklings","floor":39,"turns":1},{"damage":1,"enemies":"Nemesis","floor":40,"turns":5},{"damage":7,"enemies":"Sphere and 2 Shapes","floor":42,"turns":1},{"damage":0,"enemies":"Reptomancer","floor":44,"turns":2},{"damage":13,"enemies":"Giant Head","floor":45,"turns":5},{"damage":74,"enemies":"Nemesis","floor":46,"turns":5},{"damage":0,"enemies":"Reptomancer","floor":48,"turns":2},{"damage":43,"enemies":"Time Eater","floor":50,"turns":4}],"seed_played":"5323720188955857605","potions_obtained":[{"floor":7,"key":"Regen Potion"},{"floor":8,"key":"BloodPotion"},{"floor":11,"key":"Energy Potion"},{"floor":14,"key":"Weak Potion"},{"floor":16,"key":"Dexterity Potion"},{"floor":18,"key":"FearPotion"},{"floor":22,"key":"BloodPotion"},{"floor":28,"key":"Weak Potion"},{"floor":30,"key":"Ancient Potion"},{"floor":40,"key":"Explosive Potion"},{"floor":44,"key":"GamblersBrew"},{"floor":46,"key":"Explosive Potion"}],"is_trial":false,"path_per_floor":["M","M","?","?","?","R","E","M","T","R","M","E","M","?","R","B",null,"M","$","?","T","M","E","M","E","T","R","E","R","M","M","R","B",null,"M","M","?","$","M","E","R","M","T","E","E","E","R","E","R","B",null],"character_chosen":"IRONCLAD","items_purchased":["Centennial Puzzle","Impervious","SteroidPotion"],"campfire_rested":2,"item_purchase_floors":[38,38,38],"current_hp_per_floor":[80,80,80,80,77,77,54,62,62,62,70,69,77,80,80,46,80,80,80,74,74,80,50,61,37,37,37,38,62,73,80,80,69,80,80,73,73,73,80,80,80,79,79,80,87,37,63,87,87,63],"gold":347,"neow_bonus":"ONE_RARE_RELIC","is_prod":false,"is_daily":false,"chose_seed":false,"campfire_upgraded":7,"win_rate":0,"timestamp":1546964509,"path_taken":["M","M","?","?","?","R","E","M","T","R","M","E","?","?","R","BOSS","M","$","?","?","M","E","M","E","T","R","E","R","?","M","R","BOSS","M","M","?","$","?","E","R","M","T","E","E","E","R","E","R","BOSS"],"build_version":"2019-01-03v4","purchased_purges":2,"victory":true,"max_hp_per_floor":[80,80,80,80,80,80,80,80,80,80,80,80,80,80,80,80,80,80,80,80,80,80,80,80,80,80,80,80,80,80,80,80,80,80,80,80,80,80,80,80,80,80,80,80,87,87,87,87,87,87],"card_choices":[{"not_picked":["True Grit","Burning Pact"],"picked":"Perfected Strike","floor":1},{"not_picked":["Sword Boomerang","Clothesline"],"picked":"Twin Strike","floor":2},{"not_picked":["Dual Wield","Reckless Charge"],"picked":"Seeing Red","floor":7},{"not_picked":["Bloodletting","Sever Soul"],"picked":"Whirlwind","floor":8},{"not_picked":["Spot Weakness","Feed"],"picked":"Flex","floor":11},{"not_picked":["Shrug It Off","Rampage","Body Slam"],"picked":"SKIP","floor":12},{"not_picked":["Twin Strike","Entrench"],"picked":"Whirlwind","floor":13},{"not_picked":["Demon Form","Barricade"],"picked":"Reaper","floor":16},{"not_picked":["True Grit","Ghostly Armor"],"picked":"Pommel Strike+1","floor":18},{"not_picked":["Clothesline","Flex+1"],"picked":"Thunderclap+1","floor":22},{"not_picked":["Armaments","Twin Strike"],"picked":"Headbutt+1","floor":23},{"not_picked":["Dark Embrace","Rampage","Dropkick"],"picked":"SKIP","floor":24},{"not_picked":["Ghostly Armor","Flame Barrier"],"picked":"Rage","floor":25},{"not_picked":["Feel No Pain","Body Slam+1"],"picked":"Reaper","floor":28},{"not_picked":["Perfected Strike","Power Through","Pommel Strike"],"picked":"SKIP","floor":30},{"not_picked":["Rampage","Thunderclap+1"],"picked":"Iron Wave+1","floor":31},{"not_picked":["Brutality","Impervious"],"picked":"Demon Form","floor":33},{"not_picked":["Thunderclap"],"picked":"SKIP","floor":35},{"not_picked":["Warcry"],"picked":"SKIP","floor":36},{"not_picked":["Dual Wield"],"picked":"SKIP","floor":39},{"not_picked":[],"picked":"Battle Trance+1","floor":40},{"not_picked":["Corruption"],"picked":"SKIP","floor":42},{"not_picked":["Warcry"],"picked":"SKIP","floor":44},{"not_picked":[],"picked":"Perfected Strike+1","floor":45},{"not_picked":["Cleave+1"],"picked":"SKIP","floor":46},{"not_picked":["Body Slam+1"],"picked":"SKIP","floor":48}],"player_experience":663354,"relics_obtained":[{"floor":7,"key":"Gremlin Horn"},{"floor":9,"key":"War Paint"},{"floor":12,"key":"Potion Belt"},{"floor":14,"key":"Odd Mushroom"},{"floor":21,"key":"Mercury Hourglass"},{"floor":23,"key":"Shuriken"},{"floor":25,"key":"Dodecahedron"},{"floor":26,"key":"Pantograph"},{"floor":28,"key":"Bag of Preparation"},{"floor":40,"key":"WingedGreaves"},{"floor":43,"key":"Oddly Smooth Stone"},{"floor":44,"key":"Happy Flower"},{"floor":45,"key":"Strawberry"},{"floor":46,"key":"Bottled Flame"},{"floor":48,"key":"Bottled Tornado"}],"event_choices":[{"damage_healed":0,"gold_gain":0,"player_choice":"Box","damage_taken":0,"relics_obtained":["Blood Vial"],"max_hp_gain":0,"max_hp_loss":0,"event_name":"Big Fish","floor":3,"gold_loss":0,"cards_obtained":["Regret"]},{"cards_removed":["Regret"],"damage_healed":0,"gold_gain":0,"player_choice":"Forget","damage_taken":0,"max_hp_gain":0,"max_hp_loss":0,"event_name":"Living Wall","floor":4,"gold_loss":0},{"damage_healed":0,"gold_gain":0,"player_choice":"Success","damage_taken":3,"relics_obtained":["Lantern"],"max_hp_gain":0,"max_hp_loss":0,"event_name":"Scrap Ooze","floor":5,"gold_loss":0},{"damage_healed":0,"gold_gain":0,"player_choice":"Fought Mushrooms","damage_taken":0,"max_hp_gain":0,"max_hp_loss":0,"event_name":"Mushrooms","floor":14,"gold_loss":0},{"damage_healed":0,"gold_gain":0,"player_choice":"Joined the Cult","damage_taken":6,"max_hp_gain":0,"max_hp_loss":0,"event_name":"Nest","floor":20,"gold_loss":0,"cards_obtained":["RitualDagger"]},{"damage_healed":0,"gold_gain":0,"player_choice":"Cursed","damage_taken":0,"max_hp_gain":0,"max_hp_loss":0,"event_name":"Wheel of Change","floor":37,"gold_loss":0,"cards_obtained":["Decay"]}],"is_beta":false,"boss_relics":[{"not_picked":["Runic Cube","Tiny House"],"picked":"Snecko Eye"},{"not_picked":["Lizard Tail","Cursed Key"],"picked":"Busted Crown"}],"items_purged_floors":[19,38],"is_endless":false,"potions_floor_spawned":[7,8,11,14,16,18,22,28,30,35,40,42,44,46],"ascension_level":1}