{"gold_per_floor":[119,294,306,85,105,132,132,161,161,181,191,191,211,236,236,340,340,359,372,287,305,125,125,160,160,160,185,185,211,211,543,543,639,639,649,667,684,729,196,196,214,214,239,239,239,255,255,255],"floor_reached":48,"playtime":2269,"items_purged":["Doubt","Strike_B"],"score":685,"play_id":"ca23f782-5344-42ef-9ba6-e6ab9bdc9ec4","local_time":"20180815152756","is_ascension_mode":true,"campfire_choices":[{"data":"Defragment","floor":7,"key":"SMITH"},{"floor":15,"key":"REST"},{"floor":23,"key":"REST"},{"floor":25,"key":"REST"},{"floor":30,"key":"REST"},{"data":"Defragment","floor":32,"key":"SMITH"},{"data":"Electrodynamics","floor":40,"key":"SMITH"},{"floor":42,"key":"REST"},{"data":"Sunder","floor":47,"key":"SMITH"}],"neow_cost":"NONE","seed_source_timestamp":15677877270317,"circlet_count":0,"master_deck":["Strike_B","Strike_B","Strike_B","Defend_B","Defend_B","Defend_B","Defend_B","Zap","Dualcast","Sweeping Beam","Ball Lightning","Defragment+1","Sunder+1","Defragment+1","Ball Lightning","Compile Driver","Conserve Battery","Ball Lightning","Electrodynamics+1","Defragment","Chill","Cold Snap","Stack","Conserve Battery","Go for the Eyes+1","Undo","Reinforced Body+1","Self Repair","Electrodynamics","Steam+1","Seek","Melter+1","Hello World","Stack","Steam+1","Madness","Madness","Defragment+1","Stack+1"],"relics":["Cracked Core","Letter Opener","Bottled Lightning","Bottled Flame","Potion Belt","Orrery","Regal Pillow","Oddly Smooth Stone","Matryoshka","Juzu Bracelet","Happy Flower","Bag of Preparation","Old Coin","Eternal Feather","Peace Pipe","Bottled Tornado","Blood Vial","Anchor","Centennial Puzzle"],"potions_floor_usage":[6,6,8,14,14,16,16,24,33,37,38,38],"damage_taken":[{"damage":2,"enemies":"Jaw Worm","floor":1,"turns":3},{"damage":6,"enemies":"2 Louse","floor":3,"turns":2},{"damage":6,"enemies":"Cultist","floor":5,"turns":3},{"damage":18,"enemies":"Lagavulin","floor":6,"turns":7},{"damage":16,"enemies":"Gremlin Nob","floor":8,"turns":3},{"damage":12,"enemies":"Looter","floor":10,"turns":3},{"damage":5,"enemies":"Gremlin Gang","floor":11,"turns":6},{"damage":9,"enemies":"2 Fungi Beasts","floor":13,"turns":4},{"damage":5,"enemies":"3 Sentries","floor":14,"turns":5},{"damage":21,"enemies":"The Guardian","floor":16,"turns":9},{"damage":38,"enemies":"2 Thieves","floor":18,"turns":4},{"damage":12,"enemies":"Chosen","floor":19,"turns":4},{"damage":16,"enemies":"3 Cultists","floor":21,"turns":3},{"damage":40,"enemies":"Slavers","floor":24,"turns":6},{"damage":28,"enemies":"Book of Stabbing","floor":27,"turns":8},{"damage":3,"enemies":"Gremlin Leader","floor":31,"turns":6},{"damage":12,"enemies":"Champ","floor":33,"turns":12},{"damage":34,"enemies":"3 Darklings","floor":35,"turns":5},{"damage":19,"enemies":"Orb Walker","floor":36,"turns":4},{"damage":27,"enemies":"Sphere and 2 Shapes","floor":37,"turns":6},{"damage":29,"floor":38,"turns":5},{"damage":20,"enemies":"4 Shapes","floor":41,"turns":2},{"damage":9,"enemies":"3 Darklings","floor":46,"turns":3},{"damage":105,"enemies":"Giant Head","floor":48,"turns":10}],"seed_played":"-6523240720865075883","potions_obtained":[{"floor":0,"key":"AttackPotion"},{"floor":0,"key":"Block Potion"},{"floor":0,"key":"Regen Potion"},{"floor":8,"key":"Energy Potion"},{"floor":11,"key":"PowerPotion"},{"floor":12,"key":"Block Potion"},{"floor":12,"key":"Swift Potion"},{"floor":13,"key":"PowerPotion"},{"floor":14,"key":"SkillPotion"},{"floor":21,"key":"Energy Potion"},{"floor":24,"key":"Block Potion"},{"floor":33,"key":"Regen Potion"},{"floor":35,"key":"Weak Potion"},{"floor":37,"key":"Regen Potion"},{"floor":41,"key":"LiquidBronze"}],"is_trial":false,"path_per_floor":["M","?","M","$","M","E","R","E","T","M","M","?","M","E","R","B",null,"M","M","?","M","$","R","E","R","T","E","?","T","R","E","R","B",null,"M","M","M","?","$","R","M","R","T","?","?","M","R"],"character_chosen":"DEFECT","items_purchased":["Defragment","Sunder","Undo","Bottled Tornado","Blood Vial","Hello World","Stack"],"campfire_rested":5,"item_purchase_floors":[4,4,22,39,39,39,39],"current_hp_per_floor":[73,73,67,67,61,58,58,42,42,30,25,25,16,11,33,12,75,37,25,25,9,9,46,6,43,43,15,15,15,52,56,56,51,75,48,36,31,11,11,29,11,69,69,60,60,53,74,0],"gold":255,"neow_bonus":"THREE_SMALL_POTIONS","is_prod":false,"is_daily":false,"chose_seed":false,"campfire_upgraded":4,"win_rate":0,"timestamp":1534372076,"path_taken":["M","?","M","$","M","E","R","E","T","M","M","?","M","E","R","BOSS","M","M","?","M","?","R","E","R","T","E","?","?","R","E","R","BOSS","M","M","M","?","$","R","M","R","T","?","?","M","R","E"],"build_version":"2018-08-09","purchased_purges":2,"victory":false,"max_hp_per_floor":[75,75,75,75,75,75,75,75,75,75,75,75,75,75,75,75,75,75,75,75,75,75,75,75,75,75,75,75,75,75,75,75,75,75,75,75,75,75,75,75,75,75,75,75,75,75,75,75],"card_choices":[{"not_picked":["Recycle","Beam Cell"],"picked":"Sweeping Beam","floor":1},{"not_picked":["Fusion","Redo"],"picked":"Ball Lightning","floor":3},{"not_picked":["Barrage","Sweeping Beam","Doom and Gloom"],"picked":"SKIP","floor":5},{"not_picked":["Storm","Scrape","Barrage"],"picked":"SKIP","floor":6},{"not_picked":["Force Field","Consume"],"picked":"Defragment","floor":8},{"not_picked":["Go for the Eyes","Capacitor"],"picked":"Ball Lightning","floor":10},{"not_picked":["Steam","Meteor Strike"],"picked":"Compile Driver","floor":11},{"not_picked":["Rebound","Compile Driver"],"picked":"Conserve Battery","floor":13},{"not_picked":["Go for the Eyes","Coolheaded"],"picked":"Ball Lightning","floor":14},{"not_picked":["Rainbow","Buffer"],"picked":"Electrodynamics","floor":16},{"not_picked":["Compile Driver","Sweeping Beam"],"picked":"Defragment","floor":17},{"not_picked":["Coolheaded","Reprogram"],"picked":"Chill","floor":17},{"not_picked":["Sweeping Beam","Steam"],"picked":"Cold Snap","floor":17},{"not_picked":["Rip and Tear","Reprogram"],"picked":"Stack","floor":17},{"not_picked":["Steam","Blizzard"],"picked":"Conserve Battery","floor":18},{"not_picked":["Leap","Streamline+1"],"picked":"Go for the Eyes+1","floor":19},{"not_picked":["Barrage","Storm","Steam Power"],"picked":"SKIP","floor":21},{"not_picked":["Meteor Strike","Rainbow"],"picked":"Reinforced Body+1","floor":24},{"not_picked":["Gash","Rebound","Blizzard"],"picked":"SKIP","floor":27},{"not_picked":["Thunder Strike","Ball Lightning","Rip and Tear+1"],"picked":"SKIP","floor":31},{"not_picked":["Machine Learning","Reboot"],"picked":"Electrodynamics","floor":33},{"not_picked":["Barrage","Turbo+1","Gash"],"picked":"SKIP","floor":35},{"not_picked":["Gash+1","Redo"],"picked":"Steam+1","floor":36},{"not_picked":["Gash","Go for the Eyes"],"picked":"Seek","floor":37},{"not_picked":["Turbo+1","Double Energy"],"picked":"Melter+1","floor":38},{"not_picked":["Sweeping Beam","FTL+1"],"picked":"Steam+1","floor":41},{"not_picked":["Turbo+1","Rebound+1"],"picked":"Stack+1","floor":46}],"player_experience":71895,"relics_obtained":[{"floor":6,"key":"Letter Opener"},{"floor":8,"key":"Bottled Lightning"},{"floor":9,"key":"Bottled Flame"},{"floor":14,"key":"Potion Belt"},{"floor":24,"key":"Oddly Smooth Stone"},{"floor":26,"key":"Matryoshka"},{"floor":27,"key":"Juzu Bracelet"},{"floor":29,"key":"Happy Flower"},{"floor":29,"key":"Bag of Preparation"},{"floor":31,"key":"Old Coin"},{"floor":38,"key":"Peace Pipe"},{"floor":43,"key":"Anchor"},{"floor":43,"key":"Centennial Puzzle"}],"event_choices":[{"event_name":"Liars Game","player_choice":"agreed","floor":2,"damage_taken":0},{"event_name":"The Lab","player_choice":"Got Potions","floor":12,"damage_taken":0},{"event_name":"Addict","player_choice":"Obtained Relic","floor":20,"damage_taken":0},{"event_name":"Match and Keep!","player_choice":"1 cards matched","floor":28,"damage_taken":0},{"event_name":"Mysterious Sphere","player_choice":"Fight","floor":38,"damage_taken":0},{"event_name":"Winding Halls","player_choice":"Embrace Madness","floor":44,"damage_taken":0},{"event_name":"Duplicator","player_choice":"One dupe","floor":45,"damage_taken":0}],"is_beta":false,"boss_relics":[{"not_picked":["Philosopher\u0027s Stone","Black Star"],"picked":"Orrery"},{"not_picked":["Runic Dome","Lizard Tail"],"picked":"Eternal Feather"}],"items_purged_floors":[4,22],"is_endless":false,"potions_floor_spawned":[8,11,13,14,21,24,33,35,37,41],"killed_by":"Giant Head","ascension_level":4}