{"gold_per_floor":[111,1,15,28,41,41,71,90,90,90,104,104,115,67,67,164,164,181,181],"floor_reached":19,"playtime":870,"items_purged":["Strike_R"],"score":171,"play_id":"b2352b84-917a-4f27-ac0d-729e7b273e12","local_time":"20181205150757","is_ascension_mode":false,"campfire_choices":[{"data":"Rupture","floor":6,"key":"SMITH"},{"data":"Dual Wield","floor":10,"key":"SMITH"},{"floor":15,"key":"REST"}],"neow_cost":"NONE","seed_source_timestamp":242236752819018,"circlet_count":0,"master_deck":["Strike_R","Strike_R","Strike_R","Strike_R","Defend_R","Defend_R","Defend_R","Defend_R","Bash","Combust","Rupture+1","Flame Barrier","Dual Wield+1","Reaper"],"relics":["Burning Blood"],"potions_floor_usage":[4,8,8,13,18],"damage_taken":[{"damage":2,"enemies":"2 Louse","floor":1,"turns":2},{"damage":4,"enemies":"Small Slimes","floor":3,"turns":3},{"damage":1,"enemies":"Jaw Worm","floor":4,"turns":3},{"damage":19,"enemies":"Exordium Thugs","floor":5,"turns":5},{"damage":41,"enemies":"Lagavulin","floor":7,"turns":6},{"damage":5,"enemies":"Blue Slaver","floor":8,"turns":4},{"damage":21,"enemies":"Large Slime","floor":11,"turns":6},{"damage":1,"enemies":"3 Louse","floor":13,"turns":3},{"damage":55,"enemies":"Slime Boss","floor":16,"turns":7},{"damage":68,"enemies":"Spheric Guardian","floor":18,"turns":10},{"damage":35,"enemies":"Colosseum Slavers","floor":19,"turns":3}],"seed_played":"-3204568896426734967","potions_obtained":[{"floor":1,"key":"AttackPotion"},{"floor":5,"key":"EssenceOfSteel"},{"floor":7,"key":"PowerPotion"},{"floor":11,"key":"Energy Potion"},{"floor":16,"key":"Block Potion"}],"is_trial":false,"path_per_floor":["M","$","M","M","M","R","E","M","T","R","M","?","M","?","R","B",null,"M","?"],"character_chosen":"IRONCLAD","items_purchased":["Rupture"],"campfire_rested":1,"item_purchase_floors":[2],"current_hp_per_floor":[88,88,88,88,75,75,40,41,41,41,26,26,31,31,57,8,88,26,0],"gold":181,"neow_bonus":"TEN_PERCENT_HP_BONUS","is_prod":false,"is_daily":false,"chose_seed":false,"campfire_upgraded":2,"win_rate":0,"timestamp":1544018877,"path_taken":["M","$","M","M","M","R","E","M","T","R","M","?","M","?","R","BOSS","M","?"],"build_version":"2018-11-15","purchased_purges":1,"victory":false,"max_hp_per_floor":[88,88,88,88,88,88,88,88,88,88,88,88,88,88,88,88,88,88,88],"card_choices":[{"not_picked":["Havoc","Second Wind"],"picked":"Combust","floor":1},{"not_picked":["Sword Boomerang","Sever Soul","Clash"],"picked":"SKIP","floor":3},{"not_picked":["Anger","Fire Breathing","Wild Strike"],"picked":"SKIP","floor":4},{"not_picked":["Perfected Strike","Combust","Warcry"],"picked":"SKIP","floor":5},{"not_picked":["Thunderclap","Havoc"],"picked":"Flame Barrier","floor":7},{"not_picked":["Havoc","Wild Strike"],"picked":"Dual Wield","floor":8},{"not_picked":["Armaments","Clash","Perfected Strike"],"picked":"SKIP","floor":11},{"not_picked":["True Grit","Warcry","Sentinel"],"picked":"SKIP","floor":13},{"not_picked":["Bludgeon","Brutality"],"picked":"Reaper","floor":16},{"not_picked":["Pummel","Thunderclap+1","Flex+1"],"picked":"SKIP","floor":18}],"player_experience":350716,"relics_obtained":[],"event_choices":[{"damage_healed":0,"gold_gain":0,"player_choice":"Ignored","damage_taken":0,"max_hp_gain":0,"max_hp_loss":0,"event_name":"Golden Idol","floor":12,"gold_loss":0},{"damage_healed":0,"gold_gain":0,"player_choice":"Left Gold","damage_taken":0,"max_hp_gain":0,"max_hp_loss":0,"event_name":"World of Goop","floor":14,"gold_loss":48},{"damage_healed":0,"gold_gain":0,"player_choice":"Fight","damage_taken":0,"max_hp_gain":0,"max_hp_loss":0,"event_name":"Colosseum","floor":19,"gold_loss":0}],"is_beta":false,"boss_relics":[{"not_picked":[]}],"items_purged_floors":[2],"is_endless":false,"potions_floor_spawned":[1,5,7,11,16],"killed_by":"Colosseum Slavers","ascension_level":0}