{"gold_per_floor":[114,129,140,140,156,183,195,172,184,209,231,243,266,289,301,417,429,354,269,12,12,12,12,12],"floor_reached":24,"playtime":799,"items_purged":[],"score":220,"play_id":"1138352e-cad9-46b9-b4b0-2b87c5b6342e","local_time":"20190314214818","is_ascension_mode":true,"campfire_choices":[{"floor":7,"key":"REST"},{"data":"Loop","floor":12,"key":"SMITH"},{"floor":15,"key":"REST"},{"data":"Defragment","floor":23,"key":"SMITH"}],"neow_cost":"NONE","seed_source_timestamp":152607586472981,"circlet_count":0,"master_deck":["Strike_B","Strike_B","Strike_B","Strike_B","Defend_B","Defend_B","Defend_B","Zap","Dualcast","Ball Lightning","Redo","Streamline+1","Conserve Battery","Loop+1","Leap","Defragment+1","Consume","Seek","Fusion","Hologram"],"relics":["Cracked Core","NeowsBlessing","MawBank","Dodecahedron","Ectoplasm","Girya","Strange Spoon"],"potions_floor_usage":[6,6,16,16,16,22,22],"damage_taken":[{"damage":0,"enemies":"Jaw Worm","floor":1,"turns":1},{"damage":0,"enemies":"2 Louse","floor":2,"turns":1},{"damage":0,"enemies":"Cultist","floor":3,"turns":1},{"damage":6,"enemies":"Looter","floor":5,"turns":2},{"damage":23,"enemies":"Lagavulin","floor":6,"turns":5},{"damage":4,"enemies":"2 Fungi Beasts","floor":10,"turns":3},{"damage":23,"enemies":"Exordium Thugs","floor":11,"turns":4},{"damage":4,"enemies":"Looter","floor":13,"turns":2},{"damage":0,"enemies":"2 Fungi Beasts","floor":14,"turns":2},{"damage":16,"enemies":"Hexaghost","floor":16,"turns":9},{"damage":40,"enemies":"2 Thieves","floor":18,"turns":4},{"damage":0,"enemies":"3 Byrds","floor":22,"turns":2},{"damage":36,"enemies":"3 Cultists","floor":24,"turns":4}],"seed_played":"-7789343458832301684","potions_obtained":[{"floor":2,"key":"PowerPotion"},{"floor":3,"key":"Ancient Potion"},{"floor":11,"key":"Dexterity Potion"},{"floor":13,"key":"Block Potion"},{"floor":14,"key":"Fire Potion"},{"floor":16,"key":"SmokeBomb"},{"floor":18,"key":"Swift Potion"}],"is_trial":false,"path_per_floor":["M","M","M","?","M","E","R","?","T","M","M","R","M","M","R","B",null,"M","?","$","?","M","R","M"],"character_chosen":"DEFECT","items_purchased":["Strange Spoon","Hologram"],"campfire_rested":2,"item_purchase_floors":[20,20],"current_hp_per_floor":[75,75,75,75,69,46,68,75,75,71,48,48,44,44,66,50,75,35,35,35,35,35,35,0],"gold":12,"neow_bonus":"THREE_ENEMY_KILL","is_prod":false,"is_daily":false,"chose_seed":false,"campfire_upgraded":2,"win_rate":0,"timestamp":1552625298,"path_taken":["M","M","M","?","M","E","R","?","T","M","M","R","M","M","R","BOSS","M","?","$","?","?","R","M"],"build_version":"2019-01-23","purchased_purges":0,"victory":false,"max_hp_per_floor":[75,75,75,75,75,75,75,75,75,75,75,75,75,75,75,75,75,75,75,75,75,75,75,75],"card_choices":[{"not_picked":["Coolheaded","FTL"],"picked":"Ball Lightning","floor":1},{"not_picked":["Go for the Eyes","Steam"],"picked":"Redo","floor":2},{"not_picked":["Compile Driver","Rebound"],"picked":"Streamline","floor":3},{"not_picked":["Streamline","Cold Snap"],"picked":"Conserve Battery","floor":5},{"not_picked":["Ball Lightning","Steam"],"picked":"Loop","floor":6},{"not_picked":["Barrage","Coolheaded","Blizzard"],"picked":"SKIP","floor":10},{"not_picked":["Double Energy","Rebound"],"picked":"Leap","floor":11},{"not_picked":["Turbo","Scrape"],"picked":"Defragment","floor":13},{"not_picked":["Steam","Rainbow"],"picked":"Consume","floor":14},{"not_picked":["Reboot","Hyperbeam"],"picked":"Seek","floor":16},{"not_picked":["Gash","Ball Lightning+1"],"picked":"Fusion","floor":18}],"player_experience":362049,"relics_obtained":[{"floor":6,"key":"MawBank"},{"floor":9,"key":"Dodecahedron"}],"event_choices":[{"damage_healed":0,"gold_gain":0,"player_choice":"Grow","damage_taken":0,"max_hp_gain":0,"max_hp_loss":0,"event_name":"Living Wall","floor":4,"gold_loss":0,"cards_upgraded":["Streamline"]},{"damage_healed":18,"gold_gain":0,"player_choice":"Healed","damage_taken":0,"max_hp_gain":0,"max_hp_loss":0,"event_name":"The Cleric","floor":8,"gold_loss":35},{"damage_healed":0,"gold_gain":0,"player_choice":"Obtained Relic","damage_taken":0,"relics_obtained":["Girya"],"max_hp_gain":0,"max_hp_loss":0,"event_name":"Addict","floor":19,"gold_loss":85},{"cards_removed":["Defend_B"],"damage_healed":0,"gold_gain":0,"player_choice":"Offered Basic","damage_taken":0,"max_hp_gain":0,"max_hp_loss":0,"event_name":"Bonfire Elementals","floor":21,"gold_loss":0}],"is_beta":false,"boss_relics":[{"not_picked":["Sozu","Eternal Feather"],"picked":"Ectoplasm"}],"items_purged_floors":[],"is_endless":false,"potions_floor_spawned":[2,3,11,13,14,16,18],"killed_by":"3 Cultists","ascension_level":2}