{"gold_per_floor":[117,136,68,88,88,88,88,88,88,152,164,164,214,249,249,347,347,364,379,379],"floor_reached":20,"playtime":1171,"items_purged":[],"score":270,"play_id":"3b090a02-b88f-4be3-a269-b4a2378db5ba","local_time":"20190503231758","is_ascension_mode":true,"campfire_choices":[{"data":"Searing Blow","floor":6.0,"key":"SMITH"},{"data":"Deep Breath","floor":8.0,"key":"SMITH"},{"data":"Searing Blow+1","floor":12.0,"key":"SMITH"},{"data":"Rampage","floor":15.0,"key":"SMITH"}],"neow_cost":"NONE","seed_source_timestamp":1776732807067715,"circlet_count":0,"master_deck":["AscendersBane","Strike_R","Defend_R","Defend_R","Defend_R","Defend_R","Bash","Deep Breath+1","Warcry","Shrug It Off","Searing Blow+2","True Grit","Rampage+1","Headbutt","Brutality","Headbutt","Feed","Pommel Strike"],"special_seed":0,"relics":["Burning Blood","SsserpentHead","Question Card","Nunchaku","Empty Cage"],"potions_floor_usage":[],"damage_taken":[{"damage":1.0,"enemies":"Cultist","floor":1.0,"turns":3.0},{"damage":16.0,"enemies":"2 Louse","floor":2.0,"turns":3.0},{"damage":4.0,"enemies":"Jaw Worm","floor":4.0,"turns":3.0},{"damage":20.0,"enemies":"Gremlin Gang","floor":10.0,"turns":10.0},{"damage":6.0,"enemies":"Looter","floor":11.0,"turns":3.0},{"damage":25.0,"enemies":"3 Sentries","floor":14.0,"turns":7.0},{"damage":39.0,"enemies":"The Guardian","floor":16.0,"turns":12.0},{"damage":18.0,"enemies":"3 Byrds","floor":18.0,"turns":7.0},{"damage":46,"enemies":"2 Thieves","floor":19,"turns":4},{"damage":16,"enemies":"Snake Plant","floor":20,"turns":1}],"seed_played":"6551044095913685824","potions_obtained":[{"floor":1.0,"key":"Regen Potion"},{"floor":10.0,"key":"Fire Potion"},{"floor":11.0,"key":"SteroidPotion"},{"floor":14.0,"key":"EssenceOfSteel"}],"is_trial":false,"path_per_floor":["M","M","$","M","?","R","?","R","T","M","M","R","?","E","R","B",null,"M","M","M"],"character_chosen":"IRONCLAD","items_purchased":["Searing Blow"],"campfire_rested":0,"item_purchase_floors":[3],"current_hp_per_floor":[77,67,67,69,62,62,62,62,62,63,63,63,63,44,44,11,63,51,11,0],"gold":379,"neow_bonus":"RANDOM_COLORLESS","is_prod":false,"is_daily":false,"chose_seed":false,"campfire_upgraded":4,"win_rate":0,"timestamp":1556893078,"path_taken":["M","M","$","?","?","R","?","R","T","?","M","R","?","E","R","BOSS","M","M","M"],"build_version":"2019-01-23","purchased_purges":0,"victory":false,"max_hp_per_floor":[80,80,80,80,80,80,80,80,80,80,80,80,80,80,80,80,80,80,80,80],"card_choices":[{"not_picked":["Wild Strike","Flex"],"picked":"Warcry","floor":1.0},{"not_picked":["Sever Soul","Rage"],"picked":"Shrug It Off","floor":2.0},{"not_picked":["Armaments","Intimidate"],"picked":"True Grit","floor":4.0},{"not_picked":["Thunderclap","Perfected Strike","Iron Wave"],"picked":"Rampage","floor":10.0},{"not_picked":["Searing Blow","Limit Break","Intimidate"],"picked":"Headbutt","floor":11.0},{"not_picked":["Spot Weakness","Hemokinesis","Heavy Blade"],"picked":"Headbutt","floor":14.0},{"not_picked":["Bludgeon","Brutality","Demon Form"],"picked":"Feed","floor":16.0},{"not_picked":["Heavy Blade+1","Wild Strike","Dropkick"],"picked":"Pommel Strike","floor":18.0},{"not_picked":["Twin Strike","Cleave","Inflame","Sword Boomerang+1"],"picked":"SKIP","floor":19}],"player_experience":481873,"relics_obtained":[{"floor":9.0,"key":"Question Card"},{"floor":14.0,"key":"Nunchaku"}],"event_choices":[{"cards_removed":["Strike_R"],"damage_healed":0.0,"max_hp_gain":0.0,"max_hp_loss":0.0,"gold_gain":0.0,"event_name":"Golden Wing","player_choice":"Card Removal","floor":5.0,"gold_loss":0.0,"damage_taken":7.0},{"damage_healed":0.0,"max_hp_gain":0.0,"max_hp_loss":0.0,"gold_gain":0.0,"event_name":"FaceTrader","player_choice":"Trade","floor":7.0,"gold_loss":0.0,"damage_taken":0.0,"relics_obtained":["SsserpentHead"]},{"damage_healed":0.0,"max_hp_gain":0.0,"max_hp_loss":0.0,"gold_gain":0.0,"cards_transformed":["Strike_R"],"event_name":"Transmorgrifier","player_choice":"Transformed","floor":13.0,"gold_loss":0.0,"damage_taken":0.0,"cards_obtained":["Brutality"]}],"is_beta":false,"boss_relics":[{"not_picked":["Mark of Pain","Lizard Tail"],"picked":"Empty Cage"}],"items_purged_floors":[],"is_endless":false,"potions_floor_spawned":[1,10,11,14],"killed_by":"Snake Plant","ascension_level":11}