{"gold_per_floor":[112,131,206,84,100,100,125,125,194,227,239,239,253,253,253,349,349,361,286,299,299,311,311,330,361,361,361,376,387,387,143,143,248,248,266,191,210,310,310,310,323,323,323,342,342,361,381,391,391,391],"floor_reached":51,"playtime":1976,"items_purged":["Writhe"],"score":973,"play_id":"82f23a8a-1ab1-4b04-ac6a-e7b479e4bb89","local_time":"20190505215218","is_ascension_mode":true,"campfire_choices":[{"data":"Armaments","floor":6,"key":"SMITH"},{"data":"Body Slam","floor":12,"key":"SMITH"},{"data":"Pommel Strike","floor":15,"key":"SMITH"},{"data":"Perfected Strike","floor":23,"key":"SMITH"},{"data":"Bash","floor":27,"key":"SMITH"},{"data":"Iron Wave","floor":30,"key":"SMITH"},{"data":"Havoc","floor":32,"key":"SMITH"},{"data":"Flex","floor":40,"key":"SMITH"},{"data":"Perfected Strike","floor":45,"key":"SMITH"},{"data":"Shrug It Off","floor":49,"key":"SMITH"}],"neow_cost":"NONE","seed_source_timestamp":182070375465265,"circlet_count":0,"master_deck":["Strike_R","Strike_R+1","Strike_R","Defend_R+1","Defend_R","Defend_R+1","Bash+1","Body Slam+1","Armaments+1","Headbutt+1","Pommel Strike+1","Shrug It Off+1","Perfected Strike+1","Shrug It Off+1","Iron Wave+1","Shrug It Off+1","Havoc+1","Flex+1","Twin Strike+1","Thunderclap","Perfected Strike+1","Doubt","Flex+1"],"special_seed":0,"relics":["Coffee Dripper","Tiny Chest","Boot","War Paint","Matryoshka","Champion Belt","Cursed Key","Ice Cream","Whetstone","Turnip","Frozen Eye","Runic Pyramid","Torii","Ancient Tea Set","Singing Bowl"],"potions_floor_usage":[7,16,18,22,24,29,33,50],"damage_taken":[{"damage":0,"enemies":"Cultist","floor":1,"turns":4},{"damage":4,"enemies":"2 Louse","floor":2,"turns":3},{"damage":2,"enemies":"Jaw Worm","floor":5,"turns":4},{"damage":24,"enemies":"Gremlin Nob","floor":7,"turns":4},{"damage":17,"enemies":"3 Sentries","floor":10,"turns":8},{"damage":4,"enemies":"Blue Slaver","floor":11,"turns":3},{"damage":3,"enemies":"Lots of Slimes","floor":13,"turns":5},{"damage":7,"enemies":"Slime Boss","floor":16,"turns":8},{"damage":0,"enemies":"2 Thieves","floor":18,"turns":3},{"damage":0,"enemies":"3 Byrds","floor":20,"turns":6},{"damage":2,"enemies":"Snecko","floor":22,"turns":3},{"damage":1,"enemies":"3 Cultists","floor":24,"turns":4},{"damage":22,"enemies":"Slavers","floor":25,"turns":5},{"damage":0,"enemies":"Snake Plant","floor":28,"turns":2},{"damage":0,"enemies":"Cultist and Chosen","floor":29,"turns":3},{"damage":51,"enemies":"Collector","floor":33,"turns":13},{"damage":0,"enemies":"Orb Walker","floor":35,"turns":3},{"damage":0,"enemies":"3 Darklings","floor":37,"turns":7},{"damage":0,"enemies":"Mind Bloom Boss Battle","floor":38,"turns":5},{"damage":1,"enemies":"Spire Growth","floor":41,"turns":3},{"damage":4,"enemies":"Writhing Mass","floor":44,"turns":4},{"damage":0,"enemies":"Maw","floor":46,"turns":6},{"damage":0,"enemies":"Transient","floor":47,"turns":5},{"damage":23,"enemies":"Writhing Mass","floor":48,"turns":4},{"damage":23,"enemies":"Donu and Deca","floor":50,"turns":9}],"seed_played":"-5855794857516145670","potions_obtained":[{"floor":1,"key":"GamblersBrew"},{"floor":10,"key":"Block Potion"},{"floor":13,"key":"SkillPotion"},{"floor":21,"key":"Fire Potion"},{"floor":21,"key":"FairyPotion"},{"floor":21,"key":"SteroidPotion"},{"floor":22,"key":"SteroidPotion"},{"floor":24,"key":"SpeedPotion"},{"floor":29,"key":"SkillPotion"},{"floor":38,"key":"Ancient Potion"},{"floor":41,"key":"Weak Potion"}],"is_trial":false,"path_per_floor":["M","M","?","$","M","R","E","?","T","E","M","R","M","?","R","B",null,"M","?","M","?","M","R","M","E","T","R","M","M","R","$","R","B",null,"M","$","M","?","?","R","M","?","T","M","R","M","M","M","R","B",null],"character_chosen":"IRONCLAD","items_purchased":["Tiny Chest","Havoc","Frozen Eye"],"campfire_rested":0,"item_purchase_floors":[4,31,31],"current_hp_per_floor":[80,76,65,65,63,63,39,39,39,22,18,18,15,15,15,8,80,80,80,80,80,78,78,77,55,55,55,55,55,55,55,55,4,80,80,80,80,80,80,80,79,79,79,77,77,77,79,58,58,35],"gold":391,"neow_bonus":"BOSS_RELIC","is_prod":false,"is_daily":false,"chose_seed":false,"campfire_upgraded":10,"win_rate":0,"timestamp":1557082338,"path_taken":["M","M","?","$","M","R","E","?","T","E","M","R","?","?","R","BOSS","M","?","M","?","?","R","M","E","T","R","M","M","R","$","R","BOSS","M","$","M","?","?","R","?","?","T","M","R","M","M","M","R","BOSS"],"build_version":"2019-01-23","purchased_purges":1,"victory":true,"max_hp_per_floor":[80,80,80,80,80,80,80,80,80,80,80,80,80,80,80,80,80,80,80,80,80,80,80,80,80,80,80,80,80,80,80,80,80,80,80,80,80,80,80,80,80,80,80,82,82,82,84,86,86,86],"card_choices":[{"not_picked":["Sentinel","Feel No Pain"],"picked":"Body Slam","floor":1},{"not_picked":["Body Slam","Entrench"],"picked":"Shrug It Off","floor":2},{"not_picked":["Battle Trance","Twin Strike"],"picked":"Armaments","floor":5},{"not_picked":["Immolate","Evolve"],"picked":"Headbutt","floor":7},{"not_picked":["Double Tap","Shockwave","Intimidate"],"picked":"SKIP","floor":10},{"not_picked":["Flex","Uppercut","Shockwave"],"picked":"SKIP","floor":11},{"not_picked":["Intimidate","Clash"],"picked":"Pommel Strike","floor":13},{"not_picked":["Flex","Flame Barrier"],"picked":"Shrug It Off+1","floor":18},{"not_picked":["Rupture","Sword Boomerang"],"picked":"Perfected Strike","floor":20},{"not_picked":["True Grit","Fire Breathing"],"picked":"Shrug It Off","floor":22},{"not_picked":["Ghostly Armor+1","Havoc"],"picked":"Iron Wave","floor":24},{"not_picked":["Havoc","Body Slam","Clothesline"],"picked":"SKIP","floor":25},{"not_picked":["Heavy Blade","Uppercut"],"picked":"Shrug It Off+1","floor":28},{"not_picked":["True Grit","Clothesline","Body Slam"],"picked":"SKIP","floor":29},{"not_picked":["Rage+1","Clothesline","Havoc"],"picked":"SKIP","floor":35},{"not_picked":["Clash","Burning Pact"],"picked":"Flex","floor":37},{"not_picked":["True Grit","Reckless Charge"],"picked":"Twin Strike+1","floor":38},{"not_picked":["Clash","True Grit"],"picked":"Perfected Strike","floor":41},{"not_picked":["Havoc","Bloodletting","Sever Soul+1"],"picked":"Singing Bowl","floor":44},{"not_picked":["Iron Wave+1","Anger"],"picked":"Flex+1","floor":46},{"not_picked":["Fire Breathing","Carnage","Flame Barrier"],"picked":"Singing Bowl","floor":47},{"not_picked":["Body Slam","Sentinel","Dual Wield+1"],"picked":"Singing Bowl","floor":48}],"player_experience":756304,"relics_obtained":[{"floor":7,"key":"Boot"},{"floor":9,"key":"Matryoshka"},{"floor":10,"key":"Champion Belt"},{"floor":25,"key":"Ice Cream"},{"floor":26,"key":"Whetstone"},{"floor":26,"key":"Turnip"},{"floor":38,"key":"Torii"},{"floor":43,"key":"Ancient Tea Set"},{"floor":43,"key":"Singing Bowl"}],"event_choices":[{"damage_healed":0,"gold_gain":75,"player_choice":"Gather Gold","damage_taken":11,"max_hp_gain":0,"max_hp_loss":0,"event_name":"World of Goop","floor":3,"gold_loss":0},{"cards_removed":["Shrug It Off"],"damage_healed":0,"gold_gain":0,"player_choice":"Gave Card","damage_taken":0,"relics_obtained":["War Paint"],"max_hp_gain":0,"max_hp_loss":0,"event_name":"WeMeetAgain","floor":8,"gold_loss":0},{"damage_healed":0,"gold_gain":0,"player_choice":"Ignored","damage_taken":0,"max_hp_gain":0,"max_hp_loss":0,"event_name":"Liars Game","floor":14,"gold_loss":0},{"cards_removed":["Strike_R"],"damage_healed":0,"gold_gain":0,"player_choice":"Gave Gold","damage_taken":0,"max_hp_gain":0,"max_hp_loss":0,"event_name":"Beggar","floor":19,"gold_loss":75},{"damage_healed":0,"gold_gain":0,"player_choice":"Got Potions","damage_taken":0,"max_hp_gain":0,"max_hp_loss":0,"event_name":"Lab","floor":21,"gold_loss":0},{"damage_healed":0,"gold_gain":0,"player_choice":"Fight","damage_taken":0,"max_hp_gain":0,"max_hp_loss":0,"event_name":"MindBloom","floor":38,"gold_loss":0},{"damage_healed":0,"gold_gain":0,"cards_transformed":["Defend_R"],"player_choice":"Transformed","damage_taken":0,"max_hp_gain":0,"max_hp_loss":0,"event_name":"Transmorgrifier","floor":39,"gold_loss":0,"cards_obtained":["Thunderclap"]},{"cards_removed":["Strike_R"],"damage_healed":0,"gold_gain":0,"player_choice":"Removed Attack","damage_taken":0,"max_hp_gain":0,"max_hp_loss":0,"event_name":"Falling","floor":42,"gold_loss":0}],"is_beta":false,"boss_relics":[{"not_picked":["Snecko Eye","Sozu"],"picked":"Cursed Key"},{"not_picked":["Pandora\u0027s Box","Eternal Feather"],"picked":"Runic Pyramid"}],"items_purged_floors":[36],"is_endless":false,"potions_floor_spawned":[1,10,13,22,24,25,29,38,41,46],"ascension_level":1}