{"gold_per_floor":[112,112,132,149,149,184,184,217,217,258,281,281,295,314,314,433,433,451,451,470,106,129,129,143,156,156,54,88,102,102],"floor_reached":30,"playtime":1048,"items_purged":["Strike_R"],"score":438,"play_id":"f8fec41d-7679-46b2-8503-d44292d48e65","local_time":"20190420140516","is_ascension_mode":true,"campfire_choices":[{"data":"Anger","floor":7,"key":"SMITH"},{"data":"Rage","floor":15,"key":"SMITH"},{"data":"Immolate","floor":23,"key":"SMITH"}],"neow_cost":"NONE","seed_source_timestamp":614513938720024,"circlet_count":0,"master_deck":["AscendersBane","Strike_R","Strike_R","Defend_R","Defend_R","Defend_R","Defend_R","Bash","Anger+1","Offering","Pommel Strike","Inflame","Rage+1","Immolate+1","Rage+1","Impervious","True Grit","Corruption","Entrench"],"relics":["Burning Blood","NeowsBlessing","Golden Idol","Mummified Hand","Vajra","Dodecahedron","Pen Nib","Happy Flower","Runic Pyramid","Prayer Wheel","Bottled Flame","Du-Vu Doll"],"potions_floor_usage":[6,8,16,16,28,30],"damage_taken":[{"damage":0,"enemies":"2 Louse","floor":1,"turns":1},{"damage":0,"enemies":"Cultist","floor":3,"turns":1},{"damage":0,"enemies":"Jaw Worm","floor":4,"turns":1},{"damage":25,"enemies":"3 Sentries","floor":6,"turns":7},{"damage":22,"enemies":"Gremlin Nob","floor":8,"turns":3},{"damage":16,"enemies":"3 Sentries","floor":10,"turns":6},{"damage":9,"enemies":"Looter","floor":11,"turns":2},{"damage":0,"enemies":"Exordium Wildlife","floor":13,"turns":3},{"damage":0,"enemies":"2 Fungi Beasts","floor":14,"turns":3},{"damage":26,"enemies":"The Guardian","floor":16,"turns":7},{"damage":9,"enemies":"3 Byrds","floor":18,"turns":4},{"damage":7,"enemies":"Chosen","floor":20,"turns":3},{"damage":6,"enemies":"Shelled Parasite and Fungi","floor":22,"turns":2},{"damage":19,"enemies":"Snake Plant","floor":24,"turns":3},{"damage":6,"enemies":"Chosen and Byrds","floor":25,"turns":3},{"damage":28,"enemies":"Book of Stabbing","floor":28,"turns":5},{"damage":26,"enemies":"Centurion and Healer","floor":29,"turns":4},{"damage":10,"enemies":"Snake Plant","floor":30,"turns":2}],"seed_played":"1968226209336404924","potions_obtained":[{"floor":4,"key":"Explosive Potion"},{"floor":6,"key":"Regen Potion"},{"floor":10,"key":"Dexterity Potion"},{"floor":13,"key":"Swift Potion"},{"floor":16,"key":"Weak Potion"},{"floor":24,"key":"Block Potion"},{"floor":29,"key":"PowerPotion"}],"is_trial":false,"path_per_floor":["M","?","M","M","?","E","R","E","T","E","M","?","M","M","R","B",null,"M","?","M","$","M","R","M","M","T","$","E","M","M"],"character_chosen":"IRONCLAD","items_purchased":["Prayer Wheel","Fruit Juice"],"campfire_rested":0,"item_purchase_floors":[21,27],"current_hp_per_floor":[78,78,80,80,60,41,41,34,34,24,21,18,24,30,30,10,63,60,60,59,59,59,59,46,46,46,46,29,9,0],"gold":102,"neow_bonus":"THREE_ENEMY_KILL","is_prod":false,"is_daily":false,"chose_seed":false,"campfire_upgraded":3,"win_rate":0,"timestamp":1555794316,"path_taken":["M","?","?","M","?","E","R","E","T","E","M","?","?","M","R","BOSS","M","?","M","$","?","R","M","M","T","$","E","M","M"],"build_version":"2019-01-23","purchased_purges":1,"victory":false,"max_hp_per_floor":[80,80,80,80,80,80,80,80,80,80,80,80,80,80,80,80,80,80,80,80,80,80,80,80,80,80,80,85,85,85],"card_choices":[{"not_picked":["Perfected Strike","Clash"],"picked":"Anger","floor":1},{"not_picked":["Heavy Blade","Iron Wave","Havoc"],"picked":"SKIP","floor":3},{"not_picked":["Hemokinesis","Berserk"],"picked":"Pommel Strike","floor":4},{"not_picked":["Sever Soul","Flex"],"picked":"Inflame","floor":6},{"not_picked":["Armaments","Iron Wave"],"picked":"Rage","floor":8},{"not_picked":["Power Through","Body Slam","Flex"],"picked":"SKIP","floor":10},{"not_picked":["Infernal Blade","Havoc","Blood for Blood"],"picked":"SKIP","floor":11},{"not_picked":["Twin Strike","Warcry","Flex"],"picked":"SKIP","floor":13},{"not_picked":["Twin Strike","Rage","Evolve"],"picked":"SKIP","floor":14},{"not_picked":["Fiend Fire","Exhume"],"picked":"Immolate","floor":16},{"not_picked":["Iron Wave","Infernal Blade"],"picked":"Rage+1","floor":18},{"not_picked":["Clothesline","Clash","Carnage"],"picked":"SKIP","floor":20},{"not_picked":["Anger","Armaments","Wild Strike"],"picked":"SKIP","floor":22},{"not_picked":["Reckless Charge","Body Slam","Rage"],"picked":"SKIP","floor":22},{"not_picked":["Wild Strike","Rage"],"picked":"Impervious","floor":24},{"not_picked":["Warcry","Perfected Strike+1","Headbutt"],"picked":"SKIP","floor":24},{"not_picked":["Seeing Red","Headbutt"],"picked":"True Grit","floor":25},{"not_picked":["Fire Breathing","Dual Wield","Rage"],"picked":"SKIP","floor":25},{"not_picked":["Sword Boomerang","Shrug It Off","Sever Soul"],"picked":"SKIP","floor":28},{"not_picked":["Flex","Dropkick"],"picked":"Corruption","floor":29},{"not_picked":["Combust","Body Slam"],"picked":"Entrench","floor":29}],"player_experience":282100,"relics_obtained":[{"floor":6,"key":"Mummified Hand"},{"floor":8,"key":"Vajra"},{"floor":9,"key":"Dodecahedron"},{"floor":10,"key":"Pen Nib"},{"floor":26,"key":"Bottled Flame"},{"floor":28,"key":"Du-Vu Doll"}],"event_choices":[{"damage_healed":0,"gold_gain":0,"cards_transformed":["Strike_R"],"player_choice":"Transformed","damage_taken":0,"max_hp_gain":0,"max_hp_loss":0,"event_name":"Transmorgrifier","floor":2,"gold_loss":0,"cards_obtained":["Offering"]},{"damage_healed":0,"gold_gain":0,"player_choice":"Take Damage","damage_taken":20,"relics_obtained":["Golden Idol"],"max_hp_gain":0,"max_hp_loss":0,"event_name":"Golden Idol","floor":5,"gold_loss":0},{"damage_healed":0,"gold_gain":0,"player_choice":"Success","damage_taken":3,"relics_obtained":["Happy Flower"],"max_hp_gain":0,"max_hp_loss":0,"event_name":"Scrap Ooze","floor":12,"gold_loss":0},{"cards_removed":["Strike_R"],"damage_healed":0,"gold_gain":0,"player_choice":"Offered Basic","damage_taken":0,"max_hp_gain":0,"max_hp_loss":0,"event_name":"Bonfire Elementals","floor":19,"gold_loss":0}],"is_beta":false,"boss_relics":[{"not_picked":["Calling Bell","Philosopher\u0027s Stone"],"picked":"Runic Pyramid"}],"items_purged_floors":[21],"is_endless":false,"potions_floor_spawned":[4,6,10,13,14,16,24,29],"killed_by":"Snake Plant","ascension_level":12}