{"gold_per_floor":[116,135,150,160,13,42,58,72,144,159,170,204,221,221,221,326,326,344,117,129,145,145,180,192,222,222,222,222,26,26,39,39,135,135,149,149,169,26,36,67,67,95,95,95,111,77,0,34,34,34,34,34,34,34],"floor_reached":54,"playtime":3804,"items_purged":["Strike_B"],"score":1008,"play_id":"55232fef-3b74-4331-a9e7-667b9e802acd","local_time":"20190401180806","is_ascension_mode":true,"campfire_choices":[{"data":"Hello World","floor":15,"key":"SMITH"},{"floor":28,"key":"REST"},{"floor":30,"key":"REST"},{"floor":32,"key":"REST"},{"floor":44,"key":"REST"},{"floor":49,"key":"RECALL"},{"data":"Creative AI","floor":52,"key":"SMITH"}],"neow_cost":"NONE","seed_source_timestamp":163762246136299,"circlet_count":0,"master_deck":["Strike_B","Strike_B+1","Strike_B","Defend_B","Defend_B","Defend_B","Defend_B","Zap","Dualcast","Streamline+1","Compile Driver+1","Gash","Cold Snap","Glacier","Self Repair","Sunder","Genetic Algorithm","Hello World+1","Genetic Algorithm","FTL","Self Repair","Echo Form","Melter","Conserve Battery+1","Beam Cell+1","Loop","Conserve Battery","Hologram","Creative AI+1","Stack+1","Coolheaded+1","Compile Driver+1","Echo Form","Conserve Battery","Force Field","Self Repair","Seek"],"relics":["Cracked Core","Lantern","Ornamental Fan","Dodecahedron","Anchor","Inserter","Bronze Scales","Emotion Chip","Whetstone","Bottled Tornado","Du-Vu Doll","Runic Capacitor","Nuclear Battery","Strawberry","Oddly Smooth Stone","Pen Nib","Red Mask","Pocketwatch"],"potions_floor_usage":[6,8,12,21,23],"damage_taken":[{"damage":7,"enemies":"Jaw Worm","floor":1,"turns":3},{"damage":0,"enemies":"Cultist","floor":2,"turns":3},{"damage":0,"enemies":"2 Louse","floor":3,"turns":2},{"damage":0,"enemies":"Exordium Wildlife","floor":4,"turns":2},{"damage":10,"enemies":"3 Sentries","floor":6,"turns":11},{"damage":9,"enemies":"Red Slaver","floor":7,"turns":3},{"damage":4,"enemies":"Gremlin Gang","floor":8,"turns":3},{"damage":0,"enemies":"Exordium Wildlife","floor":10,"turns":3},{"damage":0,"enemies":"3 Louse","floor":11,"turns":2},{"damage":8,"enemies":"Gremlin Nob","floor":12,"turns":5},{"damage":0,"enemies":"Large Slime","floor":13,"turns":4},{"damage":23,"enemies":"The Guardian","floor":16,"turns":14},{"damage":0,"enemies":"3 Byrds","floor":18,"turns":6},{"damage":0,"enemies":"Chosen","floor":20,"turns":4},{"damage":19,"enemies":"Snecko","floor":21,"turns":5},{"damage":29,"enemies":"Book of Stabbing","floor":23,"turns":9},{"damage":5,"enemies":"Shelled Parasite and Fungi","floor":24,"turns":6},{"damage":26,"enemies":"Slavers","floor":25,"turns":6},{"damage":26,"enemies":"Centurion and Healer","floor":31,"turns":11},{"damage":68,"enemies":"Automaton","floor":33,"turns":14},{"damage":2,"enemies":"Orb Walker","floor":35,"turns":5},{"damage":0,"enemies":"3 Shapes","floor":37,"turns":7},{"damage":36,"enemies":"Writhing Mass","floor":39,"turns":9},{"damage":24,"enemies":"Nemesis","floor":40,"turns":13},{"damage":28,"enemies":"Giant Head","floor":42,"turns":10},{"damage":0,"enemies":"Maw","floor":45,"turns":8},{"damage":26,"enemies":"Reptomancer","floor":48,"turns":14},{"damage":34,"enemies":"Awakened One","floor":50,"turns":19},{"damage":91,"enemies":"Shield and Spear","floor":54,"turns":3}],"seed_played":"-4702076085076706122","potions_obtained":[{"floor":2,"key":"Explosive Potion"},{"floor":6,"key":"Poison Potion"},{"floor":7,"key":"LiquidBronze"},{"floor":10,"key":"PowerPotion"},{"floor":12,"key":"Block Potion"},{"floor":18,"key":"PowerPotion"},{"floor":25,"key":"AttackPotion"},{"floor":31,"key":"SpeedPotion"},{"floor":42,"key":"PowerPotion"},{"floor":48,"key":"FocusPotion"}],"is_trial":false,"path_per_floor":["M","M","M","M","$","E","M","M","T","M","M","E","M","?","R","B",null,"M","$","M","M","?","E","M","E","T","?","R","$","R","M","R","B",null,"M","?","M","$","M","E","$","E","T","R","M","$","?","E","R","B",null,"R","$","E"],"character_chosen":"DEFECT","items_purchased":["Glacier","Self Repair","Bronze Scales","Runic Capacitor","Strawberry","Self Repair"],"campfire_rested":4,"item_purchase_floors":[5,5,19,29,38,46],"current_hp_per_floor":[61,61,61,61,61,58,56,52,52,59,66,58,65,65,65,56,70,75,75,75,70,56,34,29,10,10,10,34,34,58,60,80,19,65,63,63,80,87,72,76,76,76,76,87,87,87,87,87,87,87,87,87,87,0],"gold":34,"neow_bonus":"RANDOM_COMMON_RELIC","is_prod":false,"is_daily":false,"chose_seed":false,"campfire_upgraded":2,"win_rate":0,"timestamp":1554167286,"path_taken":["M","M","M","M","$","E","M","M","T","M","M","E","M","?","R","BOSS","M","$","M","M","?","E","M","E","T","?","R","$","R","?","R","BOSS","M","?","M","?","?","E","?","E","T","R","M","$","?","E","R","BOSS","R","$","E"],"build_version":"2019-01-23","purchased_purges":1,"victory":false,"max_hp_per_floor":[75,75,75,75,75,75,75,75,75,75,75,75,75,75,75,75,75,75,75,75,75,80,80,80,80,80,80,80,80,80,80,80,80,80,80,80,80,87,87,87,87,87,87,87,87,87,87,87,87,87,87,87,87,87],"card_choices":[{"not_picked":["Coolheaded","Heatsinks"],"picked":"Streamline","floor":1},{"not_picked":["Genetic Algorithm","Consume"],"picked":"Compile Driver","floor":2},{"not_picked":["Leap","Streamline"],"picked":"Gash","floor":3},{"not_picked":["Sweeping Beam","Thunder Strike"],"picked":"Cold Snap","floor":4},{"not_picked":["Chaos","Sweeping Beam"],"picked":"Sunder","floor":6},{"not_picked":["White Noise","Doom and Gloom"],"picked":"Genetic Algorithm","floor":7},{"not_picked":["Reinforced Body","Blizzard"],"picked":"Hello World","floor":8},{"not_picked":["Stack","Go for the Eyes"],"picked":"Cold Snap","floor":10},{"not_picked":["Rebound","Recycle"],"picked":"Genetic Algorithm","floor":11},{"not_picked":["Hologram","Gash"],"picked":"FTL","floor":12},{"not_picked":["Cold Snap","Hologram"],"picked":"Self Repair","floor":13},{"not_picked":["Seek","Buffer"],"picked":"Echo Form","floor":16},{"not_picked":["Leap","FTL"],"picked":"Melter","floor":18},{"not_picked":["Beam Cell","Force Field","Ball Lightning"],"picked":"SKIP","floor":20},{"not_picked":["Compile Driver","Redo"],"picked":"Conserve Battery+1","floor":21},{"not_picked":["Turbo","Leap"],"picked":"Beam Cell+1","floor":23},{"not_picked":["Rebound+1","Stack"],"picked":"Loop","floor":24},{"not_picked":["Go for the Eyes","Recycle"],"picked":"Conserve Battery","floor":25},{"not_picked":["Rebound","Tempest"],"picked":"Hologram","floor":31},{"not_picked":["Seek","Electrodynamics"],"picked":"Creative AI","floor":33},{"not_picked":["Go for the Eyes","Ball Lightning+1"],"picked":"Stack+1","floor":35},{"not_picked":["Hologram","Reboot"],"picked":"Coolheaded+1","floor":37},{"not_picked":["Rip and Tear","Gash"],"picked":"Compile Driver+1","floor":39},{"not_picked":["Blizzard+1","Rip and Tear"],"picked":"Echo Form","floor":40},{"not_picked":["Hologram","Darkness+1"],"picked":"Conserve Battery","floor":42},{"not_picked":["Melter","Turbo+1"],"picked":"Force Field","floor":45},{"not_picked":["Heatsinks+1","Undo"],"picked":"Seek","floor":48}],"player_experience":123863,"relics_obtained":[{"floor":6,"key":"Ornamental Fan"},{"floor":9,"key":"Dodecahedron"},{"floor":12,"key":"Anchor"},{"floor":23,"key":"Emotion Chip"},{"floor":25,"key":"Whetstone"},{"floor":26,"key":"Bottled Tornado"},{"floor":40,"key":"Oddly Smooth Stone"},{"floor":42,"key":"Pen Nib"},{"floor":48,"key":"Pocketwatch"}],"event_choices":[{"damage_healed":0,"gold_gain":0,"player_choice":"Forge","damage_taken":0,"max_hp_gain":0,"max_hp_loss":0,"event_name":"Accursed Blacksmith","floor":14,"gold_loss":0,"cards_upgraded":["Streamline"]},{"damage_healed":0,"gold_gain":0,"player_choice":"Shed Blood","damage_taken":19,"max_hp_gain":5,"max_hp_loss":0,"event_name":"Forgotten Altar","floor":22,"gold_loss":0},{"cards_removed":["Cold Snap"],"damage_healed":0,"gold_gain":0,"player_choice":"Gave Card","damage_taken":0,"relics_obtained":["Du-Vu Doll"],"max_hp_gain":0,"max_hp_loss":0,"event_name":"WeMeetAgain","floor":27,"gold_loss":0},{"damage_healed":0,"gold_gain":0,"player_choice":"Bought 0 Potions","damage_taken":0,"max_hp_gain":0,"max_hp_loss":0,"event_name":"The Woman in Blue","floor":36,"gold_loss":0},{"damage_healed":0,"gold_gain":0,"player_choice":"Paid","damage_taken":0,"relics_obtained":["Red Mask"],"max_hp_gain":0,"max_hp_loss":0,"event_name":"Tomb of Lord Red Mask","floor":47,"gold_loss":77}],"is_beta":false,"boss_relics":[{"not_picked":["Philosopher\u0027s Stone","Calling Bell"],"picked":"Inserter"},{"not_picked":["Busted Crown","Cursed Key"],"picked":"Nuclear Battery"}],"items_purged_floors":[19],"is_endless":false,"potions_floor_spawned":[2,6,7,10,12,18,25,31,37,39,42,48],"killed_by":"Shield and Spear","ascension_level":6}