{"gold_per_floor":[16,34,34,49,60,115,115,130,130,130,150,167,183,196,196,196],"floor_reached":16,"playtime":660,"items_purged":[],"score":198,"play_id":"e1648e0b-aaf4-4b9e-ace4-9aa9de6c836b","local_time":"20190424131933","is_ascension_mode":true,"campfire_choices":[{"floor":7,"key":"REST"},{"floor":10,"key":"REST"},{"floor":15,"key":"REST"}],"neow_cost":"NO_GOLD","seed_source_timestamp":957758317605010,"circlet_count":0,"master_deck":["AscendersBane","Defend_G","Defend_G","Defend_G","Defend_G","Defend_G","Strike_G","Strike_G","Strike_G","Strike_G","Strike_G","Survivor","Neutralize","Dagger Spray","Caltrops","Decay","Dagger Throw","Dash","Quick Slash","Footwork"],"relics":["Ring of the Snake","Tiny Chest","Singing Bowl"],"potions_floor_usage":[6,11,12,14],"damage_taken":[{"damage":7,"enemies":"Small Slimes","floor":1,"turns":6},{"damage":2,"enemies":"Cultist","floor":2,"turns":5},{"damage":17,"enemies":"Jaw Worm","floor":4,"turns":5},{"damage":16,"enemies":"Looter","floor":5,"turns":3},{"damage":25,"enemies":"Gremlin Nob","floor":6,"turns":5},{"damage":16,"enemies":"Large Slime","floor":8,"turns":7},{"damage":12,"enemies":"Exordium Wildlife","floor":11,"turns":6},{"damage":15,"enemies":"Red Slaver","floor":12,"turns":6},{"damage":10,"enemies":"Blue Slaver","floor":13,"turns":6},{"damage":8,"enemies":"Lots of Slimes","floor":14,"turns":2},{"damage":34,"enemies":"Hexaghost","floor":16,"turns":9}],"seed_played":"-7198941472744358884","potions_obtained":[{"floor":2,"key":"EssenceOfSteel"},{"floor":6,"key":"PowerPotion"},{"floor":8,"key":"SteroidPotion"},{"floor":11,"key":"SkillPotion"}],"is_trial":false,"path_per_floor":["M","M","?","M","M","E","R","M","T","R","M","M","M","M","R","B"],"character_chosen":"THE_SILENT","items_purchased":[],"campfire_rested":3,"item_purchase_floors":[],"current_hp_per_floor":[70,68,68,51,35,10,35,19,19,44,34,19,11,5,32,0],"gold":196,"neow_bonus":"TWENTY_PERCENT_HP_BONUS","is_prod":false,"is_daily":false,"chose_seed":false,"campfire_upgraded":0,"win_rate":0,"timestamp":1556137173,"path_taken":["M","M","?","M","M","E","R","M","T","R","M","?","M","?","R","BOSS"],"build_version":"2019-01-23","purchased_purges":0,"victory":false,"max_hp_per_floor":[84,84,84,84,84,84,84,84,84,84,86,86,88,90,90,90],"card_choices":[{"not_picked":["Sucker Punch","Poisoned Stab"],"picked":"Dagger Spray","floor":1},{"not_picked":["Accuracy","Sucker Punch"],"picked":"Caltrops","floor":2},{"not_picked":["Acrobatics","PiercingWail"],"picked":"Dagger Throw","floor":4},{"not_picked":["Dagger Throw","Cloak And Dagger"],"picked":"Dash","floor":5},{"not_picked":["Riddle With Holes","Prepared","Slice"],"picked":"SKIP","floor":6},{"not_picked":["Outmaneuver","Underhanded Strike"],"picked":"Quick Slash","floor":8},{"not_picked":["Dagger Spray","Burst","Flechettes"],"picked":"Singing Bowl","floor":11},{"not_picked":["Dagger Spray","PiercingWail"],"picked":"Footwork","floor":12},{"not_picked":["Dagger Spray","Skewer","Accuracy"],"picked":"Singing Bowl","floor":13},{"not_picked":["Eviscerate","PiercingWail","Distraction"],"picked":"Singing Bowl","floor":14}],"player_experience":299611,"relics_obtained":[{"floor":6,"key":"Tiny Chest"},{"floor":9,"key":"Singing Bowl"}],"event_choices":[{"damage_healed":0,"gold_gain":0,"player_choice":"Cursed","damage_taken":0,"max_hp_gain":0,"max_hp_loss":0,"event_name":"Wheel of Change","floor":3,"gold_loss":0,"cards_obtained":["Decay"]}],"is_beta":false,"boss_relics":[],"items_purged_floors":[],"is_endless":false,"potions_floor_spawned":[2,6,8,11],"killed_by":"Hexaghost","ascension_level":12}