{"gold_per_floor":[116,116,129,147,37,37,75,75,102,102,102,136,8,23,23,118,118,144,156,168,149,161],"floor_reached":22,"playtime":800,"items_purged":["Injury"],"score":326,"play_id":"c8a8ff39-5300-4a2c-a9d2-43c13a338d25","local_time":"20190409100410","is_ascension_mode":true,"campfire_choices":[{"data":"Inflame","floor":6,"key":"SMITH"},{"data":"Bash","floor":8,"key":"SMITH"},{"floor":11,"key":"REST"},{"floor":15,"key":"REST"}],"neow_cost":"NONE","seed_source_timestamp":221401409558018,"circlet_count":0,"master_deck":["AscendersBane","Strike_R","Strike_R","Strike_R","Strike_R","Strike_R","Defend_R","Defend_R","Defend_R","Defend_R+1","Bash+1","Exhume","Spot Weakness+1","Perfected Strike","Clothesline","Inflame+1","Perfected Strike","Bludgeon","Feel No Pain","Disarm","Cleave","Dark Embrace","Doubt","Clumsy","Decay","Metallicize","Jack Of All Trades","Shrug It Off"],"relics":["Burning Blood","Golden Idol","Art of War","War Paint","Gambling Chip","Calling Bell","MawBank","Mummified Hand","FossilizedHelix"],"potions_floor_usage":[16,16,22],"damage_taken":[{"damage":2,"enemies":"Small Slimes","floor":1,"turns":4},{"damage":12,"enemies":"2 Louse","floor":3,"turns":3},{"damage":6,"enemies":"Cultist","floor":4,"turns":3},{"damage":35,"enemies":"Lagavulin","floor":7,"turns":6},{"damage":32,"enemies":"3 Sentries","floor":12,"turns":7},{"damage":14,"enemies":"Exordium Wildlife","floor":14,"turns":5},{"damage":25,"enemies":"Slime Boss","floor":16,"turns":5},{"damage":18,"enemies":"Spheric Guardian","floor":18,"turns":4},{"damage":31,"enemies":"2 Thieves","floor":21,"turns":5},{"damage":28,"enemies":"Masked Bandits","floor":22,"turns":2}],"seed_played":"-739455995917406250","potions_obtained":[{"floor":4,"key":"LiquidBronze"},{"floor":12,"key":"EssenceOfSteel"},{"floor":14,"key":"SteroidPotion"},{"floor":21,"key":"PowerPotion"}],"is_trial":false,"path_per_floor":["M","?","M","M","$","R","E","R","T","?","R","E","$","M","R","B",null,"M","?","?","M","?"],"character_chosen":"IRONCLAD","items_purchased":["Inflame","Disarm","AttackPotion"],"campfire_rested":2,"item_purchase_floors":[5,13,13],"current_hp_per_floor":[72,72,66,66,66,66,37,37,37,37,59,33,33,25,47,28,63,51,51,51,26,0],"gold":161,"neow_bonus":"ONE_RANDOM_RARE_CARD","is_prod":false,"is_daily":false,"chose_seed":false,"campfire_upgraded":2,"win_rate":0,"timestamp":1554829450,"path_taken":["M","?","M","M","$","R","E","R","T","?","R","E","$","M","R","BOSS","M","?","?","?","?"],"build_version":"2019-01-23","purchased_purges":1,"victory":false,"max_hp_per_floor":[75,75,75,75,75,75,75,75,75,75,75,75,75,75,75,75,75,75,75,75,75,75],"card_choices":[{"not_picked":["Pommel Strike","Warcry"],"picked":"Spot Weakness","floor":1},{"not_picked":["Dropkick","Evolve"],"picked":"Perfected Strike","floor":3},{"not_picked":["Reckless Charge","True Grit"],"picked":"Clothesline","floor":4},{"not_picked":["Seeing Red","Ghostly Armor"],"picked":"Perfected Strike","floor":7},{"not_picked":["Dual Wield","Barricade"],"picked":"Feel No Pain","floor":12},{"not_picked":["Power Through","Hemokinesis"],"picked":"Cleave","floor":14},{"not_picked":["Impervious","Bludgeon"],"picked":"Dark Embrace","floor":16},{"not_picked":["Clash","Power Through"],"picked":"Metallicize","floor":18},{"not_picked":["Evolve","Second Wind"],"picked":"Shrug It Off","floor":21}],"player_experience":400485,"relics_obtained":[{"floor":7,"key":"Art of War"},{"floor":9,"key":"War Paint"},{"floor":12,"key":"Gambling Chip"},{"floor":17,"key":"MawBank"},{"floor":17,"key":"Mummified Hand"},{"floor":17,"key":"FossilizedHelix"}],"event_choices":[{"damage_healed":0,"gold_gain":0,"player_choice":"Take Wound","damage_taken":0,"relics_obtained":["Golden Idol"],"max_hp_gain":0,"max_hp_loss":0,"event_name":"Golden Idol","floor":2,"gold_loss":0,"cards_obtained":["Injury"]},{"damage_healed":0,"gold_gain":0,"player_choice":"1 cards matched","damage_taken":0,"max_hp_gain":0,"max_hp_loss":0,"event_name":"Match and Keep!","floor":10,"gold_loss":0,"cards_obtained":["Bludgeon"]},{"damage_healed":0,"gold_gain":0,"player_choice":"Ignored","damage_taken":0,"max_hp_gain":0,"max_hp_loss":0,"event_name":"Vampires","floor":19,"gold_loss":0},{"damage_healed":0,"gold_gain":0,"player_choice":"1 cards matched","damage_taken":0,"max_hp_gain":0,"max_hp_loss":0,"event_name":"Match and Keep!","floor":20,"gold_loss":0,"cards_obtained":["Jack Of All Trades"]},{"damage_healed":0,"gold_gain":0,"player_choice":"Fought Bandits","damage_taken":0,"max_hp_gain":0,"max_hp_loss":0,"event_name":"Masked Bandits","floor":22,"gold_loss":0}],"is_beta":false,"boss_relics":[{"not_picked":["Cursed Key","Lizard Tail"],"picked":"Calling Bell"}],"items_purged_floors":[5],"is_endless":false,"potions_floor_spawned":[4,12,14,21],"killed_by":"Masked Bandits","ascension_level":14}