{"gold_per_floor":[118,118,138,150,150,150,162,187,187,222,222,120,183,210,210,307,307,323,339,339,339,36,64,83,101,147,47,66,97,97,112,112,210,210,220,235,235,235,235,235,266,284,284,284,304,337,212,212,212,212],"floor_reached":51,"playtime":2543,"items_purged":["Strike_R","Decay","Regret"],"score":977,"play_id":"92f470ca-6826-4f2e-bcf8-3feae90e36c0","local_time":"20180819235620","is_ascension_mode":true,"campfire_choices":[{"data":"Metallicize","floor":6,"key":"SMITH"},{"data":"Enlightenment","floor":11,"key":"SMITH"},{"floor":15,"key":"REST"},{"floor":32,"key":"REST"},{"floor":40,"key":"REST"},{"data":"1","floor":44,"key":"LIFT"},{"floor":49,"key":"REST"}],"neow_cost":"NONE","seed_source_timestamp":124487182595627,"circlet_count":0,"master_deck":["Strike_R","Strike_R+1","Strike_R+1","Strike_R","Defend_R","Defend_R","Defend_R","Defend_R","Bash","Metallicize+1","Enlightenment+1","Bash","Clash","Flame Barrier","Shrug It Off","Bludgeon","Metallicize","True Grit","Shockwave","Juggernaut","Metallicize","Clothesline","Necronomicurse","Disarm","Headbutt","Armaments","Reaper","Juggernaut","Mind Blast","Apotheosis","Violence","Barricade"],"relics":["Burning Blood","Pen Nib","Regal Pillow","Dodecahedron","Singing Bowl","Boot","Cursed Key","Necronomicon","Ancient Tea Set","Girya","Lantern","Centennial Puzzle","Kunai","Mummified Hand","Sozu","Juzu Bracelet","Letter Opener","Bird Faced Urn","Matryoshka"],"potions_floor_usage":[1,4,8,13,23,23,29,33,33],"damage_taken":[{"damage":4,"enemies":"Jaw Worm","floor":1,"turns":6},{"damage":3,"enemies":"Cultist","floor":3,"turns":4},{"damage":0,"enemies":"Small Slimes","floor":4,"turns":2},{"damage":0,"enemies":"Blue Slaver","floor":7,"turns":3},{"damage":5,"enemies":"3 Sentries","floor":8,"turns":11},{"damage":17,"enemies":"Lagavulin","floor":10,"turns":5},{"damage":4,"enemies":"Lagavulin Event","floor":13,"turns":6},{"damage":22,"enemies":"3 Sentries","floor":14,"turns":9},{"damage":1,"enemies":"The Guardian","floor":16,"turns":8},{"damage":0,"enemies":"Chosen","floor":18,"turns":3},{"damage":0,"enemies":"Shell Parasite","floor":19,"turns":4},{"damage":38,"enemies":"Slavers","floor":23,"turns":6},{"damage":0,"enemies":"Snake Plant","floor":24,"turns":1},{"damage":0,"enemies":"Snecko","floor":25,"turns":2},{"damage":1,"enemies":"3 Cultists","floor":28,"turns":5},{"damage":10,"enemies":"Book of Stabbing","floor":29,"turns":3},{"damage":8,"enemies":"Snake Plant","floor":31,"turns":3},{"damage":27,"enemies":"Automaton","floor":33,"turns":10},{"damage":25,"enemies":"Flame Bruiser 1 Orb","floor":35,"turns":7},{"damage":0,"enemies":"Orb Walker","floor":36,"turns":1},{"damage":23,"enemies":"Nemesis","floor":41,"turns":5},{"damage":21,"enemies":"Maw","floor":42,"turns":5},{"damage":9,"enemies":"3 Darklings","floor":45,"turns":7},{"damage":35,"enemies":"Giant Head","floor":46,"turns":8},{"damage":58,"enemies":"Donu and Deca","floor":50,"turns":10}],"seed_played":"-8273077067059635866","potions_obtained":[{"floor":0,"key":"EssenceOfSteel"},{"floor":0,"key":"GamblersBrew"},{"floor":0,"key":"Weak Potion"},{"floor":1,"key":"Fire Potion"},{"floor":7,"key":"Block Potion"},{"floor":13,"key":"GamblersBrew"},{"floor":14,"key":"Fire Potion"},{"floor":19,"key":"Regen Potion"},{"floor":23,"key":"Poison Potion"},{"floor":24,"key":"Poison Potion"},{"floor":28,"key":"SkillPotion"}],"is_trial":false,"path_per_floor":["M","?","M","M","?","R","M","E","T","E","R","$","?","E","R","B",null,"M","M","?","?","$","E","M","M","T","$","M","E","?","M","R","B",null,"M","M","$","T","?","R","E","M","T","R","M","E","$","?","R","B"],"character_chosen":"IRONCLAD","items_purchased":["True Grit","Girya"],"campfire_rested":4,"item_purchase_floors":[12,22],"current_hp_per_floor":[74,74,77,80,64,64,70,71,71,60,60,60,62,48,82,82,82,82,82,66,66,66,49,57,65,65,65,70,68,68,66,88,67,83,66,72,72,72,62,90,75,66,66,66,78,59,59,59,93,80],"gold":212,"neow_bonus":"THREE_SMALL_POTIONS","is_prod":false,"is_daily":false,"chose_seed":false,"campfire_upgraded":2,"win_rate":0,"timestamp":1534748180,"path_taken":["M","?","M","M","?","R","M","E","T","E","R","$","?","E","R","BOSS","M","M","?","?","$","E","M","M","T","?","M","E","?","?","R","BOSS","M","M","$","?","?","R","E","M","T","R","M","E","$","?","R","BOSS"],"build_version":"2018-08-16","purchased_purges":3,"victory":true,"max_hp_per_floor":[80,80,80,80,80,80,80,80,80,80,80,80,80,82,82,82,82,82,82,82,82,82,82,84,86,86,86,86,88,88,88,88,88,88,90,90,90,90,90,90,92,94,94,94,96,96,96,93,93,93],"card_choices":[{"not_picked":["Sword Boomerang","Twin Strike"],"picked":"Metallicize","floor":1},{"not_picked":["Anger","Sword Boomerang"],"picked":"Clash","floor":3},{"not_picked":["Heavy Blade","Carnage"],"picked":"Flame Barrier","floor":4},{"not_picked":["Havoc","Battle Trance"],"picked":"Shrug It Off","floor":7},{"not_picked":["Offering","Sever Soul"],"picked":"Bludgeon","floor":8},{"not_picked":["Burning Pact","True Grit"],"picked":"Metallicize","floor":10},{"not_picked":["Sentinel","Flex"],"picked":"Shockwave","floor":13},{"not_picked":["Searing Blow","Reaper","Hemokinesis"],"picked":"Singing Bowl","floor":14},{"not_picked":["Brutality","Limit Break"],"picked":"Juggernaut","floor":16},{"not_picked":["Sword Boomerang+1","Headbutt"],"picked":"Metallicize","floor":18},{"not_picked":["Searing Blow","Hemokinesis+1"],"picked":"Clothesline","floor":19},{"not_picked":["Pommel Strike","Carnage"],"picked":"Disarm","floor":23},{"not_picked":["Entrench","Intimidate","Whirlwind"],"picked":"Singing Bowl","floor":24},{"not_picked":["Shrug It Off","Second Wind+1","Clash"],"picked":"Singing Bowl","floor":25},{"not_picked":["Feed","True Grit"],"picked":"Headbutt","floor":28},{"not_picked":["Berserk","Flame Barrier","Wild Strike"],"picked":"Singing Bowl","floor":29},{"not_picked":["Combust+1","Shrug It Off"],"picked":"Armaments","floor":31},{"not_picked":["Berserk","Limit Break"],"picked":"Reaper","floor":33},{"not_picked":["Sword Boomerang","Flex","Carnage+1"],"picked":"Singing Bowl","floor":35},{"not_picked":["Heavy Blade+1","Iron Wave"],"picked":"Juggernaut","floor":36},{"not_picked":["Master of Strategy","Panache"],"picked":"Mind Blast","floor":39},{"not_picked":["Magnetism","Violence"],"picked":"Apotheosis","floor":39},{"not_picked":["Finesse","The Bomb"],"picked":"Violence","floor":39},{"not_picked":["Blood for Blood","Sword Boomerang","Pommel Strike+1"],"picked":"Singing Bowl","floor":41},{"not_picked":["Shockwave","Spot Weakness","Bloodletting+1"],"picked":"Singing Bowl","floor":42},{"not_picked":["Body Slam","Perfected Strike","Thunderclap"],"picked":"Singing Bowl","floor":45},{"not_picked":["Clothesline+1","Twin Strike"],"picked":"Barricade","floor":46}],"player_experience":109844,"relics_obtained":[{"floor":8,"key":"Pen Nib"},{"floor":9,"key":"Regal Pillow"},{"floor":10,"key":"Dodecahedron"},{"floor":13,"key":"Singing Bowl"},{"floor":14,"key":"Boot"},{"floor":20,"key":"Necronomicon"},{"floor":23,"key":"Lantern"},{"floor":26,"key":"Centennial Puzzle"},{"floor":29,"key":"Kunai"},{"floor":38,"key":"Juzu Bracelet"},{"floor":41,"key":"Letter Opener"},{"floor":43,"key":"Bird Faced Urn"},{"floor":46,"key":"Matryoshka"}],"event_choices":[{"event_name":"Match and Keep!","player_choice":"2 cards matched","floor":2,"damage_taken":0},{"event_name":"Shining Light","player_choice":"Entered Light","floor":5,"damage_taken":0},{"event_name":"Dead Adventurer","player_choice":"Searched \u00273\u0027 times","floor":13,"damage_taken":0},{"event_name":"Cursed Tome","player_choice":"Obtained Book","floor":20,"damage_taken":0},{"event_name":"Wheel of Change","player_choice":"Relic","floor":21,"damage_taken":0},{"event_name":"The Mausoleum","player_choice":"Yes","floor":30,"damage_taken":0},{"event_name":"SensoryStone","player_choice":"Memory 3","floor":39,"damage_taken":0},{"event_name":"Purifier","player_choice":"One Purge","floor":48,"damage_taken":0}],"is_beta":false,"boss_relics":[{"not_picked":["Black Blood","Astrolabe"],"picked":"Cursed Key"},{"not_picked":["Eternal Feather","Philosopher\u0027s Stone"],"picked":"Sozu"}],"items_purged_floors":[12,27,47],"is_endless":false,"potions_floor_spawned":[1,7,13,14,19,23,24,28,36,41,42,45],"ascension_level":6}