{"gold_per_floor":[118,25,40,58,69,99,99,129,176,176,202,230,230,230,230,361,361,386,404,679,695,720,763,763,798,798,839,839,854,214,232,232,355,355,371,384,199,214,214,253,271,314,314,355,97,97,97,120,120,120,120,120,31,75,75],"floor_reached":55,"playtime":3372,"items_purged":["Strike_G","Strike_G","Strike_G"],"score":1167,"play_id":"0fe7fe6c-3c98-4136-9d44-857c8171d306","local_time":"20190325213302","is_ascension_mode":true,"campfire_choices":[{"data":"Poisoned Stab","floor":7,"key":"SMITH"},{"data":"Neutralize","floor":10,"key":"SMITH"},{"floor":15,"key":"REST"},{"data":"Corpse Explosion","floor":28,"key":"SMITH"},{"floor":32,"key":"REST"},{"data":"Wraith Form v2","floor":47,"key":"SMITH"},{"floor":49,"key":"RECALL"},{"data":"Burst","floor":52,"key":"SMITH"}],"neow_cost":"NONE","seed_source_timestamp":416025064474125,"circlet_count":0,"master_deck":["Defend_G","Defend_G","Defend_G","Defend_G","Defend_G+1","Strike_G","Strike_G","Survivor","Neutralize+1","Poisoned Stab+1","Well Laid Plans","All Out Attack","Endless Agony","Blur","Malaise","Dash","Corpse Explosion+1","Flying Knee+1","PiercingWail+1","Concentrate+1","Poisoned Stab","Blur","Leg Sweep+1","Wraith Form v2+1","Concentrate+1","Tools of the Trade","Crippling Poison","PiercingWail+1","Burst+1","Bouncing Flask+1","Footwork+1","Crippling Poison+1","Flying Knee+1","Forethought+1"],"relics":["Ring of the Snake","PreservedInsect","Omamori","Meat on the Bone","Smiling Mask","Oddly Smooth Stone","Odd Mushroom","Golden Idol","Paper Crane","Runic Pyramid","Matryoshka","Potion Belt","Blood Vial","Gremlin Horn","Medical Kit","Singing Bowl","Coffee Dripper","Anchor","Toxic Egg 2","Lantern","Mummified Hand","Ninja Scroll","Blue Candle","TwistedFunnel","Orichalcum","War Paint"],"potions_floor_usage":[8,16,16,23,25,25,25,25,27,27,27,29,33,33,40,50,54,55,55,55,55],"damage_taken":[{"damage":7,"enemies":"Jaw Worm","floor":1,"turns":4},{"damage":0,"enemies":"Small Slimes","floor":3,"turns":3},{"damage":5,"enemies":"2 Louse","floor":4,"turns":2},{"damage":0,"enemies":"Lots of Slimes","floor":5,"turns":2},{"damage":13,"enemies":"Gremlin Nob","floor":6,"turns":3},{"damage":27,"enemies":"3 Sentries","floor":8,"turns":6},{"damage":0,"enemies":"Gremlin Nob","floor":11,"turns":3},{"damage":10,"enemies":"The Mushroom Lair","floor":12,"turns":4},{"damage":0,"enemies":"Slime Boss","floor":16,"turns":10},{"damage":7,"enemies":"Shell Parasite","floor":18,"turns":7},{"damage":10,"enemies":"3 Byrds","floor":19,"turns":4},{"damage":9,"enemies":"Snake Plant","floor":21,"turns":7},{"damage":11,"enemies":"Snecko","floor":22,"turns":6},{"damage":25,"enemies":"Slavers","floor":23,"turns":5},{"damage":19,"enemies":"Book of Stabbing","floor":25,"turns":7},{"damage":7,"enemies":"Gremlin Leader","floor":27,"turns":6},{"damage":1,"enemies":"Shelled Parasite and Fungi","floor":29,"turns":8},{"damage":0,"enemies":"Snake Plant","floor":31,"turns":6},{"damage":18,"enemies":"Automaton","floor":33,"turns":13},{"damage":0,"enemies":"Orb Walker","floor":35,"turns":5},{"damage":1,"enemies":"3 Darklings","floor":36,"turns":3},{"damage":6,"enemies":"4 Shapes","floor":38,"turns":4},{"damage":20,"enemies":"Reptomancer","floor":40,"turns":7},{"damage":0,"enemies":"Writhing Mass","floor":41,"turns":7},{"damage":2,"enemies":"Nemesis","floor":42,"turns":9},{"damage":0,"enemies":"Giant Head","floor":44,"turns":8},{"damage":0,"enemies":"Spire Growth","floor":48,"turns":6},{"damage":14,"enemies":"Donu and Deca","floor":50,"turns":8},{"damage":28,"enemies":"Shield and Spear","floor":54,"turns":4},{"damage":60,"enemies":"The Heart","floor":55,"turns":14}],"seed_played":"2963802941460251361","potions_obtained":[{"floor":1,"key":"SpeedPotion"},{"floor":5,"key":"Regen Potion"},{"floor":8,"key":"Dexterity Potion"},{"floor":11,"key":"Fire Potion"},{"floor":18,"key":"SpeedPotion"},{"floor":19,"key":"LiquidBronze"},{"floor":23,"key":"SteroidPotion"},{"floor":24,"key":"EntropicBrew"},{"floor":24,"key":"PowerPotion"},{"floor":31,"key":"Weak Potion"},{"floor":33,"key":"AttackPotion"},{"floor":35,"key":"Explosive Potion"},{"floor":41,"key":"SkillPotion"},{"floor":42,"key":"Poison Potion"},{"floor":48,"key":"Fire Potion"},{"floor":54,"key":"Weak Potion"}],"is_trial":false,"path_per_floor":["M","$","M","M","M","E","R","E","T","R","E","?","?","?","R","B",null,"M","M","?","M","M","E","?","E","T","E","R","M","$","M","R","B",null,"M","M","$","M","?","E","M","E","T","E","$","T","R","M","R","B",null,"R","$","E","B"],"character_chosen":"THE_SILENT","items_purchased":["Quick Slash","Well Laid Plans","Medical Kit","Wraith Form v2","Singing Bowl","Burst","TwistedFunnel","Forethought+1"],"campfire_rested":2,"item_purchase_floors":[2,2,30,30,30,37,45,53],"current_hp_per_floor":[63,63,63,58,58,45,45,33,33,33,45,47,30,23,44,44,70,63,53,53,44,45,32,32,25,25,32,32,45,45,47,68,52,70,70,69,69,64,64,46,50,50,50,52,52,52,52,56,56,44,74,74,74,48,0],"gold":75,"neow_bonus":"RANDOM_COMMON_RELIC","is_prod":false,"is_daily":false,"chose_seed":false,"campfire_upgraded":5,"win_rate":0,"timestamp":1553574782,"path_taken":["M","$","M","M","M","E","R","E","T","R","E","?","?","?","R","BOSS","M","M","?","?","M","E","?","E","T","E","R","?","$","M","R","BOSS","M","M","$","M","?","E","M","E","T","E","$","?","R","?","R","BOSS","R","$","E","BOSS"],"build_version":"2019-01-23","purchased_purges":3,"victory":false,"max_hp_per_floor":[70,70,70,70,70,70,70,70,70,70,70,70,70,70,70,70,70,70,70,70,70,70,70,70,70,70,70,70,70,70,70,70,70,70,70,70,70,70,70,70,72,72,72,72,72,72,72,74,74,74,74,74,74,76,76],"card_choices":[{"not_picked":["Terror","Calculated Gamble"],"picked":"Poisoned Stab","floor":1},{"not_picked":["Cloak And Dagger","Bane"],"picked":"All Out Attack","floor":3},{"not_picked":["Concentrate","Quick Slash","Masterful Stab"],"picked":"SKIP","floor":4},{"not_picked":["Dodge and Roll","Concentrate"],"picked":"Endless Agony","floor":5},{"not_picked":["Choke","Outmaneuver","Backflip"],"picked":"SKIP","floor":6},{"not_picked":["Outmaneuver","Flechettes"],"picked":"Blur","floor":8},{"not_picked":["Dagger Throw","Underhanded Strike"],"picked":"Malaise","floor":11},{"not_picked":["All Out Attack","Deflect"],"picked":"Dash","floor":12},{"not_picked":["After Image","A Thousand Cuts"],"picked":"Corpse Explosion","floor":16},{"not_picked":["Bouncing Flask","Blade Dance"],"picked":"Flying Knee+1","floor":18},{"not_picked":["Blade Dance+1","Bane","Heel Hook"],"picked":"SKIP","floor":19},{"not_picked":["Flechettes","Choke+1"],"picked":"PiercingWail","floor":21},{"not_picked":["Bane","Backflip","Underhanded Strike"],"picked":"SKIP","floor":22},{"not_picked":["Sucker Punch","Blade Dance"],"picked":"Concentrate+1","floor":23},{"not_picked":["Blade Dance","Infinite Blades"],"picked":"Poisoned Stab","floor":25},{"not_picked":["Acrobatics","Backflip"],"picked":"Blur","floor":27},{"not_picked":["Reflex","Flying Knee"],"picked":"Leg Sweep+1","floor":29},{"not_picked":["Escape Plan","Blade Dance+1"],"picked":"Concentrate+1","floor":31},{"not_picked":["Adrenaline","Glass Knife"],"picked":"Tools of the Trade","floor":33},{"not_picked":["Poisoned Stab","Backflip"],"picked":"Crippling Poison","floor":35},{"not_picked":["Sucker Punch","Flying Knee+1"],"picked":"PiercingWail+1","floor":36},{"not_picked":["PiercingWail","Sucker Punch+1"],"picked":"Bouncing Flask+1","floor":38},{"not_picked":["Night Terror","Quick Slash"],"picked":"Footwork+1","floor":40},{"not_picked":["Sucker Punch+1","Finisher","Reflex+1"],"picked":"Singing Bowl","floor":41},{"not_picked":["Prepared+1","Bouncing Flask+1"],"picked":"Crippling Poison+1","floor":42},{"not_picked":["Deflect+1","Slice+1"],"picked":"Flying Knee+1","floor":44},{"not_picked":["Predator+1","Concentrate+1","Calculated Gamble+1"],"picked":"Singing Bowl","floor":48},{"not_picked":["Glass Knife","Accuracy+1","Eviscerate"],"picked":"Singing Bowl","floor":54}],"player_experience":65874,"relics_obtained":[{"floor":6,"key":"Omamori"},{"floor":8,"key":"Meat on the Bone"},{"floor":9,"key":"Smiling Mask"},{"floor":11,"key":"Oddly Smooth Stone"},{"floor":12,"key":"Odd Mushroom"},{"floor":23,"key":"Matryoshka"},{"floor":25,"key":"Potion Belt"},{"floor":26,"key":"Blood Vial"},{"floor":27,"key":"Gremlin Horn"},{"floor":40,"key":"Toxic Egg 2"},{"floor":42,"key":"Lantern"},{"floor":43,"key":"Mummified Hand"},{"floor":43,"key":"Ninja Scroll"},{"floor":44,"key":"Blue Candle"},{"floor":46,"key":"Orichalcum"},{"floor":54,"key":"War Paint"}],"event_choices":[{"damage_healed":0,"gold_gain":0,"player_choice":"Fought Mushrooms","damage_taken":0,"max_hp_gain":0,"max_hp_loss":0,"event_name":"Mushrooms","floor":12,"gold_loss":0},{"damage_healed":0,"gold_gain":0,"player_choice":"Take Damage","damage_taken":17,"relics_obtained":["Golden Idol"],"max_hp_gain":0,"max_hp_loss":0,"event_name":"Golden Idol","floor":13,"gold_loss":0},{"damage_healed":0,"gold_gain":0,"player_choice":"Success","damage_taken":7,"relics_obtained":["Paper Crane"],"max_hp_gain":0,"max_hp_loss":0,"event_name":"Scrap Ooze","floor":14,"gold_loss":0},{"damage_healed":0,"gold_gain":275,"player_choice":"Desecrate","damage_taken":0,"max_hp_gain":0,"max_hp_loss":0,"event_name":"Golden Shrine","floor":20,"gold_loss":0,"cards_obtained":["Regret"]},{"damage_healed":0,"gold_gain":0,"player_choice":"Got Potions","damage_taken":0,"max_hp_gain":0,"max_hp_loss":0,"event_name":"Lab","floor":24,"gold_loss":0},{"cards_removed":["Quick Slash"],"damage_healed":0,"gold_gain":0,"player_choice":"Gave Card","damage_taken":0,"relics_obtained":["Anchor"],"max_hp_gain":0,"max_hp_loss":0,"event_name":"WeMeetAgain","floor":39,"gold_loss":0}],"is_beta":false,"boss_relics":[{"not_picked":["Orrery","Empty Cage"],"picked":"Runic Pyramid"},{"not_picked":["Philosopher\u0027s Stone","Cursed Key"],"picked":"Coffee Dripper"}],"items_purged_floors":[30,37,45],"is_endless":false,"potions_floor_spawned":[1,5,8,11,18,19,23,31,33,35,41,42,44,48,54],"killed_by":"The Heart","ascension_level":4}