{"gold_per_floor":[111,111,81,93,111,111,142,21,76,93,93,112,123,123],"floor_reached":14,"playtime":531,"items_purged":["Strike_R"],"score":161,"play_id":"8c34f6bf-c4e8-45bd-8534-cf68cd48f419","local_time":"20190416155743","is_ascension_mode":true,"campfire_choices":[{"data":"Shockwave","floor":6,"key":"SMITH"},{"floor":11,"key":"REST"}],"neow_cost":"NONE","seed_source_timestamp":161541005484334,"circlet_count":0,"master_deck":["AscendersBane","Strike_R","Strike_R","Strike_R","Defend_R","Defend_R","Defend_R","Defend_R","Bash","Shrug It Off","Shockwave+1","Headbutt","Dropkick","Armaments","Twin Strike","Infernal Blade","Inflame"],"relics":["Burning Blood","Art of War","Tiny Chest"],"potions_floor_usage":[10,14],"damage_taken":[{"damage":7,"enemies":"2 Louse","floor":1,"turns":2},{"damage":8,"enemies":"Small Slimes","floor":4,"turns":5},{"damage":7,"enemies":"Cultist","floor":5,"turns":5},{"damage":34,"enemies":"3 Sentries","floor":7,"turns":12},{"damage":9,"enemies":"Lots of Slimes","floor":10,"turns":4},{"damage":33,"enemies":"Large Slime","floor":12,"turns":8},{"damage":10,"enemies":"Blue Slaver","floor":13,"turns":5},{"damage":27,"enemies":"The Mushroom Lair","floor":14,"turns":3}],"seed_played":"282326667777487087","potions_obtained":[{"floor":3,"key":"SpeedPotion"},{"floor":3,"key":"Explosive Potion"},{"floor":7,"key":"Weak Potion"}],"is_trial":false,"path_per_floor":["M","?","?","M","M","R","E","$","T","M","R","M","M","?"],"character_chosen":"IRONCLAD","items_purchased":["Armaments"],"campfire_rested":1,"item_purchase_floors":[8],"current_hp_per_floor":[74,67,67,65,64,64,36,36,36,33,57,30,26,0],"gold":123,"neow_bonus":"TEN_PERCENT_HP_BONUS","is_prod":false,"is_daily":false,"chose_seed":false,"campfire_upgraded":1,"win_rate":0,"timestamp":1555455463,"path_taken":["M","?","?","?","M","R","E","$","T","M","R","M","?","?"],"build_version":"2019-01-23","purchased_purges":1,"victory":false,"max_hp_per_floor":[82,82,82,82,82,82,82,82,82,82,82,82,82,82],"card_choices":[{"not_picked":["Flex","Power Through"],"picked":"Shrug It Off","floor":1},{"not_picked":["Second Wind","Iron Wave"],"picked":"Shockwave","floor":4},{"not_picked":["Entrench","Warcry"],"picked":"Headbutt","floor":5},{"not_picked":["Thunderclap","Reckless Charge"],"picked":"Dropkick","floor":7},{"not_picked":["True Grit","Clash"],"picked":"Twin Strike","floor":10},{"not_picked":["Flex","Uppercut"],"picked":"Infernal Blade","floor":12},{"not_picked":["True Grit","Second Wind"],"picked":"Inflame","floor":13}],"player_experience":447733,"relics_obtained":[{"floor":7,"key":"Art of War"},{"floor":9,"key":"Tiny Chest"}],"event_choices":[{"cards_removed":["Strike_R"],"damage_healed":0,"gold_gain":0,"player_choice":"Card Removal","damage_taken":7,"max_hp_gain":0,"max_hp_loss":0,"event_name":"Golden Wing","floor":2,"gold_loss":0},{"damage_healed":0,"gold_gain":0,"player_choice":"Bought 2 Potions","damage_taken":0,"max_hp_gain":0,"max_hp_loss":0,"event_name":"The Woman in Blue","floor":3,"gold_loss":0},{"damage_healed":0,"gold_gain":0,"player_choice":"Fought Mushrooms","damage_taken":0,"max_hp_gain":0,"max_hp_loss":0,"event_name":"Mushrooms","floor":14,"gold_loss":0}],"is_beta":false,"boss_relics":[],"items_purged_floors":[8],"is_endless":false,"potions_floor_spawned":[4,7],"killed_by":"The Mushroom Lair","ascension_level":15}