{"gold_per_floor":[109,126,146,2,2,2,35,35,88,88,88,98,128,28,28,131,131,142,142,158,30,30],"floor_reached":22,"playtime":1608,"items_purged":["Strike_G","Strike_G"],"score":250,"play_id":"0c42c09c-c529-4bed-b662-dc793eb316d6","local_time":"20181209094700","is_ascension_mode":true,"campfire_choices":[{"data":"Infinite Blades","floor":6,"key":"SMITH"},{"floor":8,"key":"REST"},{"data":"Envenom","floor":11,"key":"SMITH"},{"data":"Catalyst","floor":15,"key":"SMITH"}],"neow_cost":"NONE","seed_source_timestamp":421225545869075,"circlet_count":0,"master_deck":["Defend_G","Defend_G","Defend_G","Defend_G","Strike_G","Strike_G","Strike_G","Survivor","Neutralize","Infinite Blades+1","Backflip","Infinite Blades+1","Envenom+1","Catalyst+1","Burst","Infinite Blades+1","Cloak And Dagger","Accuracy"],"relics":["Ring of the Snake","NeowsBlessing","Centennial Puzzle","Bag of Preparation","Blood Vial","Lantern","Eternal Feather"],"potions_floor_usage":[7,7,13,13],"damage_taken":[{"damage":0,"enemies":"Small Slimes","floor":1,"turns":1},{"damage":0,"enemies":"2 Louse","floor":2,"turns":1},{"damage":0,"enemies":"Jaw Worm","floor":3,"turns":1},{"damage":27,"enemies":"3 Sentries","floor":7,"turns":9},{"damage":3,"enemies":"Blue Slaver","floor":12,"turns":4},{"damage":2,"enemies":"Lagavulin","floor":13,"turns":5},{"damage":35,"enemies":"Slime Boss","floor":16,"turns":10},{"damage":12,"enemies":"Shell Parasite","floor":18,"turns":9},{"damage":36,"enemies":"2 Thieves","floor":20,"turns":5},{"damage":31,"enemies":"Colosseum Slavers","floor":22,"turns":4}],"seed_played":"-1799136387871558850","potions_obtained":[{"floor":2,"key":"Swift Potion"},{"floor":3,"key":"Energy Potion"},{"floor":7,"key":"Strength Potion"},{"floor":12,"key":"FearPotion"}],"is_trial":false,"path_per_floor":["M","M","M","$","?","R","E","R","T","?","R","M","E","$","R","B",null,"M","?","M","$","?"],"character_chosen":"THE_SILENT","items_purchased":["Infinite Blades","Cloak And Dagger","Accuracy"],"campfire_rested":1,"item_purchase_floors":[4,21,21],"current_hp_per_floor":[63,63,63,63,56,56,29,50,50,47,47,46,46,46,46,13,56,46,46,12,12,0],"gold":30,"neow_bonus":"THREE_ENEMY_KILL","is_prod":false,"is_daily":false,"chose_seed":false,"campfire_upgraded":3,"win_rate":0,"timestamp":1544345220,"path_taken":["M","M","M","$","?","R","E","R","T","?","R","M","E","?","R","BOSS","M","?","?","$","?"],"build_version":"2018-12-06","purchased_purges":2,"victory":false,"max_hp_per_floor":[70,70,70,70,70,70,70,70,70,70,70,70,70,70,70,70,70,70,70,70,70,70],"card_choices":[{"not_picked":["Prepared","Sucker Punch"],"picked":"Infinite Blades","floor":1},{"not_picked":["Quick Slash","Prepared","Flechettes"],"picked":"SKIP","floor":2},{"not_picked":["Quick Slash","All Out Attack"],"picked":"Backflip","floor":3},{"not_picked":["Underhanded Strike","Predator"],"picked":"Envenom","floor":7},{"not_picked":["Outmaneuver","Calculated Gamble","Poisoned Stab"],"picked":"SKIP","floor":12},{"not_picked":["Slice","Skewer"],"picked":"Catalyst","floor":13},{"not_picked":["Venomology","Die Die Die"],"picked":"Burst","floor":16},{"not_picked":["Underhanded Strike","Deflect"],"picked":"Infinite Blades+1","floor":18},{"not_picked":["Sucker Punch","Deadly Poison","PiercingWail"],"picked":"SKIP","floor":20}],"player_experience":395898,"relics_obtained":[{"floor":7,"key":"Centennial Puzzle"},{"floor":9,"key":"Bag of Preparation"},{"floor":13,"key":"Lantern"}],"event_choices":[{"cards_removed":["Defend_G"],"damage_healed":0,"gold_gain":0,"player_choice":"Card Removal","damage_taken":7,"max_hp_gain":0,"max_hp_loss":0,"event_name":"Golden Wing","floor":5,"gold_loss":0},{"damage_healed":0,"gold_gain":0,"player_choice":"Success","damage_taken":3,"relics_obtained":["Blood Vial"],"max_hp_gain":0,"max_hp_loss":0,"event_name":"Scrap Ooze","floor":10,"gold_loss":0},{"damage_healed":0,"gold_gain":0,"player_choice":"Forge","damage_taken":0,"max_hp_gain":0,"max_hp_loss":0,"event_name":"Accursed Blacksmith","floor":19,"gold_loss":0,"cards_upgraded":["Infinite Blades"]},{"damage_healed":0,"gold_gain":0,"player_choice":"Fight","damage_taken":0,"max_hp_gain":0,"max_hp_loss":0,"event_name":"Colosseum","floor":22,"gold_loss":0}],"is_beta":false,"boss_relics":[{"not_picked":["Coffee Dripper","Philosopher\u0027s Stone"],"picked":"Eternal Feather"}],"items_purged_floors":[4,14],"is_endless":false,"potions_floor_spawned":[2,3,7,12],"killed_by":"Colosseum Slavers","ascension_level":6}