{"gold_per_floor":[113,113,127,140,150,175,175,192,218,234,261,261,261,276,276,276],"floor_reached":16,"playtime":472,"items_purged":[],"score":165,"play_id":"8f91d203-69ff-4f9b-b57c-680b0c73d42f","local_time":"20190428235111","is_ascension_mode":true,"campfire_choices":[{"data":"Armaments","floor":7,"key":"SMITH"},{"data":"Heavy Blade","floor":13,"key":"SMITH"},{"data":"Inflame","floor":15,"key":"SMITH"}],"neow_cost":"NONE","seed_source_timestamp":1646879876804500,"circlet_count":0,"master_deck":["Strike_R","Strike_R","Strike_R","Strike_R","Strike_R","Defend_R","Defend_R","Defend_R","Defend_R","Bash","Perfected Strike+1","Havoc","Flame Barrier","Spot Weakness","Armaments+1","Inflame+1","Heavy Blade+1"],"relics":["Burning Blood","NeowsBlessing","Dream Catcher","Strawberry","Bag of Marbles"],"potions_floor_usage":[6,6,10,16],"damage_taken":[{"damage":0,"enemies":"Cultist","floor":1,"turns":1},{"damage":0,"enemies":"Small Slimes","floor":3,"turns":1},{"damage":0,"enemies":"Jaw Worm","floor":4,"turns":1},{"damage":17,"enemies":"Blue Slaver","floor":5,"turns":4},{"damage":35,"enemies":"Lagavulin","floor":6,"turns":7},{"damage":5,"enemies":"3 Louse","floor":8,"turns":5},{"damage":1,"enemies":"Lots of Slimes","floor":10,"turns":2},{"damage":49,"enemies":"Gremlin Nob","floor":11,"turns":5},{"damage":1,"enemies":"Large Slime","floor":14,"turns":5},{"damage":45,"enemies":"Hexaghost","floor":16,"turns":10}],"seed_played":"3577061433850885484","potions_obtained":[{"floor":3,"key":"SteroidPotion"},{"floor":5,"key":"SkillPotion"},{"floor":6,"key":"Explosive Potion"},{"floor":14,"key":"SteroidPotion"}],"is_trial":false,"path_per_floor":["M","?","M","M","M","E","R","M","T","M","E","?","R","M","R","B"],"character_chosen":"IRONCLAD","items_purchased":[],"campfire_rested":0,"item_purchase_floors":[],"current_hp_per_floor":[78,78,80,80,69,40,40,41,48,53,10,39,39,44,44,0],"gold":276,"neow_bonus":"THREE_ENEMY_KILL","is_prod":false,"is_daily":false,"chose_seed":false,"campfire_upgraded":3,"win_rate":0,"timestamp":1556488271,"path_taken":["M","?","M","M","M","E","R","M","T","?","E","?","R","M","R","BOSS"],"build_version":"2019-01-23","purchased_purges":0,"victory":false,"max_hp_per_floor":[80,80,80,80,80,80,80,80,87,87,87,87,87,87,87,87],"card_choices":[{"not_picked":["Hemokinesis","Body Slam"],"picked":"Perfected Strike","floor":1},{"not_picked":["True Grit","Thunderclap"],"picked":"Havoc","floor":3},{"not_picked":["Dark Embrace","Blood for Blood"],"picked":"Flame Barrier","floor":4},{"not_picked":["Uppercut","Reckless Charge"],"picked":"Spot Weakness","floor":5},{"not_picked":["Anger","Bloodletting"],"picked":"Armaments","floor":6},{"not_picked":["Sever Soul","Armaments","Warcry"],"picked":"SKIP","floor":8},{"not_picked":["Pommel Strike","Sever Soul"],"picked":"Inflame","floor":10},{"not_picked":["Pommel Strike","Exhume"],"picked":"Heavy Blade","floor":11},{"not_picked":["Rage","Blood for Blood","Anger"],"picked":"SKIP","floor":14}],"player_experience":849490,"relics_obtained":[{"floor":6,"key":"Dream Catcher"},{"floor":9,"key":"Strawberry"},{"floor":11,"key":"Bag of Marbles"}],"event_choices":[{"damage_healed":0,"gold_gain":0,"player_choice":"Upgraded","damage_taken":0,"max_hp_gain":0,"max_hp_loss":0,"event_name":"Upgrade Shrine","floor":2,"gold_loss":0,"cards_upgraded":["Perfected Strike"]},{"damage_healed":29,"gold_gain":0,"player_choice":"Banana","damage_taken":0,"max_hp_gain":0,"max_hp_loss":0,"event_name":"Big Fish","floor":12,"gold_loss":0}],"is_beta":false,"boss_relics":[],"items_purged_floors":[],"is_endless":false,"potions_floor_spawned":[3,5,6,14],"killed_by":"Hexaghost","ascension_level":9}