{"gold_per_floor":[111,126,138,67,79,110,125,152,152,180,180,196,196,212,212,310,310,325,325,107,107,107,107],"floor_reached":23,"playtime":1369,"items_purged":["Strike_B"],"score":285,"play_id":"e1fdcd16-308f-4223-b607-29fd568873f9","local_time":"20181202173135","is_ascension_mode":true,"campfire_choices":[{"data":"Scrape","floor":11,"key":"SMITH"},{"data":"Beam Cell","floor":13,"key":"SMITH"},{"floor":15,"key":"REST"}],"neow_cost":"NONE","seed_source_timestamp":129672993398015,"circlet_count":0,"master_deck":["Strike_B","Strike_B","Strike_B","Defend_B","Defend_B+1","Defend_B","Defend_B+1","Zap","Dualcast","Go for the Eyes","Beam Cell+1","Gash","Scrape+1","FTL","Coolheaded","All For One","Gash"],"relics":["Cracked Core","War Paint","Meat on the Bone","Omamori","Letter Opener","FossilizedHelix","Inserter","Molten Egg 2","Orichalcum"],"potions_floor_usage":[3,6,7,8,16,18],"damage_taken":[{"damage":3,"enemies":"Jaw Worm","floor":1,"turns":4},{"damage":9,"enemies":"Small Slimes","floor":2,"turns":4},{"damage":5,"enemies":"2 Louse","floor":3,"turns":2},{"damage":6,"enemies":"Blue Slaver","floor":5,"turns":3},{"damage":32,"enemies":"3 Sentries","floor":6,"turns":6},{"damage":12,"enemies":"Lots of Slimes","floor":7,"turns":3},{"damage":16,"enemies":"Lagavulin","floor":8,"turns":5},{"damage":15,"enemies":"3 Sentries","floor":10,"turns":6},{"damage":0,"enemies":"Large Slime","floor":12,"turns":3},{"damage":0,"enemies":"Exordium Thugs","floor":14,"turns":3},{"damage":36,"enemies":"The Guardian","floor":16,"turns":9},{"damage":0,"enemies":"Spheric Guardian","floor":18,"turns":3},{"damage":58,"enemies":"Gremlin Leader","floor":23,"turns":5}],"seed_played":"-325514906873170167","potions_obtained":[{"floor":2,"key":"FocusPotion"},{"floor":5,"key":"SteroidPotion"},{"floor":6,"key":"Strength Potion"},{"floor":7,"key":"Fire Potion"},{"floor":14,"key":"AttackPotion"},{"floor":16,"key":"Swift Potion"}],"is_trial":false,"path_per_floor":["M","M","M","$","M","E","M","E","T","E","R","M","R","M","R","B",null,"M","?","$","?","?","E"],"character_chosen":"DEFECT","items_purchased":["Scrape","Orichalcum"],"campfire_rested":1,"item_purchase_floors":[4,20],"current_hp_per_floor":[65,56,51,51,45,13,13,63,63,48,48,48,48,48,70,46,68,68,68,68,54,54,0],"gold":107,"neow_bonus":"RANDOM_COMMON_RELIC","is_prod":false,"is_daily":false,"chose_seed":false,"campfire_upgraded":2,"win_rate":0,"timestamp":1543768295,"path_taken":["M","M","M","$","M","E","M","E","T","E","R","M","R","M","R","BOSS","M","?","$","?","?","E"],"build_version":"2018-11-15","purchased_purges":1,"victory":false,"max_hp_per_floor":[75,75,75,75,75,75,75,75,75,75,75,75,75,75,75,75,75,75,75,75,80,80,80],"card_choices":[{"not_picked":["Hologram","Self Repair"],"picked":"Go for the Eyes","floor":1},{"not_picked":["Ball Lightning","Redo"],"picked":"Beam Cell","floor":2},{"not_picked":["Storm","Darkness"],"picked":"Gash","floor":3},{"not_picked":["Steam","Rebound"],"picked":"FTL","floor":5},{"not_picked":["Tempest","Auto Shields","Ball Lightning"],"picked":"SKIP","floor":6},{"not_picked":["Rebound","Rip and Tear","Lockon"],"picked":"SKIP","floor":7},{"not_picked":["Undo","Ball Lightning"],"picked":"Coolheaded","floor":8},{"not_picked":["Turbo","Aggregate","Sweeping Beam"],"picked":"SKIP","floor":10},{"not_picked":["Rebound","Barrage","Leap"],"picked":"SKIP","floor":12},{"not_picked":["Rebound","Auto Shields","Sweeping Beam"],"picked":"SKIP","floor":14},{"not_picked":["Amplify","Echo Form"],"picked":"All For One","floor":16},{"not_picked":["Coolheaded","Double Energy"],"picked":"Gash","floor":18}],"player_experience":320459,"relics_obtained":[{"floor":6,"key":"Meat on the Bone"},{"floor":8,"key":"Omamori"},{"floor":9,"key":"Letter Opener"},{"floor":10,"key":"FossilizedHelix"}],"event_choices":[{"damage_healed":0,"gold_gain":0,"player_choice":"Opened","damage_taken":0,"relics_obtained":["Molten Egg 2"],"max_hp_gain":0,"max_hp_loss":0,"event_name":"The Mausoleum","floor":19,"gold_loss":0,"cards_obtained":["Writhe"]},{"damage_healed":0,"gold_gain":0,"player_choice":"Shed Blood","damage_taken":19,"max_hp_gain":5,"max_hp_loss":0,"event_name":"Forgotten Altar","floor":21,"gold_loss":0},{"damage_healed":0,"gold_gain":0,"player_choice":"Ignored","damage_taken":0,"max_hp_gain":0,"max_hp_loss":0,"event_name":"Ghosts","floor":22,"gold_loss":0}],"is_beta":false,"boss_relics":[{"not_picked":["Sozu","Nuclear Battery"],"picked":"Inserter"}],"items_purged_floors":[20],"is_endless":false,"potions_floor_spawned":[2,5,6,7,14,16],"killed_by":"Gremlin Leader","ascension_level":7}