{"gold_per_floor":[109,124,299,213,18,18,31,63,88,115,115,132,132,167,167,167],"floor_reached":16,"playtime":724,"items_purged":["Doubt"],"score":201,"play_id":"4d131a81-08bd-42dd-836b-40e1cef14f89","local_time":"20190408202638","is_ascension_mode":true,"campfire_choices":[{"data":"Heavy Blade","floor":6,"key":"SMITH"},{"floor":11,"key":"REST"},{"data":"Spot Weakness","floor":13,"key":"SMITH"},{"data":"Bash","floor":15,"key":"SMITH"}],"neow_cost":"NONE","seed_source_timestamp":205472567090200,"circlet_count":0,"master_deck":["AscendersBane","Strike_R","Strike_R","Strike_R","Strike_R","Strike_R","Defend_R","Defend_R","Defend_R","Defend_R","Bash+1","Spot Weakness+1","Heavy Blade+1","Headbutt","True Grit","Cleave","Shrug It Off","Pommel Strike","Bludgeon","Carnage","Spot Weakness"],"relics":["Burning Blood","Centennial Puzzle","Gambling Chip","Happy Flower","Oddly Smooth Stone","Ornamental Fan"],"potions_floor_usage":[16],"damage_taken":[{"damage":8,"enemies":"Jaw Worm","floor":1,"turns":4},{"damage":10,"enemies":"2 Louse","floor":2,"turns":3},{"damage":5,"enemies":"Cultist","floor":7,"turns":4},{"damage":22,"enemies":"3 Sentries","floor":8,"turns":6},{"damage":25,"enemies":"Lagavulin","floor":10,"turns":5},{"damage":9,"enemies":"2 Fungi Beasts","floor":12,"turns":3},{"damage":15,"enemies":"3 Sentries","floor":14,"turns":5},{"damage":51,"enemies":"The Guardian","floor":16,"turns":9}],"seed_played":"798960388554246762","potions_obtained":[{"floor":8,"key":"Ancient Potion"},{"floor":12,"key":"FearPotion"},{"floor":14,"key":"SteroidPotion"}],"is_trial":false,"path_per_floor":["M","M","?","?","$","R","M","E","T","E","R","M","R","E","R","B"],"character_chosen":"IRONCLAD","items_purchased":["Headbutt","True Grit","Cleave"],"campfire_rested":1,"item_purchase_floors":[5,5,5],"current_hp_per_floor":[73,69,69,69,69,69,70,54,54,35,59,56,56,47,47,0],"gold":167,"neow_bonus":"TEN_PERCENT_HP_BONUS","is_prod":false,"is_daily":false,"chose_seed":false,"campfire_upgraded":3,"win_rate":0,"timestamp":1554780398,"path_taken":["M","M","?","?","$","R","?","E","T","E","R","M","R","E","R","BOSS"],"build_version":"2019-01-23","purchased_purges":1,"victory":false,"max_hp_per_floor":[82,82,82,82,82,82,82,82,82,82,82,82,82,82,82,82],"card_choices":[{"not_picked":["Havoc","True Grit"],"picked":"Spot Weakness","floor":1},{"not_picked":["Bloodletting","Iron Wave"],"picked":"Heavy Blade","floor":2},{"not_picked":["Clothesline","Perfected Strike"],"picked":"Shrug It Off","floor":7},{"not_picked":["Body Slam","Wild Strike"],"picked":"Pommel Strike","floor":8},{"not_picked":["Clash","Iron Wave"],"picked":"Bludgeon","floor":10},{"not_picked":["Thunderclap","Seeing Red"],"picked":"Carnage","floor":12},{"not_picked":["Wild Strike","Fire Breathing"],"picked":"Spot Weakness","floor":14}],"player_experience":397000,"relics_obtained":[{"floor":8,"key":"Gambling Chip"},{"floor":9,"key":"Happy Flower"},{"floor":10,"key":"Oddly Smooth Stone"},{"floor":14,"key":"Ornamental Fan"}],"event_choices":[{"damage_healed":0,"gold_gain":175,"player_choice":"AGREE","damage_taken":0,"max_hp_gain":0,"max_hp_loss":0,"event_name":"Liars Game","floor":3,"gold_loss":0,"cards_obtained":["Doubt"]},{"damage_healed":0,"gold_gain":0,"player_choice":"Paid Gold","damage_taken":0,"relics_obtained":["Centennial Puzzle"],"max_hp_gain":0,"max_hp_loss":0,"event_name":"WeMeetAgain","floor":4,"gold_loss":86}],"is_beta":false,"boss_relics":[],"items_purged_floors":[5],"is_endless":false,"potions_floor_spawned":[8,12,14],"killed_by":"The Guardian","ascension_level":14}