{"gold_per_floor":[114,39,51,66,81,113,113,113,113,147,147,160,180,193,193,289,289,309,329,341,368,23,50,50],"floor_reached":24,"playtime":1928,"items_purged":["Injury"],"score":294,"play_id":"b6bb575f-5ecf-4110-bf77-55d6f919ea0d","local_time":"20190407170843","is_ascension_mode":true,"campfire_choices":[{"data":"Zap","floor":8,"key":"SMITH"},{"floor":11,"key":"REST"},{"data":"Chaos","floor":15,"key":"SMITH"}],"neow_cost":"CURSE","seed_source_timestamp":2323639074142110,"circlet_count":0,"master_deck":["Strike_B","Strike_B","Strike_B","Strike_B","Defend_B","Defend_B","Defend_B","Defend_B","Zap+1","Dualcast","Chaos+1","Streamline+1","Ball Lightning","Chill","Melter","Echo Form","Steam+1","BootSequence+1","Rip and Tear","Core Surge","Chaos+1","Storm","White Noise+1","Go for the Eyes"],"relics":["Cracked Core","StoneCalendar","Mummified Hand","Toxic Egg 2","Strawberry","Nuclear Battery","Red Mask","Calipers","Singing Bowl"],"potions_floor_usage":[10,16,23],"damage_taken":[{"damage":0,"enemies":"2 Louse","floor":1,"turns":2},{"damage":0,"enemies":"Cultist","floor":3,"turns":3},{"damage":8,"enemies":"Jaw Worm","floor":4,"turns":3},{"damage":13,"enemies":"Red Slaver","floor":5,"turns":3},{"damage":14,"enemies":"Gremlin Nob","floor":6,"turns":3},{"damage":21,"enemies":"Lagavulin","floor":10,"turns":4},{"damage":4,"enemies":"Exordium Wildlife","floor":12,"turns":4},{"damage":0,"enemies":"3 Louse","floor":13,"turns":2},{"damage":0,"enemies":"Looter","floor":14,"turns":2},{"damage":0,"enemies":"Slime Boss","floor":16,"turns":6},{"damage":8,"enemies":"Shell Parasite","floor":18,"turns":3},{"damage":13,"enemies":"2 Thieves","floor":19,"turns":4},{"damage":15,"enemies":"Snecko","floor":20,"turns":4},{"damage":38,"enemies":"Masked Bandits","floor":21,"turns":5},{"damage":35,"enemies":"Book of Stabbing","floor":23,"turns":5},{"damage":12,"enemies":"Centurion and Healer","floor":24,"turns":2}],"seed_played":"-1684906191053337825","potions_obtained":[{"floor":6,"key":"AttackPotion"},{"floor":12,"key":"FearPotion"},{"floor":13,"key":"FairyPotion"},{"floor":14,"key":"FearPotion"},{"floor":18,"key":"Regen Potion"}],"is_trial":false,"path_per_floor":["M","$","M","M","M","E","?","R","T","E","R","M","M","M","R","B",null,"M","M","M","?","$","E","M"],"character_chosen":"DEFECT","items_purchased":["Calipers","Go for the Eyes"],"campfire_rested":1,"item_purchase_floors":[22,22],"current_hp_per_floor":[75,75,75,67,54,40,40,40,40,26,50,46,46,46,46,46,82,74,61,46,8,8,5,0],"gold":50,"neow_bonus":"ONE_RARE_RELIC","is_prod":false,"is_daily":false,"chose_seed":false,"campfire_upgraded":2,"win_rate":0,"timestamp":1554653323,"path_taken":["M","$","M","M","M","E","?","R","T","E","R","M","M","M","R","BOSS","M","M","?","?","$","E","M"],"build_version":"2019-01-23","purchased_purges":1,"victory":false,"max_hp_per_floor":[75,75,75,75,75,75,75,75,75,82,82,82,82,82,82,82,82,82,82,82,82,82,84,84],"card_choices":[{"not_picked":["Doom and Gloom","Barrage"],"picked":"Chaos","floor":1},{"not_picked":["Heatsinks","Hello World"],"picked":"Streamline","floor":3},{"not_picked":["Leap","Force Field"],"picked":"Ball Lightning","floor":4},{"not_picked":["Scrape","Coolheaded"],"picked":"Chill","floor":5},{"not_picked":["Darkness","Go for the Eyes"],"picked":"Melter","floor":6},{"not_picked":["Chill+1","Consume+1"],"picked":"Echo Form","floor":10},{"not_picked":["Conserve Battery+1","Sweeping Beam"],"picked":"Steam+1","floor":12},{"not_picked":["Tempest+1","Melter"],"picked":"BootSequence+1","floor":13},{"not_picked":["Coolheaded+1","Beam Cell"],"picked":"Rip and Tear","floor":14},{"not_picked":["Rainbow+1","Reboot+1"],"picked":"Core Surge","floor":16},{"not_picked":["Heatsinks","Steam+1","Self Repair+1"],"picked":"SKIP","floor":18},{"not_picked":["Doom and Gloom","Ball Lightning"],"picked":"Chaos+1","floor":19},{"not_picked":["Ball Lightning","Genetic Algorithm+1"],"picked":"Storm","floor":20},{"not_picked":["Force Field+1","Auto Shields+1"],"picked":"White Noise+1","floor":21},{"not_picked":["Storm","Stack+1","Leap+1"],"picked":"Singing Bowl","floor":23}],"player_experience":1725715,"relics_obtained":[{"floor":6,"key":"Mummified Hand"},{"floor":9,"key":"Toxic Egg 2"},{"floor":10,"key":"Strawberry"},{"floor":21,"key":"Red Mask"},{"floor":23,"key":"Singing Bowl"}],"event_choices":[{"damage_healed":0,"gold_gain":0,"player_choice":"Upgraded","damage_taken":0,"max_hp_gain":0,"max_hp_loss":0,"event_name":"Upgrade Shrine","floor":7,"gold_loss":0,"cards_upgraded":["Streamline"]},{"damage_healed":0,"gold_gain":0,"player_choice":"Fought Bandits","damage_taken":0,"max_hp_gain":0,"max_hp_loss":0,"event_name":"Masked Bandits","floor":21,"gold_loss":0}],"is_beta":false,"boss_relics":[{"not_picked":["Snecko Eye","Ectoplasm"],"picked":"Nuclear Battery"}],"items_purged_floors":[2],"is_endless":false,"potions_floor_spawned":[6,12,13,14,18,19,20],"killed_by":"Centurion and Healer","ascension_level":1}