{"gold_per_floor":[362,5,5,5,5,32,32,66,93,105,124,158,174,192,192,291,291,310,322,339,24,40,40,50,50,77,77,77,89,89,22,22,120,120,139,139,157,15,30,30,30],"floor_reached":41,"playtime":1081,"items_purged":[],"score":479,"play_id":"a7bd1757-7746-4399-a754-83dafae03571","local_time":"20190127210609","is_ascension_mode":true,"campfire_choices":[{"floor":15,"key":"REST"},{"floor":23,"key":"REST"},{"floor":25,"key":"REST"},{"floor":30,"key":"REST"},{"floor":32,"key":"REST"},{"floor":40,"key":"REST"}],"neow_cost":"CURSE","seed_source_timestamp":539729186173570,"circlet_count":0,"master_deck":["Strike_B","Strike_B","Strike_B","Strike_B","Defend_B","Defend_B","Defend_B","Defend_B","Zap+1","Dualcast","Pain","Streamline","Defragment+1","Tempest","Rebound","Static Discharge","Defragment","Doom and Gloom","Undo","Conserve Battery","Static Discharge","Rainbow","FTL","Ball Lightning","BootSequence","Metamorphosis+1","Leap","Redo+1","Static Discharge","Enlightenment","Electrodynamics","Self Repair+1","Chill+1","Mind Blast","Good Instincts","Conserve Battery+1"],"relics":["Cracked Core","Meat on the Bone","Mercury Hourglass","The Courier","Omamori","Vajra","Inserter","Centennial Puzzle","Sozu"],"potions_floor_usage":[12,16,20,22,29,33],"damage_taken":[{"damage":3,"enemies":"Small Slimes","floor":1,"turns":3},{"damage":33,"enemies":"Lagavulin","floor":6,"turns":4},{"damage":35,"enemies":"3 Sentries","floor":8,"turns":4},{"damage":2,"enemies":"Cultist","floor":10,"turns":2},{"damage":7,"enemies":"Jaw Worm","floor":11,"turns":2},{"damage":14,"enemies":"Gremlin Nob","floor":12,"turns":3},{"damage":17,"enemies":"2 Fungi Beasts","floor":13,"turns":3},{"damage":12,"enemies":"3 Louse","floor":14,"turns":2},{"damage":34,"enemies":"Hexaghost","floor":16,"turns":6},{"damage":22,"enemies":"Spheric Guardian","floor":18,"turns":3},{"damage":10,"enemies":"Shell Parasite","floor":19,"turns":4},{"damage":14,"enemies":"Chosen and Byrds","floor":20,"turns":4},{"damage":28,"enemies":"3 Cultists","floor":22,"turns":4},{"damage":41,"enemies":"Snecko","floor":24,"turns":5},{"damage":34,"enemies":"Centurion and Healer","floor":29,"turns":4},{"damage":76,"enemies":"Collector","floor":33,"turns":6},{"damage":31,"enemies":"3 Darklings","floor":35,"turns":3},{"damage":21,"enemies":"3 Shapes","floor":37,"turns":3},{"damage":20,"enemies":"Writhing Mass","floor":39,"turns":4},{"damage":67,"enemies":"Transient","floor":41,"turns":5}],"seed_played":"-5663934113487145841","potions_obtained":[{"floor":6,"key":"FairyPotion"},{"floor":11,"key":"PowerPotion"},{"floor":13,"key":"Energy Potion"},{"floor":18,"key":"Fire Potion"},{"floor":20,"key":"Strength Potion"},{"floor":24,"key":"Regen Potion"},{"floor":29,"key":"EssenceOfSteel"}],"is_trial":false,"path_per_floor":["M","$","?","$","?","E","?","E","T","M","M","E","M","M","R","B",null,"M","M","M","$","M","R","M","R","T","?","?","M","R","$","R","B",null,"M","?","M","$","M","R","M"],"character_chosen":"DEFECT","items_purchased":["Meat on the Bone","Defragment","Tempest","Metamorphosis","Centennial Puzzle","Leap","Enlightenment","Mind Blast","Good Instincts"],"campfire_rested":6,"item_purchase_floors":[2,2,2,21,21,21,31,38,38],"current_hp_per_floor":[72,72,72,72,72,39,64,41,41,39,44,42,37,37,59,37,75,53,43,41,41,25,47,18,40,40,40,40,32,54,54,75,19,75,44,44,35,35,37,59,0],"gold":30,"neow_bonus":"TWO_FIFTY_GOLD","is_prod":false,"is_daily":false,"chose_seed":false,"campfire_upgraded":0,"win_rate":0,"timestamp":1548651969,"path_taken":["M","$","?","$","?","E","?","E","T","M","M","E","M","?","R","BOSS","M","M","M","$","M","R","M","R","T","?","?","M","R","$","R","BOSS","M","?","?","$","M","R","M"],"build_version":"2019-01-23","purchased_purges":0,"victory":false,"max_hp_per_floor":[75,75,75,75,75,75,75,75,75,75,75,75,75,75,75,75,75,75,75,75,75,75,75,75,75,75,75,75,75,75,75,75,75,75,75,75,75,75,75,75,75],"card_choices":[{"not_picked":["Go for the Eyes","Steam"],"picked":"Streamline","floor":1},{"not_picked":["Stack","Turbo"],"picked":"Rebound","floor":6},{"not_picked":["Lockon","Conserve Battery"],"picked":"Static Discharge","floor":8},{"not_picked":["White Noise","Ball Lightning"],"picked":"Defragment","floor":10},{"not_picked":["Streamline","Leap"],"picked":"Doom and Gloom","floor":11},{"not_picked":["Conserve Battery","All For One"],"picked":"Undo","floor":12},{"not_picked":["Turbo","Compile Driver"],"picked":"Conserve Battery","floor":13},{"not_picked":["Steam","Ball Lightning"],"picked":"Static Discharge","floor":14},{"not_picked":["Fission","Thunder Strike"],"picked":"Rainbow","floor":16},{"not_picked":["Barrage+1","Hologram"],"picked":"FTL","floor":18},{"not_picked":["Sweeping Beam","Steam Power"],"picked":"Ball Lightning","floor":19},{"not_picked":["Leap","Seek"],"picked":"BootSequence","floor":20},{"not_picked":["Streamline","Compile Driver","Stack+1"],"picked":"SKIP","floor":22},{"not_picked":["Glacier","Streamline"],"picked":"Redo+1","floor":24},{"not_picked":["Ball Lightning+1","Sweeping Beam+1"],"picked":"Static Discharge","floor":29},{"not_picked":["Hyperbeam","Multi-Cast"],"picked":"Electrodynamics","floor":33},{"not_picked":["Compile Driver","Blizzard+1"],"picked":"Self Repair+1","floor":35},{"not_picked":["Genetic Algorithm","Ball Lightning"],"picked":"Chill+1","floor":37},{"not_picked":["Turbo+1","Go for the Eyes"],"picked":"Conserve Battery+1","floor":39}],"player_experience":344215,"relics_obtained":[{"floor":6,"key":"Mercury Hourglass"},{"floor":8,"key":"The Courier"},{"floor":9,"key":"Omamori"},{"floor":12,"key":"Vajra"}],"event_choices":[{"damage_healed":0,"gold_gain":0,"player_choice":"Forge","damage_taken":0,"max_hp_gain":0,"max_hp_loss":0,"event_name":"Accursed Blacksmith","floor":3,"gold_loss":0,"cards_upgraded":["Defragment"]},{"damage_healed":0,"gold_gain":0,"player_choice":"Grow","damage_taken":0,"max_hp_gain":0,"max_hp_loss":0,"event_name":"Living Wall","floor":5,"gold_loss":0,"cards_upgraded":["Zap"]},{"damage_healed":25,"gold_gain":0,"player_choice":"Banana","damage_taken":0,"max_hp_gain":0,"max_hp_loss":0,"event_name":"Big Fish","floor":7,"gold_loss":0},{"damage_healed":0,"gold_gain":0,"player_choice":"Smashed Altar","damage_taken":0,"max_hp_gain":0,"max_hp_loss":0,"event_name":"Forgotten Altar","floor":27,"gold_loss":0,"cards_obtained":["Decay"]},{"damage_healed":0,"gold_gain":0,"player_choice":"Ignored","damage_taken":0,"max_hp_gain":0,"max_hp_loss":0,"event_name":"Vampires","floor":28,"gold_loss":0},{"damage_healed":0,"gold_gain":0,"player_choice":"Upgraded","damage_taken":0,"max_hp_gain":0,"max_hp_loss":0,"event_name":"Upgrade Shrine","floor":36,"gold_loss":0,"cards_upgraded":["Metamorphosis"]}],"is_beta":false,"boss_relics":[{"not_picked":["Runic Pyramid","Philosopher\u0027s Stone"],"picked":"Inserter"},{"not_picked":["Coffee Dripper","Astrolabe"],"picked":"Sozu"}],"items_purged_floors":[],"is_endless":false,"potions_floor_spawned":[6,11,13,18,20,24,29,39],"killed_by":"Transient","ascension_level":2}