{"gold_per_floor":[119,134,134,154,171,197,197,224,260,306,318,346,358,390,402,414],"floor_reached":16,"playtime":657,"items_purged":[],"score":226,"play_id":"b40b1f6a-5179-433e-81da-de2f0ddcd7d4","local_time":"20190426122018","is_ascension_mode":true,"campfire_choices":[{"data":"Wraith Form v2","floor":7.0,"key":"SMITH"},{"data":"Neutralize","floor":11.0,"key":"SMITH"},{"floor":13.0,"key":"REST"},{"floor":15.0,"key":"REST"}],"neow_cost":"NONE","seed_source_timestamp":0,"circlet_count":0,"master_deck":["AscendersBane","Defend_G","Defend_G","Defend_G","Defend_G","Defend_G","Strike_G","Strike_G","Strike_G","Strike_G","Strike_G","Survivor","Neutralize+1","Choke","Cloak And Dagger+1","Backflip","Tools of the Trade","Wraith Form v2+1","Dagger Throw","Noxious Fumes"],"special_seed":0,"relics":["Ring of the Snake","Pear","MawBank","Centennial Puzzle","Lantern"],"potions_floor_usage":[],"damage_taken":[{"damage":0.0,"enemies":"Jaw Worm","floor":1.0,"turns":5.0},{"damage":0.0,"enemies":"Cultist","floor":2.0,"turns":4.0},{"damage":0.0,"enemies":"Small Slimes","floor":4.0,"turns":2.0},{"damage":7.0,"enemies":"Blue Slaver","floor":5.0,"turns":3.0},{"damage":4.0,"enemies":"Gremlin Nob","floor":6.0,"turns":3.0},{"damage":39.0,"enemies":"Lagavulin","floor":8.0,"turns":8.0},{"damage":17.0,"enemies":"Gremlin Nob","floor":10.0,"turns":7.0},{"damage":1.0,"enemies":"Exordium Thugs","floor":12.0,"turns":5.0},{"damage":16.0,"enemies":"Large Slime","floor":14.0,"turns":6.0},{"damage":48,"enemies":"Slime Boss","floor":16,"turns":8}],"seed_played":"-5143138202872712485","potions_obtained":[{"floor":1.0,"key":"Swift Potion"},{"floor":4.0,"key":"AttackPotion"},{"floor":5.0,"key":"FearPotion"}],"is_trial":false,"path_per_floor":["M","M","?","M","M","E","R","E","T","E","R","M","R","M","R","B"],"character_chosen":"THE_SILENT","items_purchased":[],"campfire_rested":2,"item_purchase_floors":[],"current_hp_per_floor":[70,70,70,70,63,69,69,30,30,13,13,12,38,22,48,0],"gold":414,"neow_bonus":"TEN_PERCENT_HP_BONUS","is_prod":false,"is_daily":false,"chose_seed":false,"campfire_upgraded":2,"win_rate":0,"timestamp":1556306418,"path_taken":["M","M","?","M","M","E","R","E","T","E","R","M","R","M","R","BOSS"],"build_version":"2019-01-23","purchased_purges":0,"victory":false,"max_hp_per_floor":[77,77,77,77,77,87,87,87,87,87,87,87,87,87,87,87],"card_choices":[{"not_picked":["Blur","Sucker Punch"],"picked":"Choke","floor":1.0},{"not_picked":["Heel Hook","Bouncing Flask"],"picked":"Cloak And Dagger","floor":2.0},{"not_picked":["Acrobatics","Deadly Poison"],"picked":"Backflip","floor":4.0},{"not_picked":["Outmaneuver","Prepared"],"picked":"Tools of the Trade","floor":5.0},{"not_picked":["Backflip","Bane"],"picked":"Wraith Form v2","floor":6.0},{"not_picked":["Backflip","Masterful Stab"],"picked":"Dagger Throw","floor":8.0},{"not_picked":["All Out Attack","Quick Slash"],"picked":"Noxious Fumes","floor":10.0},{"not_picked":["Outmaneuver","Heel Hook","Deadly Poison"],"picked":"SKIP","floor":12.0},{"not_picked":["Sucker Punch","Dagger Throw","Skewer"],"picked":"SKIP","floor":14.0}],"player_experience":315867,"relics_obtained":[{"floor":6.0,"key":"Pear"},{"floor":8.0,"key":"MawBank"},{"floor":9.0,"key":"Centennial Puzzle"},{"floor":10.0,"key":"Lantern"}],"event_choices":[{"damage_healed":0.0,"max_hp_gain":0.0,"max_hp_loss":0.0,"gold_gain":0.0,"event_name":"Upgrade Shrine","player_choice":"Upgraded","floor":3.0,"gold_loss":0.0,"damage_taken":0.0,"cards_upgraded":["Cloak And Dagger"]}],"is_beta":false,"boss_relics":[],"items_purged_floors":[],"is_endless":false,"potions_floor_spawned":[1,4,5],"killed_by":"Slime Boss","ascension_level":13}