{"gold_per_floor":[118,118,135,60,60,92,108,108,160,189,208,219,234,33,33,128,128,143,68,80,43,60,60],"floor_reached":23,"playtime":971,"items_purged":["Strike_G"],"score":353,"play_id":"8d6bfc5b-7814-4448-b399-ac2add7575a0","local_time":"20190417213016","is_ascension_mode":true,"campfire_choices":[{"data":"Noxious Fumes","floor":8,"key":"SMITH"},{"data":"Noxious Fumes","floor":15,"key":"SMITH"}],"neow_cost":"NONE","seed_source_timestamp":382089951531080,"circlet_count":0,"master_deck":["AscendersBane","Defend_G","Defend_G","Defend_G","Defend_G","Defend_G","Strike_G","Strike_G","Strike_G","Strike_G","Survivor","Neutralize","Noxious Fumes+1","Dagger Throw","Dagger Throw","Noxious Fumes+1","Bouncing Flask","Flying Knee","Glass Knife","Footwork","Escape Plan+1","Caltrops"],"relics":["Ring of the Snake","NeowsBlessing","Oddly Smooth Stone","Omamori","Darkstone Periapt","Lee\u0027s Waffle","Cursed Key"],"potions_floor_usage":[10,11,20,20,23,23],"damage_taken":[{"damage":0,"enemies":"Jaw Worm","floor":1,"turns":1},{"damage":0,"enemies":"Cultist","floor":3,"turns":1},{"damage":0,"enemies":"3 Sentries","floor":6,"turns":2},{"damage":8,"enemies":"Small Slimes","floor":7,"turns":5},{"damage":33,"enemies":"Gremlin Nob","floor":10,"turns":5},{"damage":3,"enemies":"Gremlin Gang","floor":11,"turns":4},{"damage":2,"enemies":"Exordium Thugs","floor":12,"turns":4},{"damage":1,"enemies":"Large Slime","floor":13,"turns":6},{"damage":13,"enemies":"Slime Boss","floor":16,"turns":8},{"damage":22,"enemies":"Spheric Guardian","floor":18,"turns":5},{"damage":0,"enemies":"Chosen","floor":20,"turns":5},{"damage":4,"enemies":"Centurion and Healer","floor":22,"turns":7},{"damage":56,"enemies":"Slavers","floor":23,"turns":4}],"seed_played":"1118841388992105388","potions_obtained":[{"floor":1,"key":"Energy Potion"},{"floor":3,"key":"Weak Potion"},{"floor":10,"key":"FearPotion"},{"floor":16,"key":"SkillPotion"},{"floor":20,"key":"Swift Potion"},{"floor":22,"key":"SpeedPotion"}],"is_trial":false,"path_per_floor":["M","?","M","$","?","E","M","R","T","E","M","M","M","$","R","B",null,"M","?","M","$","M","E"],"character_chosen":"THE_SILENT","items_purchased":["Lee\u0027s Waffle","Caltrops"],"campfire_rested":0,"item_purchase_floors":[14,21],"current_hp_per_floor":[63,63,63,63,63,63,55,55,55,22,19,17,16,77,77,64,74,52,52,52,52,48,0],"gold":60,"neow_bonus":"THREE_ENEMY_KILL","is_prod":false,"is_daily":false,"chose_seed":false,"campfire_upgraded":2,"win_rate":0,"timestamp":1555561816,"path_taken":["M","?","?","$","?","E","?","R","T","E","M","M","?","?","R","BOSS","M","?","M","$","M","E"],"build_version":"2019-01-23","purchased_purges":1,"victory":false,"max_hp_per_floor":[70,70,70,70,70,70,70,70,70,70,70,70,70,77,77,77,77,77,77,77,77,77,77],"card_choices":[{"not_picked":["Underhanded Strike","Deflect"],"picked":"Noxious Fumes","floor":1},{"not_picked":["Acrobatics","Bouncing Flask"],"picked":"Dagger Throw","floor":3},{"not_picked":["Concentrate","Masterful Stab","Riddle With Holes"],"picked":"SKIP","floor":6},{"not_picked":["Dodge and Roll","Masterful Stab"],"picked":"Dagger Throw","floor":7},{"not_picked":["Acrobatics","Bullet Time"],"picked":"Noxious Fumes","floor":10},{"not_picked":["Predator","Deflect"],"picked":"Bouncing Flask","floor":11},{"not_picked":["Prepared","Quick Slash","Finisher"],"picked":"SKIP","floor":12},{"not_picked":["Dodge and Roll","Calculated Gamble"],"picked":"Flying Knee","floor":13},{"not_picked":["Bullet Time","Adrenaline"],"picked":"Glass Knife","floor":16},{"not_picked":["Quick Slash","Underhanded Strike"],"picked":"Footwork","floor":18},{"not_picked":["Slice+1","Poisoned Stab"],"picked":"Escape Plan+1","floor":20},{"not_picked":["Flying Knee","Distraction","Deadly Poison"],"picked":"SKIP","floor":22}],"player_experience":253305,"relics_obtained":[{"floor":6,"key":"Oddly Smooth Stone"},{"floor":9,"key":"Omamori"},{"floor":10,"key":"Darkstone Periapt"}],"event_choices":[{"damage_healed":0,"gold_gain":0,"player_choice":"Bought 0 Potions","damage_taken":0,"max_hp_gain":0,"max_hp_loss":0,"event_name":"The Woman in Blue","floor":2,"gold_loss":0},{"damage_healed":0,"gold_gain":0,"player_choice":"Cursed","damage_taken":0,"max_hp_gain":0,"max_hp_loss":0,"event_name":"Wheel of Change","floor":5,"gold_loss":0,"cards_obtained":["Decay"]},{"cards_removed":["Decay"],"damage_healed":0,"gold_gain":0,"player_choice":"Gave Gold","damage_taken":0,"max_hp_gain":0,"max_hp_loss":0,"event_name":"Beggar","floor":19,"gold_loss":75}],"is_beta":false,"boss_relics":[{"not_picked":["WristBlade","HoveringKite"],"picked":"Cursed Key"}],"items_purged_floors":[4],"is_endless":false,"potions_floor_spawned":[1,3,10,16,20,22],"killed_by":"Slavers","ascension_level":11}