{"gold_per_floor":[111,111,129,154,174,205,205,224,224,238,12,43,43,43,43,169,169,194,183,206,230,230,230,25,60,60,91,91,122,122,143,143,266,266,281,295,315,440,440,474,490,511,536,536,536,574,574,599,599,599],"floor_reached":51,"playtime":4709,"items_purged":[],"score":896,"play_id":"717dd0c2-4a04-438b-aad4-30db726d5037","local_time":"20190424104341","is_ascension_mode":true,"campfire_choices":[{"data":"Defragment","floor":7,"key":"SMITH"},{"floor":15,"key":"REST"},{"data":"Defragment","floor":23,"key":"SMITH"},{"data":"Chill","floor":28,"key":"SMITH"},{"floor":30,"key":"REST"},{"floor":32,"key":"REST"},{"floor":45,"key":"REST"},{"floor":47,"key":"REST"},{"data":"White Noise","floor":49,"key":"SMITH"}],"neow_cost":"NONE","seed_source_timestamp":1249788102931000,"circlet_count":0,"master_deck":["Strike_B+1","Strike_B+1","Strike_B+1","Defend_B+1","Defend_B+1","Defend_B+1","Defend_B+1","Zap","Dualcast","Defragment+1","Glacier","Redo","Recycle+1","Coolheaded+1","Barrage","Glacier","Defragment+1","Cold Snap","Biased Cognition","Conserve Battery","Chill+1","Loop","Consume","White Noise+1","Rainbow","Electrodynamics","Aggregate+1","Coolheaded+1","Consume+1","Double Energy+1","Reprogram"],"relics":["Cracked Core","Golden Idol","Potion Belt","Peace Pipe","Anchor","Darkstone Periapt","Turnip","Inserter","OrangePellets","Pen Nib","StoneCalendar","Omamori","Gremlin Horn","Runic Dome","Ginger","Oddly Smooth Stone","Bronze Scales","War Paint"],"potions_floor_usage":[6,16,16,19,27,33,33,37],"damage_taken":[{"damage":1,"enemies":"2 Louse","floor":1,"turns":3},{"damage":0,"enemies":"Small Slimes","floor":3,"turns":4},{"damage":2,"enemies":"Jaw Worm","floor":4,"turns":5},{"damage":5,"enemies":"Exordium Wildlife","floor":5,"turns":6},{"damage":18,"enemies":"Gremlin Nob","floor":6,"turns":3},{"damage":1,"enemies":"Large Slime","floor":8,"turns":7},{"damage":31,"enemies":"Gremlin Gang","floor":10,"turns":6},{"damage":0,"enemies":"3 Sentries","floor":12,"turns":9},{"damage":6,"enemies":"Hexaghost","floor":16,"turns":10},{"damage":3,"enemies":"Spheric Guardian","floor":18,"turns":5},{"damage":0,"enemies":"2 Thieves","floor":19,"turns":4},{"damage":1,"enemies":"Snake Plant","floor":20,"turns":10},{"damage":9,"enemies":"Sentry and Sphere","floor":21,"turns":7},{"damage":2,"enemies":"Book of Stabbing","floor":25,"turns":7},{"damage":23,"enemies":"Gremlin Leader","floor":27,"turns":8},{"damage":25,"enemies":"Slavers","floor":29,"turns":7},{"damage":0,"enemies":"Snecko","floor":31,"turns":7},{"damage":13,"enemies":"Collector","floor":33,"turns":7},{"damage":15,"enemies":"Orb Walker","floor":35,"turns":5},{"damage":0,"enemies":"3 Shapes","floor":36,"turns":6},{"damage":22,"enemies":"Transient","floor":37,"turns":5},{"damage":0,"enemies":"Mind Bloom Boss Battle","floor":38,"turns":8},{"damage":17,"enemies":"Giant Head","floor":40,"turns":15},{"damage":0,"enemies":"Spire Growth","floor":41,"turns":7},{"damage":9,"enemies":"3 Darklings","floor":42,"turns":5},{"damage":2,"enemies":"Nemesis","floor":46,"turns":7},{"damage":0,"enemies":"Writhing Mass","floor":48,"turns":6},{"damage":21,"enemies":"Awakened One","floor":50,"turns":20}],"seed_played":"9095880641370888408","potions_obtained":[{"floor":1,"key":"Strength Potion"},{"floor":8,"key":"PowerPotion"},{"floor":10,"key":"Weak Potion"},{"floor":12,"key":"Fire Potion"},{"floor":18,"key":"GamblersBrew"},{"floor":27,"key":"LiquidBronze"},{"floor":31,"key":"Energy Potion"},{"floor":33,"key":"Poison Potion"},{"floor":36,"key":"FearPotion"},{"floor":41,"key":"Regen Potion"},{"floor":42,"key":"Explosive Potion"},{"floor":46,"key":"Fire Potion"}],"is_trial":false,"path_per_floor":["M","?","M","M","M","E","R","M","T","M","$","E","?","$","R","B",null,"M","M","M","M","?","R","$","E","T","E","R","E","R","M","R","B",null,"M","M","M","?","?","E","M","M","T","?","R","E","R","M","R","B",null],"character_chosen":"DEFECT","items_purchased":["Defragment","Anchor","OrangePellets"],"campfire_rested":5,"item_purchase_floors":[11,11,24],"current_hp_per_floor":[81,76,76,74,69,51,51,50,50,19,19,19,12,12,34,28,76,73,73,72,63,63,63,63,61,61,38,38,13,35,35,57,44,76,61,61,39,39,39,22,22,13,13,13,35,33,55,55,55,34],"gold":599,"neow_bonus":"TEN_PERCENT_HP_BONUS","is_prod":false,"is_daily":false,"chose_seed":false,"campfire_upgraded":4,"win_rate":0,"timestamp":1556095421,"path_taken":["M","?","M","M","M","E","R","M","T","M","$","E","?","$","R","BOSS","M","M","M","M","?","R","$","E","T","E","R","E","R","M","R","BOSS","M","M","M","?","?","E","M","M","T","?","R","E","R","M","R","BOSS"],"build_version":"2019-01-23","purchased_purges":0,"victory":true,"max_hp_per_floor":[82,76,76,76,76,76,76,76,76,76,76,76,76,76,76,76,76,76,76,76,76,76,76,76,76,76,76,76,76,76,76,76,76,76,76,76,76,76,76,76,76,76,76,76,76,76,76,76,76,76],"card_choices":[{"not_picked":["Double Energy","Steam"],"picked":"Defragment","floor":1},{"not_picked":["Recycle","Redo"],"picked":"Glacier","floor":3},{"not_picked":["Steam Power","Aggregate"],"picked":"Redo","floor":4},{"not_picked":["Redo","Barrage"],"picked":"Recycle","floor":5},{"not_picked":["Go for the Eyes","Double Energy"],"picked":"Coolheaded","floor":6},{"not_picked":["Redo","Chaos"],"picked":"Barrage","floor":8},{"not_picked":["Gash","Turbo"],"picked":"Glacier","floor":10},{"not_picked":["Stack","Beam Cell"],"picked":"Cold Snap","floor":12},{"not_picked":["Buffer","Reboot"],"picked":"Biased Cognition","floor":16},{"not_picked":["Redo","Gash"],"picked":"Conserve Battery","floor":18},{"not_picked":["Cold Snap","Melter","Scrape"],"picked":"SKIP","floor":19},{"not_picked":["Cold Snap","Steam","Rebound"],"picked":"SKIP","floor":20},{"not_picked":["White Noise","Beam Cell+1"],"picked":"Chill","floor":21},{"not_picked":["Hologram","Redo"],"picked":"Loop","floor":25},{"not_picked":["Gash","Redo"],"picked":"Consume","floor":27},{"not_picked":["Heatsinks","Conserve Battery"],"picked":"White Noise","floor":29},{"not_picked":["Beam Cell","Heatsinks"],"picked":"Rainbow","floor":31},{"not_picked":["Creative AI","Thunder Strike"],"picked":"Electrodynamics","floor":33},{"not_picked":["Cold Snap+1","Reinforced Body"],"picked":"Aggregate+1","floor":35},{"not_picked":["Fusion+1","Coolheaded","Beam Cell"],"picked":"SKIP","floor":36},{"not_picked":["Coolheaded","Auto Shields+1","Ball Lightning"],"picked":"SKIP","floor":37},{"not_picked":["Electrodynamics","Meteor Strike"],"picked":"Coolheaded+1","floor":40},{"not_picked":["Go for the Eyes","Ball Lightning"],"picked":"Consume+1","floor":41},{"not_picked":["Stack","Sweeping Beam+1"],"picked":"Double Energy+1","floor":42},{"not_picked":["Genetic Algorithm","Auto Shields"],"picked":"Reprogram","floor":46},{"not_picked":["Cold Snap+1","Auto Shields","Stack"],"picked":"SKIP","floor":48}],"player_experience":663364,"relics_obtained":[{"floor":6,"key":"Potion Belt"},{"floor":9,"key":"Peace Pipe"},{"floor":12,"key":"Darkstone Periapt"},{"floor":25,"key":"Pen Nib"},{"floor":26,"key":"StoneCalendar"},{"floor":27,"key":"Omamori"},{"floor":29,"key":"Gremlin Horn"},{"floor":38,"key":"Ginger"},{"floor":40,"key":"Oddly Smooth Stone"},{"floor":43,"key":"Bronze Scales"},{"floor":46,"key":"War Paint"}],"event_choices":[{"damage_healed":0,"gold_gain":0,"player_choice":"Lose Max HP","damage_taken":0,"relics_obtained":["Golden Idol"],"max_hp_gain":0,"max_hp_loss":6,"event_name":"Golden Idol","floor":2,"gold_loss":0},{"damage_healed":0,"gold_gain":0,"player_choice":"Success","damage_taken":7,"relics_obtained":["Turnip"],"max_hp_gain":0,"max_hp_loss":0,"event_name":"Scrap Ooze","floor":13,"gold_loss":0},{"damage_healed":0,"gold_gain":0,"player_choice":"Simplicity","damage_taken":0,"max_hp_gain":0,"max_hp_loss":0,"event_name":"Back to Basics","floor":22,"gold_loss":0,"cards_upgraded":["Strike_B","Strike_B","Strike_B","Strike_B","Defend_B","Defend_B","Defend_B","Defend_B"]},{"damage_healed":0,"gold_gain":0,"player_choice":"Fight","damage_taken":0,"max_hp_gain":0,"max_hp_loss":0,"event_name":"MindBloom","floor":38,"gold_loss":0},{"damage_healed":0,"gold_gain":0,"player_choice":"Ignored","damage_taken":0,"max_hp_gain":0,"max_hp_loss":0,"event_name":"Tomb of Lord Red Mask","floor":39,"gold_loss":0},{"cards_removed":["Strike_B"],"damage_healed":0,"gold_gain":0,"player_choice":"Removed Attack","damage_taken":0,"max_hp_gain":0,"max_hp_loss":0,"event_name":"Falling","floor":44,"gold_loss":0}],"is_beta":false,"boss_relics":[{"not_picked":["Orrery","Ectoplasm"],"picked":"Inserter"},{"not_picked":["Calling Bell","Runic Pyramid"],"picked":"Runic Dome"}],"items_purged_floors":[],"is_endless":false,"potions_floor_spawned":[1,8,10,12,18,27,31,33,36,41,42,46],"ascension_level":3}