{"gold_per_floor":[119,137,147,158,177,177,193,212,212,212,212,212,212,212],"floor_reached":14,"playtime":1066,"items_purged":[],"score":88,"play_id":"d1c5207d-58c9-4996-8dbc-9150c88793e6","local_time":"20190409135827","is_ascension_mode":true,"campfire_choices":[{"data":"Zap","floor":6,"key":"SMITH"},{"data":"Coolheaded","floor":10,"key":"SMITH"},{"data":"Rainbow","floor":13,"key":"SMITH"}],"neow_cost":"NONE","seed_source_timestamp":1570691637693600,"circlet_count":0,"master_deck":["Strike_B","Strike_B","Strike_B","Strike_B","Defend_B","Defend_B","Defend_B","Zap+1","Dualcast","Conserve Battery","Stack","Coolheaded","Coolheaded+1","Stack","Glacier","Compile Driver","Regret","Rainbow+1"],"relics":["Cracked Core","Strawberry"],"potions_floor_usage":[8],"damage_taken":[{"damage":8,"enemies":"Jaw Worm","floor":1,"turns":3},{"damage":4,"enemies":"Cultist","floor":2,"turns":4},{"damage":2,"enemies":"2 Louse","floor":3,"turns":3},{"damage":32,"enemies":"Gremlin Gang","floor":4,"turns":4},{"damage":0,"enemies":"3 Louse","floor":5,"turns":4},{"damage":14,"enemies":"Large Slime","floor":7,"turns":8},{"damage":13,"enemies":"Exordium Thugs","floor":8,"turns":5},{"damage":6,"enemies":"Gremlin Nob","floor":14,"turns":4}],"seed_played":"-8311513100333985276","potions_obtained":[{"floor":4,"key":"Strength Potion"},{"floor":5,"key":"AttackPotion"},{"floor":8,"key":"GamblersBrew"}],"is_trial":false,"path_per_floor":["M","M","M","M","M","R","M","M","T","R","?","?","R","E"],"character_chosen":"DEFECT","items_purchased":[],"campfire_rested":0,"item_purchase_floors":[],"current_hp_per_floor":[74,70,68,36,36,36,22,9,9,9,16,16,16,10],"gold":212,"neow_bonus":"TEN_PERCENT_HP_BONUS","is_prod":false,"is_daily":false,"chose_seed":false,"campfire_upgraded":3,"win_rate":0,"timestamp":1554811107,"path_taken":["M","M","M","M","M","R","M","M","T","R","?","?","R","E"],"build_version":"2019-01-23","purchased_purges":0,"victory":false,"max_hp_per_floor":[82,82,82,82,82,82,82,82,82,82,89,89,89,89],"card_choices":[{"not_picked":["Turbo","Steam Power"],"picked":"Conserve Battery","floor":1},{"not_picked":["Sweeping Beam","Ball Lightning"],"picked":"Stack","floor":2},{"not_picked":["Stack","Turbo"],"picked":"Coolheaded","floor":3},{"not_picked":["All For One","Streamline"],"picked":"Coolheaded","floor":4},{"not_picked":["Reprogram","Steam"],"picked":"Stack","floor":5},{"not_picked":["Redo","Stack"],"picked":"Glacier","floor":7},{"not_picked":["Turbo","Cold Snap"],"picked":"Compile Driver","floor":8}],"player_experience":303724,"relics_obtained":[],"event_choices":[{"damage_healed":0,"gold_gain":0,"player_choice":"Box","damage_taken":0,"relics_obtained":["Strawberry"],"max_hp_gain":0,"max_hp_loss":0,"event_name":"Big Fish","floor":11,"gold_loss":0,"cards_obtained":["Regret"]},{"damage_healed":0,"gold_gain":0,"cards_transformed":["Defend_B"],"player_choice":"Transformed","damage_taken":0,"max_hp_gain":0,"max_hp_loss":0,"event_name":"Transmorgrifier","floor":12,"gold_loss":0,"cards_obtained":["Rainbow"]}],"is_beta":false,"boss_relics":[],"items_purged_floors":[],"is_endless":false,"potions_floor_spawned":[4,5,8],"killed_by":"Gremlin Nob","ascension_level":1}