{"gold_per_floor":[115,115,126,76,90,90,15,15,15,15,47,47,66,93,93,197,197,216,227,242,242],"floor_reached":21,"playtime":778,"items_purged":["Strike_R"],"score":277,"play_id":"5602cc73-cb3d-471c-9833-28277ae399c0","local_time":"20190503224014","is_ascension_mode":true,"campfire_choices":[{"data":"Bludgeon","floor":6.0,"key":"SMITH"},{"data":"Feed","floor":8.0,"key":"SMITH"},{"data":"True Grit","floor":10.0,"key":"SMITH"},{"data":"Bash","floor":12.0,"key":"SMITH"},{"data":"Flex","floor":15.0,"key":"SMITH"}],"neow_cost":"PERCENT_DAMAGE","seed_source_timestamp":1775573585416983,"circlet_count":0,"master_deck":["AscendersBane","Strike_R","Strike_R","Defend_R","Defend_R","Defend_R","Defend_R","Bash+1","Feed+1","True Grit+1","Bludgeon+1","Flex+1","Pommel Strike","Flame Barrier+1","Immolate","True Grit+1"],"special_seed":0,"relics":["Black Blood","Toxic Egg 2","Torii","Bag of Preparation"],"potions_floor_usage":[21],"damage_taken":[{"damage":8.0,"enemies":"Small Slimes","floor":1.0,"turns":4.0},{"damage":0.0,"enemies":"2 Louse","floor":3.0,"turns":3.0},{"damage":7.0,"enemies":"Jaw Worm","floor":5.0,"turns":3.0},{"damage":18.0,"enemies":"Lagavulin","floor":11.0,"turns":4.0},{"damage":0.0,"enemies":"Blue Slaver","floor":13.0,"turns":3.0},{"damage":24.0,"enemies":"Hexaghost","floor":16.0,"turns":10.0},{"damage":24.0,"enemies":"Shell Parasite","floor":18.0,"turns":3.0},{"damage":28.0,"enemies":"Spheric Guardian","floor":19.0,"turns":4.0},{"damage":30.0,"enemies":"Cultist and Chosen","floor":20.0,"turns":5.0},{"damage":36,"enemies":"Shelled Parasite and Fungi","floor":21,"turns":6}],"seed_played":"793843754541770575","potions_obtained":[{"floor":5.0,"key":"Weak Potion"},{"floor":16.0,"key":"BloodPotion"}],"is_trial":false,"path_per_floor":["M","?","M","?","M","R","$","R","T","R","E","R","M","T","R","B",null,"M","M","M","M"],"character_chosen":"IRONCLAD","items_purchased":[],"campfire_rested":0,"item_purchase_floors":[],"current_hp_per_floor":[52,52,61,61,63,63,63,63,63,63,51,51,57,57,57,39,77,63,45,25,0],"gold":242,"neow_bonus":"THREE_RARE_CARDS","is_prod":false,"is_daily":false,"chose_seed":false,"campfire_upgraded":5,"win_rate":0,"timestamp":1556890814,"path_taken":["M","?","M","?","M","R","?","R","T","R","E","R","M","?","R","BOSS","M","M","M","M"],"build_version":"2019-01-23","purchased_purges":1,"victory":false,"max_hp_per_floor":[83,83,86,86,89,89,89,89,89,89,89,89,89,89,89,89,89,89,89,89,89],"card_choices":[{"not_picked":["Exhume","Fiend Fire"],"picked":"Feed","floor":0.0},{"not_picked":["Havoc","Ghostly Armor"],"picked":"True Grit","floor":1.0},{"not_picked":["Thunderclap","Anger"],"picked":"Flex","floor":3.0},{"not_picked":["Thunderclap","Feed"],"picked":"Pommel Strike","floor":5.0},{"not_picked":["Thunderclap","Combust"],"picked":"Flame Barrier+1","floor":11.0},{"not_picked":["Anger","Pommel Strike","Rampage"],"picked":"SKIP","floor":13.0},{"not_picked":["Bludgeon","Feed"],"picked":"Immolate","floor":16.0},{"not_picked":["Searing Blow","Pommel Strike","Heavy Blade"],"picked":"SKIP","floor":18.0},{"not_picked":["Iron Wave","Clash"],"picked":"True Grit+1","floor":19.0},{"not_picked":["Flame Barrier+1","Pommel Strike","Evolve"],"picked":"SKIP","floor":20.0}],"player_experience":481095,"relics_obtained":[{"floor":9.0,"key":"Toxic Egg 2"},{"floor":11.0,"key":"Torii"},{"floor":14.0,"key":"Bag of Preparation"}],"event_choices":[{"damage_healed":0.0,"max_hp_gain":0.0,"max_hp_loss":0.0,"gold_gain":0.0,"cards_transformed":["Strike_R"],"event_name":"Living Wall","player_choice":"Change","floor":2.0,"gold_loss":0.0,"damage_taken":0.0,"cards_obtained":["Bludgeon"]},{"cards_removed":["Strike_R"],"damage_healed":0.0,"max_hp_gain":0.0,"max_hp_loss":0.0,"gold_gain":0.0,"event_name":"The Cleric","player_choice":"Card Removal","floor":4.0,"gold_loss":50.0,"damage_taken":0.0}],"is_beta":false,"boss_relics":[{"not_picked":["Ectoplasm","Eternal Feather"],"picked":"Black Blood"}],"items_purged_floors":[7],"is_endless":false,"potions_floor_spawned":[5,16],"killed_by":"Shelled Parasite and Fungi","ascension_level":11}