{"gold_per_floor":[10,10,20,20,39,66,85,105,128,128,128,138,151,151,151,250,250,266,285,298,318,318,318,318,102,102,177,177,190,207,11,11,11],"floor_reached":33,"playtime":1853,"items_purged":["Strike_B","Strike_B"],"score":339,"play_id":"68c59624-1269-49c6-8cd8-ea758fb9f4d2","local_time":"20190405203701","is_ascension_mode":true,"campfire_choices":[{"floor":11,"key":"REST"},{"floor":15,"key":"REST"},{"floor":23,"key":"REST"},{"floor":24,"key":"REST"},{"data":"Fission","floor":28,"key":"SMITH"},{"data":"Beam Cell","floor":32,"key":"SMITH"}],"neow_cost":"NO_GOLD","seed_source_timestamp":1900742958019438,"circlet_count":0,"master_deck":["Strike_B","Strike_B","Defend_B","Defend_B","Defend_B","Defend_B","Zap","Dualcast","Streamline","Cold Snap","BootSequence","Beam Cell+1","Streamline","Turbo","Steam","Beam Cell","Fission+1","Coolheaded+1","Rip and Tear","Go for the Eyes","Impatience","Double Energy+1","Seek","Good Instincts"],"relics":["FrozenCore","Shuriken","Orichalcum","Anchor","WingedGreaves","Blood Vial"],"potions_floor_usage":[2,6,8,13,16,18,30,33,33],"damage_taken":[{"damage":7,"enemies":"Jaw Worm","floor":1,"turns":4},{"damage":0,"enemies":"Cultist","floor":3,"turns":3},{"damage":0,"enemies":"Small Slimes","floor":5,"turns":2},{"damage":31,"enemies":"Lagavulin","floor":6,"turns":5},{"damage":1,"enemies":"Blue Slaver","floor":7,"turns":2},{"damage":0,"enemies":"Gremlin Gang","floor":8,"turns":3},{"damage":0,"enemies":"Looter","floor":12,"turns":2},{"damage":3,"enemies":"Exordium Thugs","floor":13,"turns":3},{"damage":31,"enemies":"The Guardian","floor":16,"turns":12},{"damage":14,"enemies":"3 Byrds","floor":18,"turns":5},{"damage":7,"enemies":"Chosen","floor":19,"turns":5},{"damage":28,"enemies":"Snake Plant","floor":20,"turns":5},{"damage":20,"enemies":"Centurion and Healer","floor":21,"turns":7},{"damage":8,"enemies":"Chosen and Byrds","floor":29,"turns":5},{"damage":8,"enemies":"Snecko","floor":30,"turns":3},{"damage":61,"enemies":"Champ","floor":33,"turns":9}],"seed_played":"4264177475000472376","potions_obtained":[{"floor":2,"key":"AttackPotion"},{"floor":2,"key":"Fruit Juice"},{"floor":2,"key":"Ancient Potion"},{"floor":6,"key":"Explosive Potion"},{"floor":7,"key":"GamblersBrew"},{"floor":8,"key":"Weak Potion"},{"floor":16,"key":"Explosive Potion"},{"floor":21,"key":"Strength Potion"}],"is_trial":false,"path_per_floor":["M","?","M","$","M","E","M","M","T","?","R","M","M","T","R","B",null,"M","M","M","M","?","R","R","$","T","?","R","M","M","$","R","B"],"character_chosen":"DEFECT","items_purchased":["Block Potion","Impatience","Good Instincts"],"campfire_rested":4,"item_purchase_floors":[25,25,31],"current_hp_per_floor":[82,87,87,87,87,56,55,55,55,22,50,50,47,47,75,44,82,68,61,33,13,18,46,74,74,74,65,65,59,53,53,53,0],"gold":11,"neow_bonus":"TWENTY_PERCENT_HP_BONUS","is_prod":false,"is_daily":false,"chose_seed":false,"campfire_upgraded":2,"win_rate":0,"timestamp":1554464221,"path_taken":["M","?","M","?","M","E","M","M","T","?","R","M","M","?","R","BOSS","M","M","?","M","?","R","R","?","T","?","R","M","M","$","R","BOSS"],"build_version":"2019-01-23","purchased_purges":2,"victory":false,"max_hp_per_floor":[89,94,94,94,94,94,94,94,94,94,94,94,94,94,94,94,94,94,94,94,94,94,94,94,94,94,94,94,94,94,94,94,94],"card_choices":[{"not_picked":["Darkness","Compile Driver"],"picked":"Streamline","floor":1},{"not_picked":["Steam","Conserve Battery"],"picked":"Cold Snap","floor":3},{"not_picked":["Sweeping Beam","Sunder"],"picked":"BootSequence","floor":5},{"not_picked":["Hologram","Loop"],"picked":"Beam Cell","floor":6},{"not_picked":["Loop","Stack"],"picked":"Streamline","floor":7},{"not_picked":["Compile Driver","Barrage"],"picked":"Turbo","floor":8},{"not_picked":["Ball Lightning","Buffer"],"picked":"Steam","floor":12},{"not_picked":["Streamline","Steam"],"picked":"Beam Cell","floor":13},{"not_picked":["Machine Learning","Biased Cognition"],"picked":"Fission","floor":16},{"not_picked":["Skim","Stack+1"],"picked":"Coolheaded+1","floor":18},{"not_picked":["Streamline","Capacitor"],"picked":"Rip and Tear","floor":19},{"not_picked":["Rebound","Sweeping Beam"],"picked":"Steam","floor":20},{"not_picked":["Gash","Steam"],"picked":"Go for the Eyes","floor":21},{"not_picked":["Sunder","Streamline"],"picked":"Double Energy+1","floor":29},{"not_picked":["Recycle+1","Beam Cell"],"picked":"Seek","floor":30}],"player_experience":241369,"relics_obtained":[{"floor":6,"key":"Shuriken"},{"floor":9,"key":"Orichalcum"},{"floor":14,"key":"WingedGreaves"},{"floor":26,"key":"Blood Vial"}],"event_choices":[{"damage_healed":0,"gold_gain":0,"player_choice":"Got Potions","damage_taken":0,"max_hp_gain":0,"max_hp_loss":0,"event_name":"Lab","floor":2,"gold_loss":0},{"damage_healed":0,"gold_gain":0,"player_choice":"Success","damage_taken":33,"relics_obtained":["Anchor"],"max_hp_gain":0,"max_hp_loss":0,"event_name":"Scrap Ooze","floor":10,"gold_loss":0},{"cards_removed":["Steam"],"damage_healed":5,"gold_gain":0,"player_choice":"Offered Common","damage_taken":0,"max_hp_gain":0,"max_hp_loss":0,"event_name":"Bonfire Elementals","floor":22,"gold_loss":0},{"cards_removed":["Steam"],"damage_healed":5,"gold_gain":0,"player_choice":"Offered Special","damage_taken":0,"max_hp_gain":0,"max_hp_loss":0,"event_name":"Bonfire Elementals","floor":22,"gold_loss":0},{"damage_healed":0,"gold_gain":75,"player_choice":"Touch","damage_taken":9,"max_hp_gain":0,"max_hp_loss":0,"event_name":"FaceTrader","floor":27,"gold_loss":0}],"is_beta":false,"boss_relics":[{"not_picked":["Tiny House","Velvet Choker"],"picked":"FrozenCore"}],"items_purged_floors":[25,31],"is_endless":false,"potions_floor_spawned":[6,7,8,16,21,29],"killed_by":"Champ","ascension_level":5}