{"gold_per_floor":[117,132,147,13,32,32,61,61,61,94,94,19,33,66,66,138,138,138,38,55,55],"floor_reached":21,"playtime":913,"items_purged":["Strike_R","Strike_R"],"score":368,"play_id":"79921af1-71ce-4380-9896-c066d9b03561","local_time":"20190425114435","is_ascension_mode":true,"campfire_choices":[{"data":"Bash","floor":6,"key":"SMITH"},{"floor":8,"key":"REST"},{"data":"Whirlwind","floor":15,"key":"SMITH"}],"neow_cost":"NONE","seed_source_timestamp":18393591413469,"circlet_count":0,"master_deck":["AscendersBane","Strike_R+1","Strike_R","Strike_R","Defend_R","Defend_R","Defend_R","Defend_R","Bash+1","Metallicize","Armaments","Rampage+1","Whirlwind+1","Spot Weakness","Clothesline","Feed","Offering","Shrug It Off","Bludgeon","Demon Form","Havoc"],"relics":["Burning Blood","Matryoshka","Bronze Scales","Bottled Tornado","Sundial","Whetstone","Philosopher\u0027s Stone"],"potions_floor_usage":[7,7,16,16,16,18,21],"damage_taken":[{"damage":7,"enemies":"Cultist","floor":1,"turns":4},{"damage":4,"enemies":"Jaw Worm","floor":2,"turns":4},{"damage":11,"enemies":"2 Louse","floor":3,"turns":3},{"damage":15,"enemies":"Looter","floor":5,"turns":4},{"damage":27,"enemies":"Lagavulin","floor":7,"turns":7},{"damage":21,"enemies":"3 Sentries","floor":10,"turns":5},{"damage":7,"enemies":"Large Slime","floor":13,"turns":5},{"damage":17,"enemies":"Lagavulin","floor":14,"turns":6},{"damage":34,"enemies":"Slime Boss","floor":16,"turns":10},{"damage":0,"enemies":"Spheric Guardian","floor":18,"turns":3},{"damage":16,"enemies":"Chosen","floor":20,"turns":3},{"damage":72,"enemies":"Masked Bandits","floor":21,"turns":3}],"seed_played":"-3697333029431189270","potions_obtained":[{"floor":2,"key":"PowerPotion"},{"floor":7,"key":"GamblersBrew"},{"floor":10,"key":"EntropicBrew"},{"floor":16,"key":"SneckoOil"}],"is_trial":false,"path_per_floor":["M","M","M","$","M","R","E","R","T","E","?","$","M","E","R","B",null,"M","$","M","?"],"character_chosen":"IRONCLAD","items_purchased":["Spot Weakness","Strength Potion"],"campfire_rested":1,"item_purchase_floors":[4,4],"current_hp_per_floor":[67,69,64,64,55,55,34,56,56,44,44,44,46,35,35,7,63,69,69,59,0],"gold":55,"neow_bonus":"THREE_CARDS","is_prod":false,"is_daily":false,"chose_seed":false,"campfire_upgraded":2,"win_rate":0,"timestamp":1556217875,"path_taken":["M","M","?","$","M","R","E","R","T","E","?","?","M","E","R","BOSS","M","$","M","?"],"build_version":"2019-01-23","purchased_purges":2,"victory":false,"max_hp_per_floor":[75,75,75,75,75,75,75,75,75,78,78,78,81,81,81,81,81,81,81,81,84],"card_choices":[{"not_picked":["Perfected Strike","Heavy Blade"],"picked":"Metallicize","floor":0},{"not_picked":["Pommel Strike","Evolve"],"picked":"Armaments","floor":1},{"not_picked":["Ghostly Armor","Flex"],"picked":"Rampage","floor":2},{"not_picked":["Flex","Rupture"],"picked":"Whirlwind","floor":3},{"not_picked":["Corruption","True Grit"],"picked":"Clothesline","floor":5},{"not_picked":["Iron Wave","Cleave"],"picked":"Feed","floor":7},{"not_picked":["Seeing Red","Second Wind"],"picked":"Offering","floor":10},{"not_picked":["Burning Pact","Twin Strike"],"picked":"Shrug It Off","floor":13},{"not_picked":["Ghostly Armor","Reckless Charge"],"picked":"Bludgeon","floor":14},{"not_picked":["Impervious","Immolate"],"picked":"Demon Form","floor":16},{"not_picked":["Armaments+1","Perfected Strike"],"picked":"Havoc","floor":20}],"player_experience":479888,"relics_obtained":[{"floor":7,"key":"Matryoshka"},{"floor":9,"key":"Bronze Scales"},{"floor":9,"key":"Bottled Tornado"},{"floor":10,"key":"Sundial"},{"floor":14,"key":"Whetstone"}],"event_choices":[{"damage_healed":0,"gold_gain":0,"player_choice":"Fled","damage_taken":0,"max_hp_gain":0,"max_hp_loss":0,"event_name":"Scrap Ooze","floor":11,"gold_loss":0},{"damage_healed":0,"gold_gain":0,"player_choice":"Fought Bandits","damage_taken":0,"max_hp_gain":0,"max_hp_loss":0,"event_name":"Masked Bandits","floor":21,"gold_loss":0}],"is_beta":false,"boss_relics":[{"not_picked":["White Beast Statue","Fusion Hammer"],"picked":"Philosopher\u0027s Stone"}],"items_purged_floors":[12,19],"is_endless":false,"potions_floor_spawned":[2,5,7,10,16,18],"killed_by":"Masked Bandits","ascension_level":17}