{"gold_per_floor":[116,132,151,170,91,91,108,108,108,122,82,100,100,120,120,222,222,238,249,261,42,61,61,61,71,120,120,130,145,145,155,155,155],"floor_reached":33,"playtime":4187,"items_purged":[],"score":272,"play_id":"e0cedfb8-6a0c-4581-83a0-0a33634f4710","local_time":"20190406103906","is_ascension_mode":false,"campfire_choices":[{"data":"Metallicize","floor":6,"key":"SMITH"},{"data":"Entrench","floor":13,"key":"SMITH"},{"data":"Anger","floor":15,"key":"SMITH"},{"data":"Mayhem","floor":23,"key":"SMITH"},{"data":"Brutality","floor":30,"key":"SMITH"},{"data":"Defend_R","floor":32,"key":"SMITH"}],"neow_cost":"NONE","seed_source_timestamp":1296411232054400,"circlet_count":0,"master_deck":["Defend_R","Defend_R","Defend_R","Defend_R+1","Bash","Spot Weakness","Body Slam+1","Anger+1","Intimidate","Metallicize+1","Intimidate","Rupture","Spot Weakness","Entrench+1","Whirlwind","Brutality+1","Body Slam+1","Feed","Iron Wave","Mayhem+1","Seeing Red+1","Shame","Bite","Bite","Bite","Bite","Bite","Warcry+1","Body Slam"],"relics":["Burning Blood","Gambling Chip","Pantograph","Coffee Dripper","Kunai","Whetstone"],"potions_floor_usage":[4,16,20,20,31,33,33],"damage_taken":[{"damage":1,"enemies":"Cultist","floor":1,"turns":4},{"damage":8,"enemies":"2 Louse","floor":2,"turns":3},{"damage":8,"enemies":"Small Slimes","floor":3,"turns":2},{"damage":13,"enemies":"Exordium Thugs","floor":4,"turns":4},{"damage":5,"enemies":"Looter","floor":7,"turns":3},{"damage":2,"enemies":"Large Slime","floor":10,"turns":6},{"damage":10,"enemies":"Lots of Slimes","floor":12,"turns":5},{"damage":1,"enemies":"2 Fungi Beasts","floor":14,"turns":4},{"damage":48,"enemies":"Slime Boss","floor":16,"turns":11},{"damage":3,"enemies":"3 Byrds","floor":18,"turns":4},{"damage":8,"enemies":"Chosen","floor":19,"turns":3},{"damage":15,"enemies":"Snake Plant","floor":20,"turns":4},{"damage":31,"enemies":"Sentry and Sphere","floor":22,"turns":4},{"damage":20,"enemies":"Centurion and Healer","floor":25,"turns":5},{"damage":23,"enemies":"Shelled Parasite and Fungi","floor":28,"turns":4},{"damage":11,"enemies":"Snecko","floor":29,"turns":5},{"damage":15,"enemies":"Chosen and Byrds","floor":31,"turns":5},{"damage":27,"enemies":"Automaton","floor":33,"turns":6}],"seed_played":"-9156897009564469352","potions_obtained":[{"floor":1,"key":"SteroidPotion"},{"floor":10,"key":"GamblersBrew"},{"floor":12,"key":"Fire Potion"},{"floor":19,"key":"GamblersBrew"},{"floor":25,"key":"Block Potion"},{"floor":29,"key":"Poison Potion"},{"floor":31,"key":"Fire Potion"}],"is_trial":false,"path_per_floor":["M","M","M","M","$","R","M","?","T","M","$","M","R","M","R","B",null,"M","M","M","$","M","R","?","M","T","?","M","M","R","M","R","B"],"character_chosen":"IRONCLAD","items_purchased":["Metallicize","Spot Weakness","Iron Wave","Mayhem"],"campfire_rested":0,"item_purchase_floors":[5,11,21,21],"current_hp_per_floor":[80,78,76,69,69,69,70,52,52,56,56,52,52,57,57,38,80,80,78,69,69,44,44,44,30,30,30,23,30,30,31,31,36],"gold":155,"neow_bonus":"THREE_CARDS","is_prod":false,"is_daily":false,"chose_seed":false,"campfire_upgraded":6,"win_rate":0.0,"timestamp":1554539946,"path_taken":["M","M","M","M","?","R","M","?","T","M","$","M","R","M","R","BOSS","M","M","M","$","M","R","?","M","T","?","M","M","R","M","R","BOSS"],"build_version":"2019-01-23","purchased_purges":0,"victory":false,"max_hp_per_floor":[80,80,80,80,80,80,80,80,80,80,80,80,80,80,80,80,80,80,80,80,80,80,80,80,80,80,56,56,56,56,56,56,56],"card_choices":[{"not_picked":["Clash","Cleave"],"picked":"Spot Weakness","floor":0},{"not_picked":["Combust","Rage"],"picked":"Body Slam","floor":1},{"not_picked":["Cleave","Thunderclap"],"picked":"Anger","floor":2},{"not_picked":["Clash","Carnage"],"picked":"Intimidate","floor":3},{"not_picked":["Uppercut","Hemokinesis","Flex"],"picked":"SKIP","floor":4},{"not_picked":["Clothesline","Fire Breathing"],"picked":"Intimidate","floor":7},{"not_picked":["Rampage","Bludgeon"],"picked":"Rupture","floor":10},{"not_picked":["Shrug It Off","Rampage"],"picked":"Entrench","floor":12},{"not_picked":["Infernal Blade","Uppercut"],"picked":"Whirlwind","floor":14},{"not_picked":["Fiend Fire","Limit Break"],"picked":"Brutality","floor":16},{"not_picked":["Headbutt","Thunderclap","Clash+1"],"picked":"SKIP","floor":18},{"not_picked":["Anger+1","Pommel Strike"],"picked":"Body Slam+1","floor":19},{"not_picked":["Perfected Strike","Sword Boomerang"],"picked":"Feed","floor":20},{"not_picked":["Heavy Blade","Clash"],"picked":"Seeing Red+1","floor":22},{"not_picked":["Twin Strike","Dropkick","Reckless Charge"],"picked":"SKIP","floor":25},{"not_picked":["Thunderclap","Headbutt","Twin Strike"],"picked":"SKIP","floor":28},{"not_picked":["Anger","Thunderclap"],"picked":"Warcry+1","floor":29},{"not_picked":["Thunderclap","Dropkick+1"],"picked":"Body Slam","floor":31}],"player_experience":116925,"relics_obtained":[{"floor":9,"key":"Pantograph"},{"floor":26,"key":"Whetstone"}],"event_choices":[{"damage_healed":0,"gold_gain":0,"player_choice":"Success","damage_taken":18,"relics_obtained":["Gambling Chip"],"max_hp_gain":0,"max_hp_loss":0,"event_name":"Scrap Ooze","floor":8,"gold_loss":0},{"damage_healed":0,"gold_gain":0,"player_choice":"Stole Relic","damage_taken":0,"relics_obtained":["Kunai"],"max_hp_gain":0,"max_hp_loss":0,"event_name":"Addict","floor":24,"gold_loss":0,"cards_obtained":["Shame"]},{"damage_healed":0,"gold_gain":0,"player_choice":"Became a vampire","damage_taken":0,"max_hp_gain":0,"max_hp_loss":24,"event_name":"Vampires","floor":27,"gold_loss":0,"cards_obtained":["Bite","Bite","Bite","Bite","Bite"]}],"is_beta":false,"boss_relics":[{"not_picked":["Philosopher\u0027s Stone","Busted Crown"],"picked":"Coffee Dripper"}],"items_purged_floors":[],"is_endless":false,"potions_floor_spawned":[1,10,12,19,25,29,31],"killed_by":"Automaton","ascension_level":0}