{"gold_per_floor":[115,129,139,139,58,85,50,50,50,50,80,80,107,122,122,199,199,209,227,243,243],"floor_reached":21,"playtime":1831,"items_purged":[],"score":338,"play_id":"56380959-ea2e-46ec-a628-16438823935f","local_time":"20190503230754","is_ascension_mode":true,"campfire_choices":[{"data":"Whirlwind","floor":10,"key":"SMITH"},{"data":"Demon Form","floor":12,"key":"SMITH"},{"floor":15,"key":"REST"}],"neow_cost":"NONE","seed_source_timestamp":341437309139600,"circlet_count":0,"master_deck":["AscendersBane","Strike_R","Strike_R","Strike_R","Strike_R","Defend_R","Defend_R","Defend_R","Defend_R","Bash","Exhume","Battle Trance","Pommel Strike","Inflame","Burning Pact","Whirlwind+1","Demon Form+1","Clothesline","Pummel","Fiend Fire","Armaments","Sword Boomerang+1"],"relics":["Burning Blood","Ancient Tea Set","Self Forming Clay","Darkstone Periapt","Bag of Marbles","Coffee Dripper"],"potions_floor_usage":[13,13,20],"damage_taken":[{"damage":5,"enemies":"Small Slimes","floor":1,"turns":4},{"damage":9,"enemies":"Jaw Worm","floor":2,"turns":4},{"damage":6,"enemies":"Cultist","floor":3,"turns":3},{"damage":24,"enemies":"Gremlin Nob","floor":6,"turns":4},{"damage":37,"enemies":"Lagavulin","floor":11,"turns":6},{"damage":17,"enemies":"3 Sentries","floor":13,"turns":5},{"damage":17,"enemies":"2 Fungi Beasts","floor":14,"turns":4},{"damage":21,"enemies":"Hexaghost","floor":16,"turns":6},{"damage":22,"enemies":"Chosen","floor":18,"turns":5},{"damage":18,"enemies":"Shell Parasite","floor":19,"turns":4},{"damage":7,"enemies":"Snecko","floor":20,"turns":4},{"damage":33,"enemies":"Colosseum Slavers","floor":21,"turns":3}],"seed_played":"3109601661869345484","potions_obtained":[{"floor":3,"key":"Explosive Potion"},{"floor":6,"key":"Explosive Potion"},{"floor":19,"key":"Swift Potion"}],"is_trial":false,"path_per_floor":["M","M","M","?","$","E","?","$","T","R","E","R","E","M","R","B",null,"M","M","M","?"],"character_chosen":"IRONCLAD","items_purchased":["Whirlwind"],"campfire_rested":1,"item_purchase_floors":[5],"current_hp_per_floor":[69,66,66,66,66,48,66,66,66,66,35,35,24,13,35,20,61,45,33,32,0],"gold":243,"neow_bonus":"ONE_RANDOM_RARE_CARD","is_prod":false,"is_daily":false,"chose_seed":false,"campfire_upgraded":2,"win_rate":0,"timestamp":1556917674,"path_taken":["M","M","M","?","$","E","?","?","T","R","E","R","E","M","R","BOSS","M","M","M","?"],"build_version":"2019-01-23","purchased_purges":0,"victory":false,"max_hp_per_floor":[75,75,75,75,75,75,75,75,75,75,75,75,75,75,75,75,75,75,75,75,75],"card_choices":[{"not_picked":["Anger","Warcry"],"picked":"Battle Trance","floor":1},{"not_picked":["Clash","Dual Wield"],"picked":"Pommel Strike","floor":2},{"not_picked":["Warcry","Armaments"],"picked":"Inflame","floor":3},{"not_picked":["Fiend Fire","Havoc"],"picked":"Demon Form","floor":6},{"not_picked":["Bloodletting","Clash"],"picked":"Clothesline","floor":11},{"not_picked":["Fire Breathing","Sever Soul","Warcry"],"picked":"SKIP","floor":13},{"not_picked":["Sword Boomerang","Flex"],"picked":"Pummel","floor":14},{"not_picked":["Demon Form","Berserk"],"picked":"Fiend Fire","floor":16},{"not_picked":["Rupture","Infernal Blade","Pommel Strike"],"picked":"SKIP","floor":18},{"not_picked":["Inflame","Wild Strike"],"picked":"Armaments","floor":19},{"not_picked":["Pummel","Body Slam+1"],"picked":"Sword Boomerang+1","floor":20}],"player_experience":1047237,"relics_obtained":[{"floor":6,"key":"Ancient Tea Set"},{"floor":9,"key":"Self Forming Clay"},{"floor":11,"key":"Darkstone Periapt"},{"floor":13,"key":"Bag of Marbles"}],"event_choices":[{"damage_healed":0,"gold_gain":0,"cards_transformed":["Strike_R"],"player_choice":"Change","damage_taken":0,"max_hp_gain":0,"max_hp_loss":0,"event_name":"Living Wall","floor":4,"gold_loss":0,"cards_obtained":["Burning Pact"]},{"damage_healed":18,"gold_gain":0,"player_choice":"Healed","damage_taken":0,"max_hp_gain":0,"max_hp_loss":0,"event_name":"The Cleric","floor":7,"gold_loss":35},{"damage_healed":0,"gold_gain":0,"player_choice":"Fight","damage_taken":0,"max_hp_gain":0,"max_hp_loss":0,"event_name":"Colosseum","floor":21,"gold_loss":0}],"is_beta":false,"boss_relics":[{"not_picked":["Runic Cube","White Beast Statue"],"picked":"Coffee Dripper"}],"items_purged_floors":[],"is_endless":false,"potions_floor_spawned":[3,6,11,19],"killed_by":"Colosseum Slavers","ascension_level":14}