{"gold_per_floor":[110,123,135,135,135,135,168,184,184,184,162,162,46,90,90,90],"floor_reached":16,"playtime":545,"items_purged":[],"score":162,"play_id":"bda9604f-2aa9-4f6d-bd1e-be05beb3f4f8","local_time":"20190429172101","is_ascension_mode":true,"campfire_choices":[{"data":"Double Tap","floor":6,"key":"SMITH"},{"data":"Metallicize","floor":10,"key":"SMITH"},{"floor":12,"key":"REST"},{"data":"Inflame","floor":15,"key":"SMITH"}],"neow_cost":"PERCENT_DAMAGE","seed_source_timestamp":1709794875449000,"circlet_count":0,"master_deck":["AscendersBane","Strike_R","Strike_R","Strike_R","Strike_R","Strike_R","Defend_R","Defend_R","Defend_R","Defend_R","Bash","Double Tap+1","Inflame+1","Metallicize+1","Shockwave","Pommel Strike","Fiend Fire","Seeing Red"],"relics":["Burning Blood","Golden Idol","Pen Nib","Meat on the Bone","Tiny Chest","Champion Belt"],"potions_floor_usage":[16,16],"damage_taken":[{"damage":0,"enemies":"2 Louse","floor":1,"turns":3},{"damage":16,"enemies":"Jaw Worm","floor":2,"turns":4},{"damage":11,"enemies":"Cultist","floor":3,"turns":4},{"damage":33,"enemies":"3 Sentries","floor":7,"turns":12},{"damage":10,"enemies":"Blue Slaver","floor":8,"turns":6},{"damage":19,"enemies":"Lagavulin","floor":14,"turns":6},{"damage":41,"enemies":"The Guardian","floor":16,"turns":9}],"seed_played":"-580369142382453468","potions_obtained":[{"floor":2,"key":"EssenceOfSteel"},{"floor":3,"key":"BloodPotion"}],"is_trial":false,"path_per_floor":["M","M","M","?","?","R","E","M","T","R","?","R","$","E","R","B"],"character_chosen":"IRONCLAD","items_purchased":["Tiny Chest"],"campfire_rested":1,"item_purchase_floors":[13],"current_hp_per_floor":[57,47,42,42,42,42,15,11,11,11,11,33,33,32,32,0],"gold":90,"neow_bonus":"THREE_RARE_CARDS","is_prod":false,"is_daily":false,"chose_seed":false,"campfire_upgraded":3,"win_rate":0,"timestamp":1556551261,"path_taken":["M","M","M","?","?","R","E","M","T","R","?","R","?","E","R","BOSS"],"build_version":"2019-01-23","purchased_purges":0,"victory":false,"max_hp_per_floor":[80,80,80,80,74,74,74,74,74,74,74,74,74,74,74,74],"card_choices":[{"not_picked":["Juggernaut","Berserk"],"picked":"Double Tap","floor":0},{"not_picked":["Armaments","True Grit"],"picked":"Inflame","floor":1},{"not_picked":["Burning Pact","Rampage"],"picked":"Metallicize","floor":2},{"not_picked":["True Grit","Iron Wave"],"picked":"Shockwave","floor":3},{"not_picked":["Body Slam","Twin Strike"],"picked":"Pommel Strike","floor":7},{"not_picked":["Thunderclap","Reckless Charge"],"picked":"Fiend Fire","floor":8},{"not_picked":["Iron Wave","Perfected Strike"],"picked":"Seeing Red","floor":14}],"player_experience":857274,"relics_obtained":[{"floor":7,"key":"Pen Nib"},{"floor":9,"key":"Meat on the Bone"},{"floor":14,"key":"Champion Belt"}],"event_choices":[{"damage_healed":0,"gold_gain":0,"player_choice":"Ignored","damage_taken":0,"max_hp_gain":0,"max_hp_loss":0,"event_name":"Liars Game","floor":4,"gold_loss":0},{"damage_healed":0,"gold_gain":0,"player_choice":"Lose Max HP","damage_taken":0,"relics_obtained":["Golden Idol"],"max_hp_gain":0,"max_hp_loss":6,"event_name":"Golden Idol","floor":5,"gold_loss":0},{"damage_healed":0,"gold_gain":0,"player_choice":"Left Gold","damage_taken":0,"max_hp_gain":0,"max_hp_loss":0,"event_name":"World of Goop","floor":11,"gold_loss":22}],"is_beta":false,"boss_relics":[],"items_purged_floors":[],"is_endless":false,"potions_floor_spawned":[2,3],"killed_by":"The Guardian","ascension_level":10}