{"gold_per_floor":[109,120,195,209,57,84,84,104,104,139,139,159,217,229,229,331,331,351,371,102,118,137,167,167,167,167,180,180,190,190,205,205,309,309,324,324,324,336,355,355,355,381,381,391,408,42,42,58,58,58],"floor_reached":50,"playtime":3743,"items_purged":["Strike_G","Calculated Gamble","Decay"],"score":611,"play_id":"b1cd008b-e800-4b80-98a7-f4c51b218cf5","local_time":"20190329135840","is_ascension_mode":true,"campfire_choices":[{"data":"Glass Knife","floor":7,"key":"SMITH"},{"data":"Bouncing Flask","floor":11,"key":"SMITH"},{"data":"Deadly Poison","floor":15,"key":"SMITH"},{"data":"Footwork","floor":25,"key":"SMITH"},{"data":"Footwork","floor":28,"key":"SMITH"},{"data":"Escape Plan","floor":30,"key":"SMITH"},{"data":"Backflip","floor":32,"key":"SMITH"},{"floor":40,"key":"REST"},{"floor":49,"key":"REST"}],"neow_cost":"NONE","seed_source_timestamp":86395768261055,"circlet_count":0,"master_deck":["Survivor+1","Neutralize+1","Flying Knee+1","Backstab+1","Glass Knife+1","Bouncing Flask+1","Well Laid Plans+1","Dagger Throw+1","Cloak And Dagger+1","Cloak And Dagger+1","Deadly Poison+1","Malaise+1","Choke+1","Storm of Steel+1","Setup+1","Cloak And Dagger+1","Deadly Poison+1","Calculated Gamble+1","Backflip+1","Footwork+1","Footwork+1","Skewer+1","Escape Plan+1","Well Laid Plans+1","Finisher+1","Envenom+1","Sucker Punch+1","Footwork+1","Expertise+1"],"relics":["Ring of the Snake","Potion Belt","Shuriken","Mango","Bag of Preparation","Pandora\u0027s Box","Blood Vial","Mercury Hourglass","Cursed Key","Mark of the Bloom","Singing Bowl","Pocketwatch","Toxic Egg 2"],"potions_floor_usage":[6,10,21,23,23,23,33,33,44,44,45,50,50],"damage_taken":[{"damage":0,"enemies":"Cultist","floor":1,"turns":4},{"damage":3,"enemies":"Jaw Worm","floor":2,"turns":5},{"damage":0,"enemies":"2 Louse","floor":4,"turns":1},{"damage":6,"enemies":"Lagavulin","floor":6,"turns":7},{"damage":1,"enemies":"Red Slaver","floor":8,"turns":2},{"damage":0,"enemies":"Gremlin Nob","floor":10,"turns":2},{"damage":0,"enemies":"Blue Slaver","floor":12,"turns":2},{"damage":8,"enemies":"3 Sentries","floor":13,"turns":6},{"damage":1,"enemies":"Lots of Slimes","floor":14,"turns":3},{"damage":17,"enemies":"The Guardian","floor":16,"turns":7},{"damage":0,"enemies":"Spheric Guardian","floor":18,"turns":3},{"damage":4,"enemies":"3 Byrds","floor":19,"turns":4},{"damage":8,"enemies":"Sentry and Sphere","floor":21,"turns":4},{"damage":4,"enemies":"Cultist and Chosen","floor":22,"turns":6},{"damage":6,"enemies":"Slavers","floor":23,"turns":7},{"damage":12,"enemies":"Snecko","floor":27,"turns":4},{"damage":0,"enemies":"Centurion and Healer","floor":29,"turns":7},{"damage":0,"enemies":"3 Cultists","floor":31,"turns":5},{"damage":27,"enemies":"Automaton","floor":33,"turns":10},{"damage":0,"enemies":"3 Shapes","floor":35,"turns":3},{"damage":3,"enemies":"Orb Walker","floor":38,"turns":3},{"damage":48,"enemies":"3 Darklings","floor":39,"turns":5},{"damage":2,"enemies":"Giant Head","floor":42,"turns":7},{"damage":2,"enemies":"Maw","floor":44,"turns":6},{"damage":33,"enemies":"Writhing Mass","floor":45,"turns":5},{"damage":0,"enemies":"4 Shapes","floor":48,"turns":4},{"damage":27,"enemies":"Time Eater","floor":50,"turns":6}],"seed_played":"452207935789705025","potions_obtained":[{"floor":2,"key":"FearPotion"},{"floor":6,"key":"AttackPotion"},{"floor":13,"key":"EssenceOfSteel"},{"floor":16,"key":"LiquidBronze"},{"floor":18,"key":"SmokeBomb"},{"floor":21,"key":"Fire Potion"},{"floor":22,"key":"Fire Potion"},{"floor":31,"key":"Energy Potion"},{"floor":38,"key":"SpeedPotion"},{"floor":39,"key":"Swift Potion"},{"floor":42,"key":"Energy Potion"},{"floor":45,"key":"SmokeBomb"},{"floor":48,"key":"Strength Potion"}],"is_trial":false,"path_per_floor":["M","M","?","M","$","E","R","M","T","E","R","M","?","M","R","B",null,"M","M","$","M","M","E","?","R","T","M","R","M","R","M","R","B",null,"M","?","?","M","M","R","?","E","T","M","M","$","?","M","R","B"],"character_chosen":"THE_SILENT","items_purchased":["Bouncing Flask","Footwork","Energy Potion","Poison Potion","Toxic Egg 2"],"campfire_rested":2,"item_purchase_floors":[5,20,20,20,46],"current_hp_per_floor":[70,67,56,56,56,50,50,49,49,63,63,63,55,54,54,37,84,84,80,80,72,68,62,62,62,62,52,52,54,54,56,56,31,84,84,84,84,81,35,60,60,58,58,56,23,23,23,23,23,0],"gold":58,"neow_bonus":"UPGRADE_CARD","is_prod":false,"is_daily":false,"chose_seed":false,"campfire_upgraded":7,"win_rate":0,"timestamp":1553864320,"path_taken":["M","?","?","M","$","E","R","M","T","E","R","M","?","M","R","BOSS","M","M","$","M","M","E","?","R","T","M","R","M","R","M","R","BOSS","M","?","?","M","?","R","?","E","T","M","M","$","?","M","R","BOSS"],"build_version":"2019-01-23","purchased_purges":3,"victory":false,"max_hp_per_floor":[70,70,70,70,70,70,70,70,70,84,84,84,84,84,84,84,84,84,84,84,84,84,84,84,84,84,84,84,84,84,84,84,84,84,84,84,84,84,84,84,84,86,86,88,90,90,85,85,85,85],"card_choices":[{"not_picked":["Quick Slash","Outmaneuver"],"picked":"Flying Knee","floor":1},{"not_picked":["Prepared","Cloak And Dagger"],"picked":"Backstab","floor":2},{"not_picked":["Reflex","Prepared"],"picked":"Glass Knife","floor":4},{"not_picked":["Quick Slash","Outmaneuver"],"picked":"Well Laid Plans","floor":6},{"not_picked":["Eviscerate","Masterful Stab"],"picked":"Dagger Throw","floor":8},{"not_picked":["Predator","Bane"],"picked":"Cloak And Dagger","floor":10},{"not_picked":["Tactician","Well Laid Plans"],"picked":"Cloak And Dagger","floor":12},{"not_picked":["Eviscerate","Cloak And Dagger"],"picked":"Deadly Poison","floor":14},{"not_picked":["Venomology","Unload"],"picked":"Malaise","floor":16},{"not_picked":["Outmaneuver","Poisoned Stab"],"picked":"Footwork","floor":18},{"not_picked":["Sucker Punch","Dagger Spray","Prepared"],"picked":"SKIP","floor":19},{"not_picked":["Finisher","Deadly Poison"],"picked":"Skewer+1","floor":21},{"not_picked":["Deflect","Expertise","Choke+1"],"picked":"SKIP","floor":22},{"not_picked":["Endless Agony","Blade Dance"],"picked":"Escape Plan","floor":23},{"not_picked":["PiercingWail","Dagger Throw","Acrobatics"],"picked":"SKIP","floor":27},{"not_picked":["Setup","Endless Agony","Dodge and Roll"],"picked":"SKIP","floor":29},{"not_picked":["Expertise","Outmaneuver"],"picked":"Finisher+1","floor":31},{"not_picked":["Glass Knife","Storm of Steel"],"picked":"Envenom","floor":33},{"not_picked":["Dagger Throw","Well Laid Plans","Bane+1"],"picked":"SKIP","floor":35},{"not_picked":["Slice+1","Bane"],"picked":"Sucker Punch+1","floor":38},{"not_picked":["Sucker Punch","Underhanded Strike+1"],"picked":"Footwork","floor":39},{"not_picked":["Flechettes","Deflect","Skewer"],"picked":"Singing Bowl","floor":42},{"not_picked":["Outmaneuver+1","Backflip","Poisoned Stab"],"picked":"Singing Bowl","floor":44},{"not_picked":["Dodge and Roll","Predator","Terror"],"picked":"Singing Bowl","floor":45},{"not_picked":["Tactician+1","Deflect+1"],"picked":"Expertise+1","floor":48}],"player_experience":209541,"relics_obtained":[{"floor":6,"key":"Potion Belt"},{"floor":9,"key":"Shuriken"},{"floor":10,"key":"Mango"},{"floor":13,"key":"Bag of Preparation"},{"floor":23,"key":"Blood Vial"},{"floor":26,"key":"Mercury Hourglass"},{"floor":42,"key":"Singing Bowl"},{"floor":43,"key":"Pocketwatch"}],"event_choices":[{"damage_healed":0,"gold_gain":75,"player_choice":"Gather Gold","damage_taken":11,"max_hp_gain":0,"max_hp_loss":0,"event_name":"World of Goop","floor":3,"gold_loss":0},{"damage_healed":0,"gold_gain":0,"player_choice":"Searched \u00272\u0027 times","damage_taken":0,"max_hp_gain":0,"max_hp_loss":0,"event_name":"Dead Adventurer","floor":13,"gold_loss":0},{"damage_healed":0,"gold_gain":0,"cards_transformed":["Concentrate"],"player_choice":"Transformed","damage_taken":0,"max_hp_gain":0,"max_hp_loss":0,"event_name":"Transmorgrifier","floor":24,"gold_loss":0,"cards_obtained":["Well Laid Plans"]},{"damage_healed":0,"gold_gain":0,"player_choice":"Ignored","damage_taken":0,"max_hp_gain":0,"max_hp_loss":0,"event_name":"Mysterious Sphere","floor":36,"gold_loss":0},{"damage_healed":0,"gold_gain":0,"player_choice":"Ignored","damage_taken":0,"max_hp_gain":0,"max_hp_loss":0,"event_name":"SecretPortal","floor":37,"gold_loss":0},{"damage_healed":0,"gold_gain":0,"player_choice":"Upgrade","damage_taken":0,"relics_obtained":["Mark of the Bloom"],"max_hp_gain":0,"max_hp_loss":0,"event_name":"MindBloom","floor":41,"gold_loss":0,"cards_upgraded":["Survivor","Flying Knee","Backstab","Well Laid Plans","Dagger Throw","Cloak And Dagger","Cloak And Dagger","Malaise","Choke","Storm of Steel","Setup","Cloak And Dagger","Deadly Poison","Calculated Gamble","Well Laid Plans","Envenom","Footwork"]},{"damage_healed":0,"gold_gain":0,"player_choice":"Max HP","damage_taken":0,"max_hp_gain":0,"max_hp_loss":5,"event_name":"Winding Halls","floor":47,"gold_loss":0}],"is_beta":false,"boss_relics":[{"not_picked":["Sozu","Ectoplasm"],"picked":"Pandora\u0027s Box"},{"not_picked":["Runic Dome","HoveringKite"],"picked":"Cursed Key"}],"items_purged_floors":[5,20,46],"is_endless":false,"potions_floor_spawned":[2,6,13,16,18,21,22,31,38,39,42,45,48],"killed_by":"Time Eater","ascension_level":2}