{"gold_per_floor":[362,18,36,48,48,80,94,160,241,241,259,276,296,331,331,331],"floor_reached":16,"playtime":376,"items_purged":["Strike_R"],"score":205,"play_id":"37beeab0-5ffb-45c7-a383-d75d2ef9b1ba","local_time":"20190506131408","is_ascension_mode":true,"campfire_choices":[{"data":"Immolate","floor":10,"key":"SMITH"},{"data":"Disarm","floor":15,"key":"SMITH"}],"neow_cost":"TEN_PERCENT_HP_LOSS","seed_source_timestamp":566463224064400,"circlet_count":0,"master_deck":["AscendersBane","Strike_R+1","Strike_R","Strike_R","Strike_R","Defend_R","Defend_R+1","Defend_R","Defend_R","Bash","Heavy Blade","Immolate+1","Shrug It Off","Double Tap","Shrug It Off","Disarm+1"],"relics":["Burning Blood","Membership Card","Ginger","Kunai","Strawberry"],"potions_floor_usage":[11,11,14],"damage_taken":[{"damage":5,"enemies":"2 Louse","floor":1,"turns":4},{"damage":7,"enemies":"Small Slimes","floor":3,"turns":2},{"damage":7,"enemies":"Jaw Worm","floor":4,"turns":3},{"damage":29,"enemies":"3 Sentries","floor":6,"turns":7},{"damage":8,"enemies":"Blue Slaver","floor":7,"turns":3},{"damage":14,"enemies":"3 Louse","floor":11,"turns":3},{"damage":0,"enemies":"Lots of Slimes","floor":12,"turns":1},{"damage":0,"enemies":"2 Fungi Beasts","floor":13,"turns":3},{"damage":16,"enemies":"Gremlin Nob","floor":14,"turns":3},{"damage":27,"enemies":"Slime Boss","floor":16,"turns":6}],"seed_played":"-4795394816392243579","potions_obtained":[{"floor":1,"key":"Poison Potion"},{"floor":3,"key":"SteroidPotion"},{"floor":11,"key":"Fruit Juice"}],"is_trial":false,"path_per_floor":["M","$","M","M","?","E","M","?","T","R","M","M","M","E","R","B"],"character_chosen":"IRONCLAD","items_purchased":["Membership Card","Immolate"],"campfire_rested":0,"item_purchase_floors":[2,2],"current_hp_per_floor":[68,68,67,66,46,23,21,21,21,21,18,24,30,27,27,0],"gold":331,"neow_bonus":"TWO_FIFTY_GOLD","is_prod":false,"is_daily":false,"chose_seed":false,"campfire_upgraded":2,"win_rate":0,"timestamp":1557141248,"path_taken":["M","$","M","M","?","E","M","?","T","R","M","M","M","E","R","BOSS"],"build_version":"2019-01-23","purchased_purges":1,"victory":false,"max_hp_per_floor":[68,68,68,68,68,68,68,68,68,68,73,73,73,80,80,80],"card_choices":[{"not_picked":["Blood for Blood","Infernal Blade"],"picked":"Heavy Blade","floor":1},{"not_picked":["Havoc","Sword Boomerang"],"picked":"Shrug It Off","floor":3},{"not_picked":["Sword Boomerang","Perfected Strike","Thunderclap"],"picked":"SKIP","floor":4},{"not_picked":["Perfected Strike","True Grit"],"picked":"Double Tap","floor":6},{"not_picked":["Cleave","Rupture","Combust"],"picked":"SKIP","floor":7},{"not_picked":["Headbutt","Warcry","Thunderclap"],"picked":"SKIP","floor":11},{"not_picked":["Heavy Blade","True Grit"],"picked":"Shrug It Off","floor":12},{"not_picked":["Evolve","Juggernaut"],"picked":"Disarm","floor":13},{"not_picked":["Rage","Sentinel","Clash"],"picked":"SKIP","floor":14}],"player_experience":1143576,"relics_obtained":[{"floor":6,"key":"Ginger"},{"floor":9,"key":"Kunai"},{"floor":14,"key":"Strawberry"}],"event_choices":[{"damage_healed":0,"gold_gain":0,"player_choice":"Entered Light","damage_taken":20,"max_hp_gain":0,"max_hp_loss":0,"event_name":"Shining Light","floor":5,"gold_loss":0,"cards_upgraded":["Defend_R","Strike_R"]},{"damage_healed":0,"gold_gain":66,"player_choice":"Gained Gold","damage_taken":0,"max_hp_gain":0,"max_hp_loss":0,"event_name":"Golden Wing","floor":8,"gold_loss":0}],"is_beta":false,"boss_relics":[],"items_purged_floors":[2],"is_endless":false,"potions_floor_spawned":[1,3,11],"killed_by":"Slime Boss","ascension_level":16}