{"gold_per_floor":[109,109,34,34,48,79,79,79,79,3,13,13,42,54,54,133,133,152,169,169,181,194,229,229,229],"floor_reached":25,"playtime":1089,"items_purged":["Strike_R"],"score":450,"play_id":"3a05b819-1fcc-4c4e-98b3-d9435be5f722","local_time":"20190503142221","is_ascension_mode":true,"campfire_choices":[{"data":"Shockwave","floor":8,"key":"SMITH"},{"data":"Flame Barrier","floor":12,"key":"SMITH"},{"floor":15,"key":"REST"},{"floor":24,"key":"REST"}],"neow_cost":"TEN_PERCENT_HP_LOSS","seed_source_timestamp":117591522663742,"circlet_count":0,"master_deck":["AscendersBane","Strike_R","Strike_R","Strike_R","Strike_R","Defend_R","Defend_R","Defend_R","Defend_R","Bash+1","Offering","Cleave","Shockwave+1","Anger+1","Flame Barrier+1","Wild Strike+1","Rampage+1","Reaper+1","Exhume","Whirlwind+1","Flame Barrier","Spot Weakness","Headbutt+1","Heavy Blade+1","Thunderclap+1"],"relics":["Burning Blood","Molten Egg 2","Ornamental Fan","Regal Pillow","Potion Belt","Snecko Eye","Smiling Mask"],"potions_floor_usage":[6,23,23,23],"damage_taken":[{"damage":6,"enemies":"2 Louse","floor":1,"turns":2},{"damage":9,"enemies":"Jaw Worm","floor":5,"turns":4},{"damage":18,"enemies":"3 Sentries","floor":6,"turns":5},{"damage":4,"enemies":"Small Slimes","floor":11,"turns":4},{"damage":14,"enemies":"Gremlin Nob","floor":13,"turns":3},{"damage":3,"enemies":"2 Fungi Beasts","floor":14,"turns":3},{"damage":34,"enemies":"Hexaghost","floor":16,"turns":9},{"damage":31,"enemies":"Shell Parasite","floor":18,"turns":7},{"damage":18,"enemies":"Chosen","floor":19,"turns":5},{"damage":6,"enemies":"Snecko","floor":21,"turns":5},{"damage":6,"enemies":"Centurion and Healer","floor":22,"turns":7},{"damage":53,"enemies":"Slavers","floor":23,"turns":6},{"damage":65,"enemies":"Gremlin Leader","floor":25,"turns":5}],"seed_played":"-7806132017059634212","potions_obtained":[{"floor":5,"key":"SkillPotion"},{"floor":14,"key":"EssenceOfSteel"},{"floor":18,"key":"SkillPotion"},{"floor":19,"key":"SkillPotion"},{"floor":23,"key":"SmokeBomb"}],"is_trial":false,"path_per_floor":["M","?","$","?","M","E","?","R","T","$","M","R","E","M","R","B",null,"M","M","?","M","M","E","R","E"],"character_chosen":"IRONCLAD","items_purchased":["Flame Barrier"],"campfire_rested":2,"item_purchase_floors":[10],"current_hp_per_floor":[68,73,73,73,70,58,40,40,40,40,42,42,34,37,73,45,66,49,44,44,53,73,26,62,0],"gold":229,"neow_bonus":"THREE_RARE_CARDS","is_prod":false,"is_daily":false,"chose_seed":false,"campfire_upgraded":2,"win_rate":0,"timestamp":1556918541,"path_taken":["M","?","?","?","M","E","?","R","T","$","M","R","E","M","R","BOSS","M","M","?","M","M","E","R","E"],"build_version":"2019-01-23","purchased_purges":1,"victory":false,"max_hp_per_floor":[68,73,73,73,73,73,73,73,73,73,73,73,73,73,73,73,73,73,73,73,73,73,73,73,73],"card_choices":[{"not_picked":["Brutality","Exhume"],"picked":"Offering","floor":0},{"not_picked":["Warcry","Heavy Blade"],"picked":"Cleave","floor":1},{"not_picked":["Anger","Warcry"],"picked":"Shockwave","floor":5},{"not_picked":["Shockwave","Corruption"],"picked":"Anger","floor":6},{"not_picked":["Combust","Corruption"],"picked":"Wild Strike+1","floor":11},{"not_picked":["Warcry","Clash+1"],"picked":"Rampage+1","floor":13},{"not_picked":["Feel No Pain","Second Wind"],"picked":"Reaper+1","floor":14},{"not_picked":["Dark Embrace","Brutality"],"picked":"Exhume","floor":16},{"not_picked":["True Grit","Shrug It Off"],"picked":"Whirlwind+1","floor":18},{"not_picked":["Pommel Strike+1","Dual Wield"],"picked":"Flame Barrier","floor":19},{"not_picked":["Anger+1","Carnage+1"],"picked":"Headbutt+1","floor":21},{"not_picked":["Perfected Strike+1","Clothesline+1"],"picked":"Heavy Blade+1","floor":22},{"not_picked":["Infernal Blade","Dropkick+1"],"picked":"Thunderclap+1","floor":23}],"player_experience":543081,"relics_obtained":[{"floor":6,"key":"Molten Egg 2"},{"floor":9,"key":"Regal Pillow"},{"floor":13,"key":"Potion Belt"},{"floor":23,"key":"Smiling Mask"}],"event_choices":[{"damage_healed":0,"gold_gain":0,"player_choice":"Donut","damage_taken":0,"max_hp_gain":5,"max_hp_loss":0,"event_name":"Big Fish","floor":2,"gold_loss":0},{"damage_healed":0,"gold_gain":0,"player_choice":"Grow","damage_taken":0,"max_hp_gain":0,"max_hp_loss":0,"event_name":"Living Wall","floor":4,"gold_loss":0,"cards_upgraded":["Bash"]},{"damage_healed":0,"gold_gain":0,"player_choice":"Success","damage_taken":18,"relics_obtained":["Ornamental Fan"],"max_hp_gain":0,"max_hp_loss":0,"event_name":"Scrap Ooze","floor":7,"gold_loss":0},{"damage_healed":0,"gold_gain":0,"player_choice":"Read","damage_taken":0,"max_hp_gain":0,"max_hp_loss":0,"event_name":"The Library","floor":20,"gold_loss":0,"cards_obtained":["Spot Weakness"]}],"is_beta":false,"boss_relics":[{"not_picked":["Orrery","White Beast Statue"],"picked":"Snecko Eye"}],"items_purged_floors":[3],"is_endless":false,"potions_floor_spawned":[5,14,18,19,23],"killed_by":"Gremlin Leader","ascension_level":19}