{"gold_per_floor":[110,285,285,301,313,313,345,231,231,231,306,320,346,15,15,110,110,124,124,144,144,158,186,15,31,31,58,58],"floor_reached":28,"playtime":2488,"items_purged":["Doubt","Strike_G"],"score":462,"play_id":"2f686db3-0d19-4598-9278-8584b42ed4aa","local_time":"20190418160203","is_ascension_mode":true,"campfire_choices":[{"data":"Finisher","floor":6,"key":"SMITH"},{"data":"Well Laid Plans","floor":10,"key":"SMITH"},{"floor":15,"key":"REST"}],"neow_cost":"NONE","seed_source_timestamp":447279427103041,"circlet_count":0,"master_deck":["AscendersBane","Defend_G","Defend_G","Defend_G","Defend_G","Defend_G","Strike_G","Strike_G","Strike_G","Survivor","Neutralize","Cloak And Dagger+1","Finisher+1","Storm of Steel","Well Laid Plans+1","PiercingWail","Backstab","Malaise","Backflip+1","Blur+1","Infinite Blades+1","Well Laid Plans","Backflip","Well Laid Plans"],"relics":["Ring of the Snake","Strawberry","Omamori","PreservedInsect","Dead Branch","Black Star","Pen Nib","Mango","Bronze Scales","Pear","Potion Belt","Ginger"],"potions_floor_usage":[16,23,23,27],"damage_taken":[{"damage":0,"enemies":"Small Slimes","floor":1,"turns":3},{"damage":0,"enemies":"2 Louse","floor":4,"turns":2},{"damage":0,"enemies":"Cultist","floor":5,"turns":4},{"damage":19,"enemies":"3 Sentries","floor":7,"turns":9},{"damage":1,"enemies":"Looter","floor":12,"turns":3},{"damage":17,"enemies":"Gremlin Nob","floor":13,"turns":4},{"damage":12,"enemies":"Hexaghost","floor":16,"turns":15},{"damage":15,"enemies":"3 Byrds","floor":18,"turns":5},{"damage":3,"enemies":"Spheric Guardian","floor":20,"turns":3},{"damage":18,"enemies":"Snake Plant","floor":22,"turns":6},{"damage":17,"enemies":"Gremlin Leader","floor":23,"turns":11},{"damage":14,"enemies":"Centurion and Healer","floor":25,"turns":8},{"damage":34,"enemies":"Slavers","floor":27,"turns":4},{"damage":8,"enemies":"Snecko","floor":28,"turns":3}],"seed_played":"-2849892898025200566","potions_obtained":[{"floor":1,"key":"SkillPotion"},{"floor":4,"key":"Weak Potion"},{"floor":16,"key":"Regen Potion"},{"floor":23,"key":"LiquidBronze"},{"floor":25,"key":"LiquidBronze"}],"is_trial":false,"path_per_floor":["M","?","?","M","M","R","E","$","T","R","?","M","E","$","R","B",null,"M","?","M","?","M","E","$","M","T","E","M"],"character_chosen":"THE_SILENT","items_purchased":["Well Laid Plans","Dead Branch","Backstab","Well Laid Plans"],"campfire_rested":1,"item_purchase_floors":[8,14,14,24],"current_hp_per_floor":[70,70,70,70,70,70,51,51,51,51,40,39,22,22,45,33,66,51,51,48,48,30,42,42,28,38,4,0],"gold":58,"neow_bonus":"RANDOM_COMMON_RELIC","is_prod":false,"is_daily":false,"chose_seed":false,"campfire_upgraded":2,"win_rate":0,"timestamp":1555628523,"path_taken":["M","?","?","M","?","R","E","$","T","R","?","M","E","$","R","BOSS","M","?","M","?","M","E","$","M","T","E","M"],"build_version":"2019-01-23","purchased_purges":2,"victory":false,"max_hp_per_floor":[77,77,77,77,77,77,77,77,77,77,77,77,77,77,77,77,77,77,77,77,77,77,91,91,91,101,101,101],"card_choices":[{"not_picked":["Caltrops","Blade Dance"],"picked":"Cloak And Dagger","floor":1},{"not_picked":["PiercingWail","Sucker Punch"],"picked":"Finisher","floor":4},{"not_picked":["Dodge and Roll","Prepared","Tactician"],"picked":"SKIP","floor":5},{"not_picked":["Sucker Punch","Catalyst"],"picked":"Storm of Steel","floor":7},{"not_picked":["Poisoned Stab","Expertise","Quick Slash"],"picked":"SKIP","floor":12},{"not_picked":["Prepared","Backflip"],"picked":"PiercingWail","floor":13},{"not_picked":["Night Terror","Adrenaline"],"picked":"Malaise","floor":16},{"not_picked":["Deadly Poison","Dodge and Roll","Masterful Stab+1"],"picked":"SKIP","floor":18},{"not_picked":["Endless Agony","Calculated Gamble+1"],"picked":"Backflip+1","floor":20},{"not_picked":["Concentrate","Dagger Throw+1"],"picked":"Blur+1","floor":22},{"not_picked":["Outmaneuver+1","Bouncing Flask"],"picked":"Infinite Blades+1","floor":23},{"not_picked":["Poisoned Stab","Dodge and Roll"],"picked":"Backflip","floor":25},{"not_picked":["Prepared","Quick Slash"],"picked":"Well Laid Plans","floor":27}],"player_experience":257414,"relics_obtained":[{"floor":7,"key":"Omamori"},{"floor":13,"key":"PreservedInsect"},{"floor":23,"key":"Mango"},{"floor":23,"key":"Bronze Scales"},{"floor":26,"key":"Pear"},{"floor":27,"key":"Potion Belt"},{"floor":27,"key":"Ginger"}],"event_choices":[{"damage_healed":0,"gold_gain":175,"player_choice":"AGREE","damage_taken":0,"max_hp_gain":0,"max_hp_loss":0,"event_name":"Liars Game","floor":2,"gold_loss":0,"cards_obtained":["Doubt"]},{"damage_healed":0,"gold_gain":0,"player_choice":"Upgraded","damage_taken":0,"max_hp_gain":0,"max_hp_loss":0,"event_name":"Upgrade Shrine","floor":3,"gold_loss":0,"cards_upgraded":["Cloak And Dagger"]},{"damage_healed":0,"gold_gain":75,"player_choice":"Gather Gold","damage_taken":11,"max_hp_gain":0,"max_hp_loss":0,"event_name":"World of Goop","floor":11,"gold_loss":0},{"damage_healed":0,"gold_gain":0,"player_choice":"Opened","damage_taken":0,"relics_obtained":["Pen Nib"],"max_hp_gain":0,"max_hp_loss":0,"event_name":"The Mausoleum","floor":19,"gold_loss":0,"cards_obtained":["Writhe"]},{"cards_removed":["Strike_G"],"damage_healed":0,"gold_gain":0,"player_choice":"Purged","damage_taken":0,"max_hp_gain":0,"max_hp_loss":0,"event_name":"Purifier","floor":21,"gold_loss":0}],"is_beta":false,"boss_relics":[{"not_picked":["Orrery","White Beast Statue"],"picked":"Black Star"}],"items_purged_floors":[8,24],"is_endless":false,"potions_floor_spawned":[1,4,7,16,22,23,25],"killed_by":"Snecko","ascension_level":11}