{"gold_per_floor":[116,130,130,59,59,59,88,88,134,59,90,106,106,125,125,225,225,244,319,64,78,92,92,66,98,122,122,134,134,134,147,147,248,248,261,276,276,291,166,194,44,44,44,144,84,84,84,98,98,98],"floor_reached":51,"playtime":3202,"items_purged":["Defend_B","Dualcast","Redo+1","Zap"],"score":936,"play_id":"51a105cf-b6c4-4139-b427-ead803f243fb","local_time":"20181211094358","is_ascension_mode":true,"campfire_choices":[{"data":"Auto Shields","floor":6.0,"key":"SMITH"},{"data":"Conserve Battery","floor":8.0,"key":"SMITH"},{"floor":15.0,"key":"REST"},{"data":"Gash","floor":23.0,"key":"SMITH"},{"floor":27.0,"key":"REST"},{"data":"Scrape","floor":29.0,"key":"SMITH"},{"data":"Go for the Eyes","floor":32.0,"key":"SMITH"},{"data":"Gash","floor":42,"key":"SMITH"},{"data":"Gash","floor":46,"key":"SMITH"},{"floor":49,"key":"REST"}],"neow_cost":"NONE","seed_source_timestamp":0,"circlet_count":0,"master_deck":["Strike_B+1","Strike_B+1","Defend_B","Defend_B","Conserve Battery+1","Auto Shields+1","Scrape+1","Gash+1","Gash+1","Hyperbeam","Go for the Eyes+1","Conserve Battery+1","Go for the Eyes+1","All For One","Gash+1","Seek+1","Go for the Eyes+1","Parasite"],"special_seed":0,"relics":["Cracked Core","Regal Pillow","Whetstone","Juzu Bracelet","Anchor","Happy Flower","Eternal Feather","PreservedInsect","Oddly Smooth Stone","Orichalcum","Astrolabe","Boot","Sundial","Mango"],"potions_floor_usage":[35,48,50,50],"damage_taken":[{"damage":2.0,"enemies":"Jaw Worm","floor":1.0,"turns":3.0},{"damage":0.0,"enemies":"Cultist","floor":2.0,"turns":3.0},{"damage":15.0,"enemies":"Lagavulin","floor":7.0,"turns":6.0},{"damage":20.0,"enemies":"3 Sentries","floor":11.0,"turns":10.0},{"damage":1.0,"enemies":"2 Louse","floor":12.0,"turns":3.0},{"damage":5.0,"enemies":"2 Fungi Beasts","floor":14.0,"turns":3.0},{"damage":57.0,"enemies":"Hexaghost","floor":16.0,"turns":10.0},{"damage":8.0,"enemies":"Chosen","floor":18.0,"turns":6.0},{"damage":3.0,"enemies":"2 Thieves","floor":21.0,"turns":3.0},{"damage":15.0,"enemies":"Centurion and Healer","floor":22.0,"turns":6.0},{"damage":39.0,"enemies":"Book of Stabbing","floor":25.0,"turns":6.0},{"damage":0.0,"enemies":"3 Cultists","floor":28.0,"turns":4.0},{"damage":9.0,"enemies":"Chosen and Byrds","floor":31.0,"turns":5.0},{"damage":73,"enemies":"Champ","floor":33,"turns":12},{"damage":0,"enemies":"3 Shapes","floor":35,"turns":2},{"damage":8,"enemies":"Orb Walker","floor":36,"turns":5},{"damage":18,"enemies":"Jaw Worm Horde","floor":38,"turns":5},{"damage":61,"enemies":"Giant Head","floor":40,"turns":8},{"damage":0,"enemies":"Mind Bloom Boss Battle","floor":44,"turns":6},{"damage":21,"enemies":"Writhing Mass","floor":48,"turns":7},{"damage":113,"enemies":"Donu and Deca","floor":50,"turns":12}],"seed_played":"-1024942346584378422","potions_obtained":[{"floor":3.0,"key":"SkillPotion"},{"floor":3.0,"key":"FocusPotion"},{"floor":3.0,"key":"Regen Potion"},{"floor":11.0,"key":"AttackPotion"},{"floor":12.0,"key":"SpeedPotion"},{"floor":14.0,"key":"Regen Potion"},{"floor":18.0,"key":"Fire Potion"},{"floor":22.0,"key":"Explosive Potion"},{"floor":33,"key":"AttackPotion"},{"floor":38,"key":"Poison Potion"},{"floor":44,"key":"EssenceOfSteel"},{"floor":48,"key":"EssenceOfSteel"}],"is_trial":false,"path_per_floor":["M","M","?","$","?","R","E","R","T","$","E","M","?","M","R","B",null,"M","?","$","M","M","R","$","E","T","R","M","R","?","M","R","B",null,"M","M","?","M","$","E","$","R","T","?","?","R","?","M","R","B",null],"character_chosen":"DEFECT","items_purchased":["Scrape","PreservedInsect","Go for the Eyes"],"campfire_rested":3,"item_purchase_floors":[4,20,24],"current_hp_per_floor":[66,66,66,66,66,66,63,63,63,63,43,42,42,37,74,32,64,56,49,49,46,31,40,40,1,1,47,47,56,56,47,56,53,70,70,62,62,44,44,38,38,47,47,61,61,70,70,49,85,37],"gold":98,"neow_bonus":"RANDOM_COMMON_RELIC","is_prod":false,"is_daily":false,"chose_seed":false,"campfire_upgraded":7,"win_rate":0,"timestamp":1544517838,"path_taken":["M","M","?","?","?","R","E","R","T","$","E","M","?","M","R","BOSS","M","?","?","M","M","R","$","E","T","R","M","R","?","M","R","BOSS","M","M","?","M","$","E","?","R","T","?","?","R","?","M","R","BOSS"],"build_version":"2018-12-06","purchased_purges":4,"victory":true,"max_hp_per_floor":[75,75,75,75,75,75,75,75,75,75,75,75,75,75,75,75,75,75,75,75,75,75,75,75,75,75,75,75,75,75,75,75,75,75,75,75,75,75,75,75,75,75,75,89,89,89,85,85,85,85],"card_choices":[{"not_picked":["Streamline","Fusion"],"picked":"Conserve Battery","floor":1.0},{"not_picked":["Hologram","Storm"],"picked":"Auto Shields","floor":2.0},{"not_picked":["Heatsinks","Lockon","Conserve Battery"],"picked":"SKIP","floor":7.0},{"not_picked":["Stack","Rebound"],"picked":"Gash","floor":11.0},{"not_picked":["Barrage","Steam"],"picked":"Gash","floor":12.0},{"not_picked":["Melter","Conserve Battery","Cold Snap"],"picked":"SKIP","floor":14.0},{"not_picked":["Electrodynamics","Thunder Strike"],"picked":"Hyperbeam","floor":16.0},{"not_picked":["Glacier+1","Consume+1","Melter"],"picked":"SKIP","floor":18.0},{"not_picked":["Stack","Self Repair"],"picked":"Go for the Eyes","floor":21.0},{"not_picked":["Redo","Force Field"],"picked":"Conserve Battery+1","floor":22.0},{"not_picked":["Thunder Strike","Chill"],"picked":"All For One","floor":25.0},{"not_picked":["Turbo","Coolheaded+1"],"picked":"Gash","floor":28.0},{"not_picked":["Consume","Auto Shields","Cold Snap"],"picked":"SKIP","floor":31.0},{"not_picked":["Sweeping Beam+1","BootSequence"],"picked":"Go for the Eyes+1","floor":35},{"not_picked":["Force Field+1","Compile Driver","Blizzard"],"picked":"SKIP","floor":36},{"not_picked":["Streamline","Turbo+1","Cold Snap"],"picked":"SKIP","floor":38},{"not_picked":["Fission","Leap","Loop+1"],"picked":"SKIP","floor":40},{"not_picked":["Storm+1","Leap+1","Barrage+1"],"picked":"SKIP","floor":48}],"player_experience":405651,"relics_obtained":[{"floor":7.0,"key":"Whetstone"},{"floor":9.0,"key":"Juzu Bracelet"},{"floor":11.0,"key":"Anchor"},{"floor":13.0,"key":"Happy Flower"},{"floor":25.0,"key":"Oddly Smooth Stone"},{"floor":26.0,"key":"Orichalcum"},{"floor":40,"key":"Boot"},{"floor":43,"key":"Sundial"},{"floor":44,"key":"Mango"}],"event_choices":[{"damage_healed":0.0,"max_hp_gain":0.0,"max_hp_loss":0.0,"gold_gain":0.0,"event_name":"Lab","player_choice":"Got Potions","floor":3.0,"gold_loss":0.0,"damage_taken":0.0},{"damage_healed":0.0,"max_hp_gain":0.0,"max_hp_loss":0.0,"gold_gain":0.0,"event_name":"Shining Light","player_choice":"Ignored","floor":5.0,"gold_loss":0.0,"damage_taken":0.0},{"damage_healed":0.0,"max_hp_gain":0.0,"max_hp_loss":0.0,"gold_gain":0.0,"event_name":"Wheel of Change","player_choice":"Relic","floor":13.0,"gold_loss":0.0,"damage_taken":0.0},{"damage_healed":0.0,"max_hp_gain":0.0,"max_hp_loss":0.0,"gold_gain":75.0,"event_name":"FaceTrader","player_choice":"Touch","floor":19.0,"gold_loss":0.0,"damage_taken":7.0},{"damage_healed":0.0,"max_hp_gain":0.0,"max_hp_loss":0.0,"gold_gain":0.0,"event_name":"Cursed Tome","player_choice":"Ignored","floor":30.0,"gold_loss":0.0,"damage_taken":0.0},{"damage_healed":0,"gold_gain":0,"player_choice":"Forge","damage_taken":0,"max_hp_gain":0,"max_hp_loss":0,"event_name":"Accursed Blacksmith","floor":37,"gold_loss":0,"cards_upgraded":["Go for the Eyes"]},{"damage_healed":0,"gold_gain":0,"player_choice":"Fight","damage_taken":0,"max_hp_gain":0,"max_hp_loss":0,"event_name":"MindBloom","floor":44,"gold_loss":0},{"cards_removed":["Capacitor"],"damage_healed":0,"gold_gain":0,"player_choice":"Single Remove","damage_taken":0,"max_hp_gain":0,"max_hp_loss":0,"event_name":"Designer","floor":45,"gold_loss":60},{"damage_healed":0,"gold_gain":0,"player_choice":"Max HP","damage_taken":0,"max_hp_gain":0,"max_hp_loss":4,"event_name":"Winding Halls","floor":47,"gold_loss":0}],"is_beta":false,"boss_relics":[{"not_picked":["Empty Cage","Fusion Hammer"],"picked":"Eternal Feather"},{"not_picked":["Orrery","Coffee Dripper"],"picked":"Astrolabe"}],"items_purged_floors":[10,20,39,41],"is_endless":false,"potions_floor_spawned":[11,12,14,18,22,33,38,44,48],"ascension_level":8}