{"gold_per_floor":[114,130,61,71,91,91,116,116,139,139,155,174,99,113,113,215,215,234,80,93,111,60,86,86,86,109,109,109,128,145,145],"floor_reached":31,"playtime":1587,"items_purged":["Dualcast","Zap"],"score":259,"play_id":"8db6c8e2-3adc-4238-bd6b-fcadad3ebfa2","local_time":"20181212074834","is_ascension_mode":false,"campfire_choices":[{"data":"Leap","floor":6,"key":"SMITH"},{"floor":8,"key":"REST"},{"data":"Beam Cell","floor":15,"key":"SMITH"},{"floor":24,"key":"REST"}],"neow_cost":"NONE","seed_source_timestamp":531644560350510,"circlet_count":0,"master_deck":["Strike_B","Strike_B","Strike_B","Strike_B","Defend_B","Defend_B","Defend_B","Defend_B","Gash","Gash","Beam Cell","Leap+1","Beam Cell+1","Coolheaded+1","Go for the Eyes","Go for the Eyes","Conserve Battery+1"],"relics":["Cracked Core","NeowsBlessing","Art of War","Bag of Preparation","Sozu","Blood Vial","Dream Catcher","Question Card"],"potions_floor_usage":[7,7,11,16,23],"damage_taken":[{"damage":0,"enemies":"Jaw Worm","floor":1,"turns":1},{"damage":0,"enemies":"Cultist","floor":2,"turns":1},{"damage":0,"enemies":"Small Slimes","floor":4,"turns":1},{"damage":14,"enemies":"Gremlin Gang","floor":5,"turns":5},{"damage":25,"enemies":"Gremlin Nob","floor":7,"turns":3},{"damage":0,"enemies":"Exordium Thugs","floor":11,"turns":3},{"damage":0,"enemies":"Looter","floor":12,"turns":2},{"damage":1,"enemies":"Red Slaver","floor":14,"turns":3},{"damage":30,"enemies":"Hexaghost","floor":16,"turns":8},{"damage":3,"enemies":"3 Byrds","floor":18,"turns":5},{"damage":0,"enemies":"Chosen","floor":20,"turns":4},{"damage":8,"enemies":"Snecko","floor":21,"turns":6},{"damage":52,"enemies":"Slavers","floor":23,"turns":9},{"damage":8,"enemies":"Centurion and Healer","floor":29,"turns":8},{"damage":22,"enemies":"Snake Plant","floor":30,"turns":7},{"damage":20,"enemies":"Cultist and Chosen","floor":31,"turns":6}],"seed_played":"410146166317501471","potions_obtained":[{"floor":4,"key":"GamblersBrew"},{"floor":5,"key":"LiquidBronze"},{"floor":7,"key":"SpeedPotion"},{"floor":12,"key":"Explosive Potion"},{"floor":14,"key":"SteroidPotion"}],"is_trial":false,"path_per_floor":["M","M","$","M","M","R","E","R","T","?","M","M","$","M","R","B",null,"M","$","M","M","$","E","R","$","T","T","?","M","M","M"],"character_chosen":"DEFECT","items_purchased":["Gash","Beam Cell","Go for the Eyes","Conserve Battery"],"campfire_rested":2,"item_purchase_floors":[3,3,19,22],"current_hp_per_floor":[75,75,75,75,61,61,36,58,58,58,58,58,58,57,57,27,75,72,72,72,64,64,12,34,34,34,34,34,28,8,0],"gold":145,"neow_bonus":"THREE_ENEMY_KILL","is_prod":false,"is_daily":false,"chose_seed":false,"campfire_upgraded":2,"win_rate":0,"timestamp":1544597314,"path_taken":["M","M","$","M","M","R","E","R","T","?","?","?","$","M","R","BOSS","M","?","?","M","$","E","R","$","T","?","?","M","M","M"],"build_version":"2018-12-06","purchased_purges":2,"victory":false,"max_hp_per_floor":[75,75,75,75,75,75,75,75,75,75,75,75,75,75,75,75,75,75,75,75,75,75,75,75,75,75,75,75,75,75,75],"card_choices":[{"not_picked":["Barrage","FTL"],"picked":"Gash","floor":1},{"not_picked":["Chill","Sunder","Tempest"],"picked":"SKIP","floor":2},{"not_picked":["Turbo","Doom and Gloom"],"picked":"Leap","floor":4},{"not_picked":["Reinforced Body","Stack"],"picked":"Beam Cell","floor":5},{"not_picked":["Stack","Rebound","Sunder"],"picked":"SKIP","floor":7},{"not_picked":["Heatsinks","Consume","Beam Cell"],"picked":"SKIP","floor":11},{"not_picked":["Rebound","Reboot","Reprogram"],"picked":"SKIP","floor":12},{"not_picked":["Cold Snap","Static Discharge","Coolheaded"],"picked":"SKIP","floor":14},{"not_picked":["Rebound+1","Sweeping Beam"],"picked":"Coolheaded+1","floor":18},{"not_picked":["Melter","Consume"],"picked":"Go for the Eyes","floor":20},{"not_picked":["Heatsinks","Hologram","Steam Power"],"picked":"SKIP","floor":21},{"not_picked":["Lockon","Leap","Rebound+1"],"picked":"SKIP","floor":23},{"not_picked":["Loop","Redo","Rip and Tear","Ball Lightning+1"],"picked":"SKIP","floor":29},{"not_picked":["Sweeping Beam","Stack","Go for the Eyes+1","Cold Snap"],"picked":"SKIP","floor":30}],"player_experience":414235,"relics_obtained":[{"floor":7,"key":"Art of War"},{"floor":9,"key":"Bag of Preparation"},{"floor":23,"key":"Blood Vial"},{"floor":26,"key":"Dream Catcher"},{"floor":27,"key":"Question Card"}],"event_choices":[{"damage_healed":0,"gold_gain":0,"player_choice":"Ignored","damage_taken":0,"max_hp_gain":0,"max_hp_loss":0,"event_name":"NoteForYourself","floor":10,"gold_loss":0},{"damage_healed":0,"gold_gain":0,"player_choice":"Forge","damage_taken":0,"max_hp_gain":0,"max_hp_loss":0,"event_name":"Accursed Blacksmith","floor":28,"gold_loss":0,"cards_upgraded":["Conserve Battery"]}],"is_beta":false,"boss_relics":[{"not_picked":["Cursed Key","Coffee Dripper"],"picked":"Sozu"}],"items_purged_floors":[13,19],"is_endless":false,"potions_floor_spawned":[4,5,7,12,14,23,30],"killed_by":"Cultist and Chosen","ascension_level":0}