{"gold_per_floor":[110,130,205,205,219,219,232,232,232,232,202,54,87,98,98,98],"floor_reached":16,"playtime":1097,"items_purged":[],"score":195,"play_id":"ea11013d-6776-4dc3-8b46-919f04c0d264","local_time":"20190310210948","is_ascension_mode":true,"campfire_choices":[{"data":"Entrench","floor":6,"key":"SMITH"},{"data":"Armaments","floor":8,"key":"SMITH"},{"data":"Clothesline","floor":10,"key":"SMITH"},{"floor":15,"key":"REST"}],"neow_cost":"NONE","seed_source_timestamp":1388846319896431,"circlet_count":0,"master_deck":["AscendersBane","Strike_R","Strike_R","Strike_R","Strike_R","Defend_R","Defend_R","Defend_R","Defend_R","Bash","Clothesline+1","Iron Wave","Entrench+1","Armaments+1","Feed","Uppercut","Impervious","Twin Strike"],"relics":["Burning Blood","The Courier","Mango"],"potions_floor_usage":[13,16],"damage_taken":[{"damage":2,"enemies":"2 Louse","floor":1,"turns":4},{"damage":8,"enemies":"Jaw Worm","floor":2,"turns":5},{"damage":1,"enemies":"Cultist","floor":5,"turns":3},{"damage":20,"enemies":"Blue Slaver","floor":7,"turns":6},{"damage":4,"enemies":"Looter","floor":11,"turns":4},{"damage":18,"enemies":"Gremlin Nob","floor":13,"turns":4},{"damage":28,"enemies":"Lots of Slimes","floor":14,"turns":4},{"damage":94,"enemies":"Slime Boss","floor":16,"turns":12}],"seed_played":"-3208980249915762248","potions_obtained":[{"floor":2,"key":"Fire Potion"},{"floor":5,"key":"FairyPotion"},{"floor":14,"key":"Weak Potion"}],"is_trial":false,"path_per_floor":["M","M","?","?","M","R","M","R","T","R","M","$","E","M","R","B"],"character_chosen":"IRONCLAD","items_purchased":["Feed","Uppercut"],"campfire_rested":1,"item_purchase_floors":[12,12],"current_hp_per_floor":[79,77,66,66,71,71,57,57,57,57,59,59,61,42,71,0],"gold":98,"neow_bonus":"TEN_PERCENT_HP_BONUS","is_prod":false,"is_daily":false,"chose_seed":false,"campfire_upgraded":3,"win_rate":0,"timestamp":1552252188,"path_taken":["M","M","?","?","M","R","?","R","T","R","M","$","E","M","R","BOSS"],"build_version":"2019-01-23","purchased_purges":0,"victory":false,"max_hp_per_floor":[82,82,82,82,82,82,82,82,82,82,82,82,96,99,99,99],"card_choices":[{"not_picked":["Shrug It Off","Dual Wield"],"picked":"Clothesline","floor":1},{"not_picked":["Rupture","Fire Breathing"],"picked":"Iron Wave","floor":2},{"not_picked":["Pommel Strike","Heavy Blade"],"picked":"Entrench","floor":5},{"not_picked":["Clash","Havoc"],"picked":"Armaments","floor":7},{"not_picked":["Entrench","Sword Boomerang","Sentinel"],"picked":"SKIP","floor":11},{"not_picked":["Armaments","Reckless Charge"],"picked":"Impervious","floor":13},{"not_picked":["Havoc","Perfected Strike"],"picked":"Twin Strike","floor":14}],"player_experience":1548783,"relics_obtained":[{"floor":9,"key":"The Courier"},{"floor":13,"key":"Mango"}],"event_choices":[{"damage_healed":0,"gold_gain":75,"player_choice":"Gather Gold","damage_taken":11,"max_hp_gain":0,"max_hp_loss":0,"event_name":"World of Goop","floor":3,"gold_loss":0},{"cards_removed":["Strike_R"],"damage_healed":0,"gold_gain":0,"player_choice":"Offered Basic","damage_taken":0,"max_hp_gain":0,"max_hp_loss":0,"event_name":"Bonfire Elementals","floor":4,"gold_loss":0}],"is_beta":false,"boss_relics":[],"items_purged_floors":[],"is_endless":false,"potions_floor_spawned":[2,5,14],"killed_by":"Slime Boss","ascension_level":14}