{"gold_per_floor":[118,131,149,149,168,200,200,213,213,213,247,247,260,280,280,377,377,393,393,12,24,24,24,56,66,66,66,66,76,90,50,50,155,155,171,185,201,219,219,13,27,41,41,41,41,61,77,77],"floor_reached":48,"playtime":2524,"items_purged":[],"score":767,"play_id":"c3be1026-88e3-444b-9cc5-c92dee20cda8","local_time":"20190115232246","is_ascension_mode":true,"campfire_choices":[{"floor":7,"key":"REST"},{"floor":10,"key":"REST"},{"data":"Defend_R","floor":12,"key":"SMITH"},{"data":"Defend_R","floor":15,"key":"SMITH"},{"data":"Corruption","floor":23,"key":"SMITH"},{"floor":27,"key":"REST"},{"data":"Sword Boomerang","floor":32,"key":"SMITH"},{"floor":45,"key":"REST"}],"neow_cost":"TEN_PERCENT_HP_LOSS","seed_source_timestamp":874693935757045,"circlet_count":0,"master_deck":["AscendersBane","Strike_R","Strike_R","Strike_R","Defend_R+1","Defend_R+1","Defend_R+1","Defend_R+1","Bash","Immolate+1","Rampage","Metallicize","Impervious","Spot Weakness","Sword Boomerang+1","Demon Form+1","Thunderclap","Corruption+1","Shrug It Off","Battle Trance","Clothesline+1","Ghostly Armor","Flex+1","Havoc+1","Shrug It Off","Corruption+1"],"relics":["Burning Blood","Champion Belt","Shuriken","Sundial","Busted Crown","Dead Branch","Gremlin Horn","Bag of Marbles","White Beast Statue","Orichalcum","War Paint"],"potions_floor_usage":[11,16,16,24,29,33,37,46,48],"damage_taken":[{"damage":1,"enemies":"Cultist","floor":1,"turns":3},{"damage":2,"enemies":"Jaw Worm","floor":2,"turns":3},{"damage":3,"enemies":"2 Louse","floor":3,"turns":3},{"damage":39,"enemies":"Exordium Thugs","floor":5,"turns":6},{"damage":34,"enemies":"3 Sentries","floor":6,"turns":8},{"damage":7,"enemies":"2 Fungi Beasts","floor":8,"turns":2},{"damage":16,"enemies":"Gremlin Nob","floor":11,"turns":4},{"damage":11,"enemies":"Looter","floor":13,"turns":3},{"damage":13,"enemies":"Exordium Thugs","floor":14,"turns":4},{"damage":10,"enemies":"The Guardian","floor":16,"turns":12},{"damage":4,"enemies":"Chosen","floor":18,"turns":4},{"damage":3,"enemies":"Spheric Guardian","floor":21,"turns":4},{"damage":15,"enemies":"Gremlin Leader","floor":24,"turns":8},{"damage":17,"enemies":"Snake Plant","floor":25,"turns":3},{"damage":13,"enemies":"Centurion and Healer","floor":29,"turns":4},{"damage":2,"enemies":"3 Cultists","floor":30,"turns":4},{"damage":17,"enemies":"Champ","floor":33,"turns":7},{"damage":17,"enemies":"3 Darklings","floor":35,"turns":3},{"damage":3,"enemies":"Orb Walker","floor":36,"turns":4},{"damage":0,"enemies":"Spire Growth","floor":37,"turns":4},{"damage":1,"enemies":"4 Shapes","floor":38,"turns":3},{"damage":3,"enemies":"Sphere and 2 Shapes","floor":41,"turns":3},{"damage":26,"enemies":"Writhing Mass","floor":42,"turns":5},{"damage":24,"enemies":"Transient","floor":46,"turns":5},{"damage":15,"enemies":"Jaw Worm Horde","floor":47,"turns":3},{"damage":52,"enemies":"Sphere and 2 Shapes","floor":48,"turns":3}],"seed_played":"-8104194157623048747","potions_obtained":[{"floor":3,"key":"LiquidBronze"},{"floor":6,"key":"Poison Potion"},{"floor":13,"key":"AttackPotion"},{"floor":16,"key":"FearPotion"},{"floor":18,"key":"SteroidPotion"},{"floor":29,"key":"Energy Potion"},{"floor":33,"key":"Dexterity Potion"},{"floor":35,"key":"LiquidBronze"},{"floor":36,"key":"LiquidBronze"},{"floor":37,"key":"AttackPotion"},{"floor":38,"key":"Dexterity Potion"},{"floor":46,"key":"EssenceOfSteel"},{"floor":47,"key":"Energy Potion"}],"is_trial":false,"path_per_floor":["M","M","M","?","M","E","R","M","T","R","E","R","M","M","R","B",null,"M","?","$","M","?","R","E","M","T","R","$","M","M","?","R","B",null,"M","M","M","M","?","$","M","M","T","?","R","M","M","M"],"character_chosen":"IRONCLAD","items_purchased":["Dead Branch","Corruption","Shrug It Off","Shrug It Off","Orichalcum"],"campfire_rested":4,"item_purchase_floors":[20,20,20,40,40],"current_hp_per_floor":[72,72,72,72,39,11,32,31,31,52,42,42,37,30,30,26,61,63,63,63,66,66,66,57,46,46,67,67,60,64,64,64,53,67,56,59,65,70,70,70,72,52,52,52,72,54,45,0],"gold":77,"neow_bonus":"THREE_RARE_CARDS","is_prod":false,"is_daily":false,"chose_seed":false,"campfire_upgraded":4,"win_rate":0,"timestamp":1547594566,"path_taken":["M","?","M","?","?","E","R","M","T","R","E","R","M","M","R","BOSS","M","?","?","M","?","R","E","M","T","R","$","M","?","?","R","BOSS","M","M","M","M","?","?","?","M","T","?","R","M","M","?"],"build_version":"2019-01-10","purchased_purges":0,"victory":false,"max_hp_per_floor":[72,72,72,72,72,72,72,72,72,72,72,72,72,72,72,72,72,72,72,72,72,72,72,72,72,72,72,72,72,72,72,72,72,72,72,72,72,72,72,72,72,72,72,72,72,72,72,72],"card_choices":[{"not_picked":["Double Tap","Offering"],"picked":"Immolate","floor":0},{"not_picked":["Pommel Strike","Sword Boomerang"],"picked":"Rampage","floor":1},{"not_picked":["Cleave","Evolve","Entrench"],"picked":"SKIP","floor":2},{"not_picked":["True Grit","Clothesline","Body Slam"],"picked":"SKIP","floor":3},{"not_picked":["Spot Weakness","Twin Strike"],"picked":"Impervious","floor":5},{"not_picked":["Sword Boomerang","Anger"],"picked":"Spot Weakness","floor":6},{"not_picked":["Perfected Strike","Body Slam","Anger"],"picked":"SKIP","floor":8},{"not_picked":["Bloodletting","Rupture","Juggernaut"],"picked":"SKIP","floor":11},{"not_picked":["Pummel","Perfected Strike"],"picked":"Sword Boomerang","floor":13},{"not_picked":["Entrench","Thunderclap","Wild Strike"],"picked":"SKIP","floor":14},{"not_picked":["Exhume","Bludgeon"],"picked":"Demon Form","floor":16},{"not_picked":["Wild Strike"],"picked":"SKIP","floor":18},{"not_picked":[],"picked":"Battle Trance","floor":21},{"not_picked":["Havoc"],"picked":"SKIP","floor":24},{"not_picked":["Heavy Blade"],"picked":"SKIP","floor":25},{"not_picked":[],"picked":"Clothesline+1","floor":29},{"not_picked":["Thunderclap+1"],"picked":"SKIP","floor":30},{"not_picked":["Thunderclap"],"picked":"SKIP","floor":35},{"not_picked":[],"picked":"Ghostly Armor","floor":36},{"not_picked":[],"picked":"Flex+1","floor":37},{"not_picked":[],"picked":"Havoc+1","floor":38},{"not_picked":["Entrench"],"picked":"SKIP","floor":41},{"not_picked":["Combust"],"picked":"SKIP","floor":42},{"not_picked":["Cleave+1"],"picked":"SKIP","floor":46},{"not_picked":["Flex"],"picked":"SKIP","floor":47}],"player_experience":118691,"relics_obtained":[{"floor":6,"key":"Champion Belt"},{"floor":9,"key":"Shuriken"},{"floor":11,"key":"Sundial"},{"floor":24,"key":"Gremlin Horn"},{"floor":26,"key":"Bag of Marbles"},{"floor":43,"key":"War Paint"}],"event_choices":[{"damage_healed":0,"gold_gain":0,"cards_transformed":["Strike_R"],"player_choice":"Transformed","damage_taken":0,"max_hp_gain":0,"max_hp_loss":0,"event_name":"Transmorgrifier","floor":4,"gold_loss":0,"cards_obtained":["Metallicize"]},{"damage_healed":0,"gold_gain":0,"cards_transformed":["Strike_R"],"player_choice":"Transformed","damage_taken":0,"max_hp_gain":0,"max_hp_loss":0,"event_name":"Transmorgrifier","floor":19,"gold_loss":0,"cards_obtained":["Thunderclap"]},{"damage_healed":0,"gold_gain":0,"player_choice":"Got Potions","damage_taken":0,"max_hp_gain":0,"max_hp_loss":0,"event_name":"Lab","floor":22,"gold_loss":0},{"damage_healed":0,"gold_gain":0,"player_choice":"Upgrade","damage_taken":0,"max_hp_gain":0,"max_hp_loss":0,"event_name":"Designer","floor":31,"gold_loss":40,"cards_upgraded":["Demon Form"]},{"damage_healed":0,"gold_gain":0,"player_choice":"Upgraded","damage_taken":0,"max_hp_gain":0,"max_hp_loss":0,"event_name":"Upgrade Shrine","floor":39,"gold_loss":0,"cards_upgraded":["Immolate"]},{"damage_healed":0,"gold_gain":0,"player_choice":"Copied","damage_taken":0,"max_hp_gain":0,"max_hp_loss":0,"event_name":"Duplicator","floor":44,"gold_loss":0,"cards_obtained":["Corruption"]}],"is_beta":false,"boss_relics":[{"not_picked":["Runic Cube","Mark of Pain"],"picked":"Busted Crown"},{"not_picked":["Runic Pyramid","Pandora\u0027s Box"],"picked":"White Beast Statue"}],"items_purged_floors":[],"is_endless":false,"potions_floor_spawned":[3,6,13,14,16,18,29,33,35,36,37,38,41,42,46,47],"killed_by":"Sphere and 2 Shapes","ascension_level":11}