{"gold_per_floor":[116,132,146,77,77,113,63,63,144,144,160,160],"floor_reached":12,"playtime":770,"items_purged":[],"score":133,"play_id":"58b6f1c6-56b5-4944-a5c7-c7f0eca131db","local_time":"20190308195938","is_ascension_mode":true,"campfire_choices":[{"data":"Bash","floor":8,"key":"SMITH"},{"floor":10,"key":"REST"}],"neow_cost":"TEN_PERCENT_HP_LOSS","seed_source_timestamp":1212153978746444,"circlet_count":0,"master_deck":["AscendersBane","Strike_R","Strike_R","Strike_R","Defend_R","Defend_R","Defend_R","Defend_R","Bash+1","Dropkick","Corruption","Shrug It Off","Feel No Pain","Armaments","Disarm","Rage"],"relics":["Burning Blood","Golden Idol","Bag of Marbles","Darkstone Periapt"],"potions_floor_usage":[6],"damage_taken":[{"damage":3,"enemies":"2 Louse","floor":1,"turns":4},{"damage":14,"enemies":"Small Slimes","floor":2,"turns":4},{"damage":0,"enemies":"Cultist","floor":3,"turns":5},{"damage":46,"enemies":"Lagavulin","floor":6,"turns":10},{"damage":9,"enemies":"2 Fungi Beasts","floor":11,"turns":5},{"damage":56,"enemies":"Gremlin Nob","floor":12,"turns":5}],"seed_played":"954905785957107250","potions_obtained":[{"floor":1,"key":"FearPotion"},{"floor":2,"key":"LiquidBronze"},{"floor":6,"key":"SpeedPotion"}],"is_trial":false,"path_per_floor":["M","M","M","$","?","E","?","R","T","R","M","E"],"character_chosen":"IRONCLAD","items_purchased":["Disarm"],"campfire_rested":1,"item_purchase_floors":[4],"current_hp_per_floor":[68,60,66,66,66,26,26,26,26,46,43,0],"gold":160,"neow_bonus":"TRANSFORM_TWO_CARDS","is_prod":false,"is_daily":false,"chose_seed":false,"campfire_upgraded":1,"win_rate":0,"timestamp":1552075178,"path_taken":["M","M","M","$","?","E","?","R","T","R","M","E"],"build_version":"2019-01-23","purchased_purges":0,"victory":false,"max_hp_per_floor":[68,68,68,68,68,68,68,68,68,68,68,68],"card_choices":[{"not_picked":["Combust","Iron Wave"],"picked":"Shrug It Off","floor":1},{"not_picked":["Ghostly Armor","Havoc"],"picked":"Feel No Pain","floor":2},{"not_picked":["Twin Strike","Thunderclap"],"picked":"Armaments","floor":3},{"not_picked":["Flex","Power Through","Fiend Fire"],"picked":"SKIP","floor":6},{"not_picked":["Iron Wave","Entrench"],"picked":"Rage","floor":11}],"player_experience":1535643,"relics_obtained":[{"floor":6,"key":"Bag of Marbles"},{"floor":9,"key":"Darkstone Periapt"}],"event_choices":[{"damage_healed":0,"gold_gain":0,"player_choice":"Take Wound","damage_taken":0,"relics_obtained":["Golden Idol"],"max_hp_gain":0,"max_hp_loss":0,"event_name":"Golden Idol","floor":5,"gold_loss":0,"cards_obtained":["Injury"]},{"cards_removed":["Injury"],"damage_healed":0,"gold_gain":0,"player_choice":"Card Removal","damage_taken":0,"max_hp_gain":0,"max_hp_loss":0,"event_name":"The Cleric","floor":7,"gold_loss":50}],"is_beta":false,"boss_relics":[],"items_purged_floors":[],"is_endless":false,"potions_floor_spawned":[1,2,6],"killed_by":"Gremlin Nob","ascension_level":14}