{"gold_per_floor":[119,130,150,199,209,235,235,268,344,377,377,377,377,397,397,496,496,514,514,514,484],"floor_reached":21,"playtime":625,"items_purged":[],"score":345,"play_id":"4add5cc3-e887-4e47-adf6-7afa376755c8","local_time":"20190430203813","is_ascension_mode":true,"campfire_choices":[{"floor":7,"key":"REST"},{"floor":11,"key":"REST"},{"floor":15,"key":"REST"}],"neow_cost":"NONE","seed_source_timestamp":1502514250240296,"circlet_count":0,"master_deck":["AscendersBane","Strike_R","Strike_R","Strike_R","Strike_R","Strike_R","Defend_R","Defend_R","Defend_R","Defend_R","Bash","Rampage","True Grit","Perfected Strike","Shockwave","Perfected Strike","Inflame","Injury","Inflame","Barricade","Second Wind+1"],"relics":["Fusion Hammer","Pen Nib","Dead Branch","Blue Candle","Self Forming Clay","Champion Belt","Golden Idol","Runic Pyramid","Nilry\u0027s Codex"],"potions_floor_usage":[8,16,20],"damage_taken":[{"damage":1,"enemies":"Cultist","floor":1,"turns":3},{"damage":2,"enemies":"2 Louse","floor":2,"turns":2},{"damage":0,"enemies":"Small Slimes","floor":3,"turns":2},{"damage":0,"enemies":"3 Louse","floor":5,"turns":2},{"damage":40,"enemies":"3 Sentries","floor":6,"turns":7},{"damage":21,"enemies":"Gremlin Nob","floor":8,"turns":4},{"damage":15,"enemies":"Lagavulin","floor":10,"turns":3},{"damage":9,"enemies":"Blue Slaver","floor":14,"turns":2},{"damage":11,"enemies":"Hexaghost","floor":16,"turns":7},{"damage":12,"enemies":"Chosen","floor":18,"turns":3},{"damage":27,"enemies":"Colosseum Slavers","floor":20,"turns":5},{"damage":9,"enemies":"2 Thieves","floor":21,"turns":1}],"seed_played":"-1113311532619322078","potions_obtained":[{"floor":1,"key":"Ancient Potion"},{"floor":3,"key":"GamblersBrew"},{"floor":10,"key":"Strength Potion"},{"floor":14,"key":"LiquidBronze"}],"is_trial":false,"path_per_floor":["M","M","M","T","M","E","R","E","T","E","R","?","?","M","R","B",null,"M","?","?","M"],"character_chosen":"IRONCLAD","items_purchased":[],"campfire_rested":3,"item_purchase_floors":[],"current_hp_per_floor":[67,65,65,65,65,25,47,26,26,11,33,33,33,24,46,35,65,53,32,5,0],"gold":484,"neow_bonus":"BOSS_RELIC","is_prod":false,"is_daily":false,"chose_seed":false,"campfire_upgraded":0,"win_rate":0,"timestamp":1556681893,"path_taken":["M","M","M","?","M","E","R","E","T","E","R","?","?","M","R","BOSS","M","?","?","M"],"build_version":"2019-01-23","purchased_purges":0,"victory":false,"max_hp_per_floor":[75,75,75,75,75,75,75,75,75,75,75,75,75,75,75,75,75,75,75,75,75],"card_choices":[{"not_picked":["Bloodletting","Hemokinesis"],"picked":"Rampage","floor":1},{"not_picked":["Warcry","Rupture"],"picked":"True Grit","floor":2},{"not_picked":["Heavy Blade","Sever Soul"],"picked":"Perfected Strike","floor":3},{"not_picked":["Infernal Blade","Pummel","Heavy Blade"],"picked":"SKIP","floor":5},{"not_picked":["Rampage","Twin Strike"],"picked":"Shockwave","floor":6},{"not_picked":["Sentinel","Rampage"],"picked":"Perfected Strike","floor":8},{"not_picked":["Cleave","Anger"],"picked":"Inflame","floor":10},{"not_picked":["Searing Blow","Cleave"],"picked":"Inflame","floor":14},{"not_picked":["Demon Form","Juggernaut"],"picked":"Barricade","floor":16},{"not_picked":["Havoc","Clash"],"picked":"Second Wind+1","floor":18}],"player_experience":367903,"relics_obtained":[{"floor":4,"key":"Pen Nib"},{"floor":6,"key":"Dead Branch"},{"floor":8,"key":"Blue Candle"},{"floor":9,"key":"Self Forming Clay"},{"floor":10,"key":"Champion Belt"},{"floor":19,"key":"Nilry\u0027s Codex"}],"event_choices":[{"damage_healed":0,"gold_gain":0,"player_choice":"Ignored","damage_taken":0,"max_hp_gain":0,"max_hp_loss":0,"event_name":"Liars Game","floor":12,"gold_loss":0},{"damage_healed":0,"gold_gain":0,"player_choice":"Take Wound","damage_taken":0,"relics_obtained":["Golden Idol"],"max_hp_gain":0,"max_hp_loss":0,"event_name":"Golden Idol","floor":13,"gold_loss":0,"cards_obtained":["Injury"]},{"damage_healed":0,"gold_gain":0,"player_choice":"Obtained Book","damage_taken":21,"max_hp_gain":0,"max_hp_loss":0,"event_name":"Cursed Tome","floor":19,"gold_loss":0},{"damage_healed":0,"gold_gain":0,"player_choice":"Fight","damage_taken":0,"max_hp_gain":0,"max_hp_loss":0,"event_name":"Colosseum","floor":20,"gold_loss":0},{"damage_healed":0,"gold_gain":0,"player_choice":"Fled From Nobs","damage_taken":0,"max_hp_gain":0,"max_hp_loss":0,"event_name":"Colosseum","floor":20,"gold_loss":0}],"is_beta":false,"boss_relics":[{"not_picked":["Eternal Feather","Velvet Choker"],"picked":"Runic Pyramid"}],"items_purged_floors":[],"is_endless":false,"potions_floor_spawned":[1,3,10,14,20],"killed_by":"2 Thieves","ascension_level":15}