{"gold_per_floor":[16,16,16,34,50,50,83,83,83,98,113,38,54,129,129,129],"floor_reached":16,"playtime":1006,"items_purged":["Strike_R"],"score":138,"play_id":"97cdeba1-9a65-4cee-bd7b-4132425f2fe1","local_time":"20190410220204","is_ascension_mode":true,"campfire_choices":[{"data":"Searing Blow","floor":6,"key":"SMITH"},{"data":"Searing Blow+1","floor":8,"key":"SMITH"},{"data":"Pommel Strike","floor":15,"key":"SMITH"}],"neow_cost":"NO_GOLD","seed_source_timestamp":361915908394202,"circlet_count":0,"master_deck":["Strike_R","Strike_R","Strike_R","Strike_R","Defend_R","Defend_R","Defend_R","Defend_R","Bash","Feed","Searing Blow+2","Ghostly Armor","Pommel Strike+1","True Grit","Shrug It Off","Clothesline"],"relics":["Burning Blood","Bird Faced Urn","Meat on the Bone","Centennial Puzzle"],"potions_floor_usage":[7,16,16],"damage_taken":[{"damage":6,"enemies":"Cultist","floor":1,"turns":3},{"damage":3,"enemies":"Small Slimes","floor":4,"turns":4},{"damage":0,"enemies":"2 Louse","floor":5,"turns":3},{"damage":60,"enemies":"3 Sentries","floor":7,"turns":13},{"damage":6,"enemies":"Looter","floor":10,"turns":3},{"damage":10,"enemies":"Exordium Thugs","floor":11,"turns":4},{"damage":9,"enemies":"Lots of Slimes","floor":13,"turns":5},{"damage":51,"enemies":"Slime Boss","floor":16,"turns":10}],"seed_played":"2880972866941300791","potions_obtained":[{"floor":1,"key":"Energy Potion"},{"floor":7,"key":"SneckoOil"},{"floor":11,"key":"SteroidPotion"}],"is_trial":false,"path_per_floor":["M","T","$","M","M","R","E","R","T","M","M","$","M","?","R","B"],"character_chosen":"IRONCLAD","items_purchased":[],"campfire_rested":0,"item_purchase_floors":[],"current_hp_per_floor":[72,72,72,78,86,86,32,32,32,44,55,55,55,46,46,0],"gold":129,"neow_bonus":"THREE_RARE_CARDS","is_prod":false,"is_daily":false,"chose_seed":false,"campfire_upgraded":3,"win_rate":0,"timestamp":1554901324,"path_taken":["M","?","$","M","M","R","E","R","T","?","M","?","?","?","R","BOSS"],"build_version":"2019-01-23","purchased_purges":1,"victory":false,"max_hp_per_floor":[80,80,80,83,86,86,86,86,86,86,89,89,92,92,92,92],"card_choices":[{"not_picked":["Dark Embrace","Berserk"],"picked":"Feed","floor":0},{"not_picked":["Perfected Strike","Heavy Blade"],"picked":"Searing Blow","floor":1},{"not_picked":["Sword Boomerang","Heavy Blade"],"picked":"Ghostly Armor","floor":4},{"not_picked":["Clash","Thunderclap","Pummel"],"picked":"SKIP","floor":5},{"not_picked":["Clash","Reckless Charge"],"picked":"Pommel Strike","floor":7},{"not_picked":["Clash","Shrug It Off"],"picked":"True Grit","floor":10},{"not_picked":["Rupture","Thunderclap"],"picked":"Shrug It Off","floor":11},{"not_picked":["Disarm","Body Slam"],"picked":"Clothesline","floor":13}],"player_experience":306893,"relics_obtained":[{"floor":2,"key":"Bird Faced Urn"},{"floor":7,"key":"Meat on the Bone"},{"floor":9,"key":"Centennial Puzzle"}],"event_choices":[{"damage_healed":0,"gold_gain":75,"player_choice":"Touch","damage_taken":9,"max_hp_gain":0,"max_hp_loss":0,"event_name":"FaceTrader","floor":14,"gold_loss":0}],"is_beta":false,"boss_relics":[],"items_purged_floors":[12],"is_endless":false,"potions_floor_spawned":[1,7,11],"killed_by":"Slime Boss","ascension_level":7}