{"gold_per_floor":[112,123,137,51,69,69,79,79,132,132,151,185,150,161,161,264,264,282,156,175,75,75,103,103,103],"floor_reached":25,"playtime":1153,"items_purged":["Strike_B","Defend_B"],"score":279,"play_id":"787aea87-93c7-43d6-99f2-944896c49f9e","local_time":"20190401204234","is_ascension_mode":true,"campfire_choices":[{"data":"Zap","floor":6,"key":"SMITH"},{"data":"Capacitor","floor":10,"key":"SMITH"},{"floor":15,"key":"REST"},{"floor":24,"key":"REST"}],"neow_cost":"NONE","seed_source_timestamp":1556172647274999,"circlet_count":0,"master_deck":["Strike_B","Strike_B","Defend_B","Defend_B","Defend_B","Zap+1","Dualcast","Sweeping Beam","Melter","Leap","Self Repair","Streamline","Capacitor+1","Streamline","Darkness","Electrodynamics","Genetic Algorithm","Machine Learning","Lockon+1","Ball Lightning","Coolheaded","Decay"],"relics":["Cracked Core","Bronze Scales","Mercury Hourglass","Inserter","Potion Belt"],"potions_floor_usage":[1,14,16,16,23],"damage_taken":[{"damage":1,"enemies":"2 Louse","floor":1,"turns":2},{"damage":1,"enemies":"Cultist","floor":2,"turns":3},{"damage":0,"enemies":"Small Slimes","floor":3,"turns":2},{"damage":15,"enemies":"Looter","floor":5,"turns":4},{"damage":4,"enemies":"3 Louse","floor":7,"turns":3},{"damage":10,"enemies":"Exordium Thugs","floor":11,"turns":4},{"damage":21,"enemies":"3 Sentries","floor":12,"turns":4},{"damage":13,"enemies":"Large Slime","floor":14,"turns":3},{"damage":31,"enemies":"Hexaghost","floor":16,"turns":8},{"damage":39,"enemies":"2 Thieves","floor":18,"turns":3},{"damage":12,"enemies":"3 Byrds","floor":20,"turns":2},{"damage":28,"enemies":"Gremlin Leader","floor":23,"turns":6},{"damage":52,"enemies":"Slavers","floor":25,"turns":3}],"seed_played":"-7518186220389376159","potions_obtained":[{"floor":1,"key":"Fruit Juice"},{"floor":11,"key":"SpeedPotion"},{"floor":12,"key":"SteroidPotion"},{"floor":14,"key":"Block Potion"},{"floor":18,"key":"Energy Potion"}],"is_trial":false,"path_per_floor":["M","M","M","$","M","R","M","?","T","R","M","E","?","M","R","B",null,"M","$","M","$","?","E","R","E"],"character_chosen":"DEFECT","items_purchased":["Self Repair","Streamline","Ball Lightning"],"campfire_rested":2,"item_purchase_floors":[4,4,19],"current_hp_per_floor":[86,85,85,85,77,77,80,73,73,73,70,49,49,36,62,38,75,43,43,31,31,31,10,36,0],"gold":103,"neow_bonus":"TEN_PERCENT_HP_BONUS","is_prod":false,"is_daily":false,"chose_seed":false,"campfire_upgraded":2,"win_rate":0,"timestamp":1554118954,"path_taken":["M","M","M","$","M","R","M","?","T","R","M","E","?","M","R","BOSS","M","$","M","$","?","E","R","E"],"build_version":"2019-01-23","purchased_purges":2,"victory":false,"max_hp_per_floor":[87,87,87,87,87,87,87,87,87,87,87,87,87,87,87,87,87,87,87,87,87,87,87,87,87],"card_choices":[{"not_picked":["Heatsinks","Lockon"],"picked":"Sweeping Beam","floor":1},{"not_picked":["Gash","Rebound"],"picked":"Melter","floor":2},{"not_picked":["Scrape","Stack"],"picked":"Leap","floor":3},{"not_picked":["Cold Snap","Aggregate"],"picked":"Capacitor","floor":5},{"not_picked":["Gash","Sweeping Beam"],"picked":"Streamline","floor":7},{"not_picked":["Leap","Go for the Eyes"],"picked":"Darkness","floor":11},{"not_picked":["Capacitor","Steam"],"picked":"Electrodynamics","floor":12},{"not_picked":["Recycle","Sunder"],"picked":"Genetic Algorithm","floor":14},{"not_picked":["Multi-Cast","Rainbow"],"picked":"Machine Learning","floor":16},{"not_picked":["Conserve Battery","Cold Snap"],"picked":"Lockon+1","floor":18},{"not_picked":["Stack","Rebound"],"picked":"Coolheaded","floor":20},{"not_picked":["Recycle+1","Capacitor","Reinforced Body"],"picked":"SKIP","floor":23}],"player_experience":230028,"relics_obtained":[{"floor":9,"key":"Bronze Scales"},{"floor":12,"key":"Mercury Hourglass"},{"floor":23,"key":"Potion Belt"}],"event_choices":[{"cards_removed":["Strike_B"],"damage_healed":0,"gold_gain":0,"player_choice":"Card Removal","damage_taken":7,"max_hp_gain":0,"max_hp_loss":0,"event_name":"Golden Wing","floor":8,"gold_loss":0},{"damage_healed":0,"gold_gain":0,"player_choice":"Left Gold","damage_taken":0,"max_hp_gain":0,"max_hp_loss":0,"event_name":"World of Goop","floor":13,"gold_loss":35},{"damage_healed":0,"gold_gain":0,"player_choice":"Smashed Altar","damage_taken":0,"max_hp_gain":0,"max_hp_loss":0,"event_name":"Forgotten Altar","floor":22,"gold_loss":0,"cards_obtained":["Decay"]}],"is_beta":false,"boss_relics":[{"not_picked":["Lizard Tail","Orrery"],"picked":"Inserter"}],"items_purged_floors":[19,21],"is_endless":false,"potions_floor_spawned":[1,11,12,14,18],"killed_by":"Slavers","ascension_level":5}