{"gold_per_floor":[212,222,147,147,167,202,219,119,143,143,177,206,368,397,409,524,536,559,581,742,219,232,232,282,292,292,365,365],"floor_reached":28,"playtime":1115,"items_purged":["Defend_R","Strike_R","Strike_R"],"score":255,"play_id":"ca07cefa-3ba2-4eee-a455-3e707896adc4","local_time":"20180907171709","is_ascension_mode":false,"campfire_choices":[{"data":"Rampage","floor":10,"key":"SMITH"},{"data":"Bash","floor":15,"key":"SMITH"},{"data":"Barricade","floor":23,"key":"SMITH"}],"neow_cost":"NONE","seed_source_timestamp":420092226582086,"circlet_count":0,"master_deck":["Strike_R","Strike_R","Strike_R","Defend_R","Defend_R","Defend_R","Bash+1","Shrug It Off","Metallicize","Rampage+1","Barricade+1"],"relics":["Burning Blood","SsserpentHead","Bag of Marbles","Strawberry","MawBank","Sozu","Unceasing Top","Tiny Chest","Paper Frog","Potion Belt"],"potions_floor_usage":[16,22],"damage_taken":[{"damage":4,"enemies":"Jaw Worm","floor":1,"turns":5},{"damage":6,"enemies":"Cultist","floor":2,"turns":3},{"damage":3,"enemies":"Small Slimes","floor":5,"turns":4},{"damage":33,"enemies":"Lagavulin","floor":6,"turns":6},{"damage":2,"enemies":"2 Fungi Beasts","floor":7,"turns":4},{"damage":14,"enemies":"Gremlin Nob","floor":11,"turns":4},{"damage":22,"enemies":"Gremlin Gang","floor":12,"turns":6},{"damage":0,"enemies":"Lots of Slimes","floor":14,"turns":6},{"damage":10,"enemies":"Slime Boss","floor":16,"turns":7},{"damage":6,"enemies":"Shell Parasite","floor":18,"turns":6},{"damage":16,"enemies":"3 Byrds","floor":19,"turns":8},{"damage":23,"enemies":"Cultist and Chosen","floor":22,"turns":7},{"damage":24,"enemies":"Snake Plant","floor":25,"turns":5},{"damage":42,"enemies":"Gremlin Leader","floor":28,"turns":6}],"seed_played":"-4916113103534175720","potions_obtained":[{"floor":1,"key":"Fire Potion"},{"floor":5,"key":"SneckoOil"},{"floor":12,"key":"SpeedPotion"},{"floor":14,"key":"Strength Potion"},{"floor":16,"key":"Fire Potion"}],"is_trial":false,"path_per_floor":["M","M","$","?","M","E","M","$","T","R","E","M","?","M","R","B",null,"M","M","?","$","M","R","?","M","T","T"],"character_chosen":"IRONCLAD","items_purchased":["Unceasing Top","Tiny Chest"],"campfire_rested":0,"item_purchase_floors":[21,21],"current_hp_per_floor":[80,80,80,80,80,53,57,57,64,64,56,40,40,46,46,42,87,87,77,77,77,60,60,60,42,42,42,0],"gold":365,"neow_bonus":"HUNDRED_GOLD","is_prod":false,"is_daily":false,"chose_seed":false,"campfire_upgraded":3,"win_rate":0,"timestamp":1536365829,"path_taken":["M","M","$","?","M","E","M","$","T","R","E","M","?","M","R","BOSS","M","M","?","$","M","R","?","M","T","?","E"],"build_version":"2018-09-06","purchased_purges":3,"victory":false,"max_hp_per_floor":[80,80,80,80,80,80,80,80,87,87,87,87,87,87,87,87,87,87,87,87,87,87,87,87,87,87,87,87],"card_choices":[{"not_picked":["Bloodletting","Cleave"],"picked":"Shrug It Off","floor":1},{"not_picked":["Armaments","Anger"],"picked":"Metallicize","floor":2},{"not_picked":["Wild Strike","Flame Barrier"],"picked":"Rampage","floor":5},{"not_picked":["Infernal Blade","Rage","Hemokinesis"],"picked":"SKIP","floor":6},{"not_picked":["Clash","Armaments","Inflame"],"picked":"SKIP","floor":7},{"not_picked":["Intimidate","Dark Embrace","Anger"],"picked":"SKIP","floor":11},{"not_picked":["Body Slam","Heavy Blade","Perfected Strike"],"picked":"SKIP","floor":12},{"not_picked":["Wild Strike","Heavy Blade","Thunderclap"],"picked":"SKIP","floor":14},{"not_picked":["Brutality","Fiend Fire"],"picked":"Barricade","floor":16},{"not_picked":["Warcry+1","Cleave","Anger"],"picked":"SKIP","floor":18},{"not_picked":["Pommel Strike","Cleave","Perfected Strike"],"picked":"SKIP","floor":19},{"not_picked":["Thunderclap","Warcry","Sentinel"],"picked":"SKIP","floor":22},{"not_picked":["Wild Strike","Battle Trance","Clothesline"],"picked":"SKIP","floor":25}],"player_experience":184559,"relics_obtained":[{"floor":6,"key":"Bag of Marbles"},{"floor":9,"key":"Strawberry"},{"floor":11,"key":"MawBank"},{"floor":26,"key":"Paper Frog"},{"floor":27,"key":"Potion Belt"}],"event_choices":[{"event_name":"FaceTrader","player_choice":"Trade","floor":4,"damage_taken":0},{"event_name":"Wheel of Change","player_choice":"Gold","floor":13,"damage_taken":0},{"event_name":"Nest","player_choice":"Stole From Cult","floor":20,"damage_taken":0},{"event_name":"Ghosts","player_choice":"Ignored","floor":24,"damage_taken":0}],"is_beta":false,"boss_relics":[{"not_picked":["Runic Dome","Mark of Pain"],"picked":"Sozu"}],"items_purged_floors":[3,8,21],"is_endless":false,"potions_floor_spawned":[1,5,12,14,16,19,25],"killed_by":"Gremlin Leader","ascension_level":0}