{"gold_per_floor":[110,110,122,136,90,100,100,100,100,100,128,148,148,161,161,262,262,276,276,303,316,72,106,120,155,155,155,255,266,181,214,214,311,311,324,324,424,424,476,506,520,533,533,533,565,31,31,42,42,42],"floor_reached":51,"playtime":1788,"items_purged":["Entrench+1"],"score":988,"play_id":"2288f0c5-1f95-46f9-b1ca-86aee3a8101b","local_time":"20181109131820","is_ascension_mode":false,"campfire_choices":[{"data":"Perfected Strike","floor":7,"key":"SMITH"},{"data":"Perfected Strike","floor":13,"key":"SMITH"},{"data":"True Grit","floor":15,"key":"SMITH"},{"floor":27,"key":"REST"},{"floor":32,"key":"REST"},{"data":"Perfected Strike","floor":47,"key":"SMITH"},{"floor":49,"key":"REST"}],"neow_cost":"NONE","seed_source_timestamp":1461897845137048,"circlet_count":0,"master_deck":["Strike_R","Strike_R","Strike_R","Strike_R","Strike_R","Defend_R+1","Defend_R+1","Defend_R","Defend_R","True Grit+1","Perfected Strike+1","Perfected Strike+1","Twin Strike","Clash","Clash","Feed","Pommel Strike","RitualDagger","Twin Strike","Shockwave+1","Perfected Strike+1","Perfected Strike","Clash","Perfected Strike","Pommel Strike+1","Offering+1","Clash","Shrug It Off+1","Panacea+1","Madness+1","Metamorphosis+1","Demon Form+1","Wild Strike+1","Madness+1","Madness+1","Disarm+1","True Grit+1","Secret Weapon+1","Shockwave+1"],"relics":["Burning Blood","Juzu Bracelet","Bird Faced Urn","Meat on the Bone","Shuriken","Black Star","Red Mask","Toxic Egg 2","Matryoshka","Pantograph","Blue Candle","Paper Frog","PreservedInsect","Kunai","Mango","Pear","Nunchaku","War Paint","Omamori","Sozu","Thread and Needle","Peace Pipe","The Courier","Frozen Egg 2","Bottled Lightning","Bottled Flame","Sundial","Bottled Tornado","Lantern"],"potions_floor_usage":[11,20,23,25,25,25],"damage_taken":[{"damage":6,"enemies":"Cultist","floor":1,"turns":3},{"damage":4,"enemies":"Jaw Worm","floor":3,"turns":3},{"damage":3,"enemies":"Small Slimes","floor":4,"turns":3},{"damage":3,"enemies":"Looter","floor":6,"turns":2},{"damage":15,"enemies":"3 Sentries","floor":11,"turns":6},{"damage":0,"enemies":"2 Fungi Beasts","floor":12,"turns":2},{"damage":1,"enemies":"3 Louse","floor":14,"turns":3},{"damage":60,"enemies":"Hexaghost","floor":16,"turns":7},{"damage":9,"enemies":"3 Byrds","floor":18,"turns":6},{"damage":10,"enemies":"Masked Bandits","floor":20,"turns":4},{"damage":1,"enemies":"Chosen","floor":21,"turns":3},{"damage":37,"enemies":"Slavers","floor":23,"turns":6},{"damage":43,"enemies":"Sentry and Sphere","floor":24,"turns":6},{"damage":33,"enemies":"Book of Stabbing","floor":25,"turns":4},{"damage":19,"enemies":"Colosseum Slavers","floor":28,"turns":3},{"damage":27,"enemies":"Colosseum Nobs","floor":28,"turns":4},{"damage":6,"enemies":"Chosen and Byrds","floor":29,"turns":3},{"damage":47,"enemies":"Gremlin Leader","floor":31,"turns":3},{"damage":79,"enemies":"Champ","floor":33,"turns":9},{"damage":0,"enemies":"Orb Walker","floor":35,"turns":2},{"damage":57,"enemies":"Mind Bloom Boss Battle","floor":37,"turns":4},{"damage":6,"enemies":"2 Orb Walkers","floor":39,"turns":2},{"damage":15,"enemies":"Giant Head","floor":40,"turns":6},{"damage":5,"enemies":"3 Shapes","floor":41,"turns":3},{"damage":6,"enemies":"Transient","floor":42,"turns":5},{"damage":6,"enemies":"Nemesis","floor":45,"turns":1},{"damage":6,"enemies":"Sphere and 2 Shapes","floor":48,"turns":3},{"damage":100,"enemies":"Awakened One","floor":50,"turns":9}],"seed_played":"-8796278888625638676","potions_obtained":[{"floor":3,"key":"SteroidPotion"},{"floor":6,"key":"GamblersBrew"},{"floor":14,"key":"Explosive Potion"},{"floor":20,"key":"LiquidBronze"},{"floor":21,"key":"Fruit Juice"},{"floor":24,"key":"Weak Potion"},{"floor":31,"key":"SpeedPotion"}],"is_trial":false,"path_per_floor":["M","?","M","M","$","M","R","T","T","?","E","M","R","M","R","B",null,"M","?","?","M","$","E","M","E","T","R","?","M","?","E","R","B",null,"M","?","?","?","?","E","M","M","T","?","E","$","R","M","R","B",null],"character_chosen":"IRONCLAD","items_purchased":["Twin Strike","Toxic Egg 2","Bottled Tornado","Lantern","True Grit+1","Secret Weapon+1"],"campfire_rested":3,"item_purchase_floors":[5,22,46,46,46,46],"current_hp_per_floor":[80,80,80,80,80,80,80,80,80,85,76,82,82,85,85,43,85,85,79,75,83,83,57,35,20,20,49,63,75,75,46,82,46,123,123,123,72,62,74,77,78,80,80,65,77,77,77,79,115,41],"gold":42,"neow_bonus":"RANDOM_COMMON_RELIC","is_prod":false,"is_daily":false,"chose_seed":false,"campfire_upgraded":4,"win_rate":0,"timestamp":1541798300,"path_taken":["M","?","M","M","?","M","R","?","T","?","E","M","R","M","R","BOSS","M","?","?","M","$","E","M","E","T","R","?","M","?","E","R","BOSS","M","?","?","?","?","E","M","M","T","?","E","$","R","M","R","BOSS"],"build_version":"2018-11-08","purchased_purges":1,"victory":true,"max_hp_per_floor":[80,80,80,80,80,80,80,80,80,85,85,85,85,85,85,85,85,88,88,88,91,91,96,99,99,99,99,123,123,123,123,123,123,123,123,123,123,123,123,123,123,123,123,123,123,123,123,123,123,123],"card_choices":[{"not_picked":["Sword Boomerang","Anger"],"picked":"True Grit","floor":1},{"not_picked":["Heavy Blade","Sword Boomerang"],"picked":"Perfected Strike","floor":3},{"not_picked":["Dual Wield","Heavy Blade"],"picked":"Perfected Strike","floor":4},{"not_picked":["Sword Boomerang","Havoc","Iron Wave"],"picked":"SKIP","floor":6},{"not_picked":["True Grit","Pummel"],"picked":"Clash","floor":11},{"not_picked":["Ghostly Armor","Sentinel","Bloodletting"],"picked":"SKIP","floor":12},{"not_picked":["Iron Wave","Cleave"],"picked":"Clash","floor":14},{"not_picked":["Exhume","Brutality"],"picked":"Feed","floor":16},{"not_picked":["Entrench","Sword Boomerang"],"picked":"Pommel Strike","floor":18},{"not_picked":["Ghostly Armor+1","Warcry"],"picked":"Twin Strike","floor":21},{"not_picked":["Pummel","Warcry+1"],"picked":"Shockwave+1","floor":23},{"not_picked":["Seeing Red+1","Double Tap+1"],"picked":"Perfected Strike","floor":24},{"not_picked":["Cleave","Clothesline"],"picked":"Perfected Strike","floor":25},{"not_picked":["Rupture","Impervious+1"],"picked":"Clash","floor":28},{"not_picked":["Body Slam+1","Bloodletting+1"],"picked":"Perfected Strike","floor":29},{"not_picked":["Impervious+1","Anger"],"picked":"Pommel Strike+1","floor":31},{"not_picked":["Bludgeon","Dark Embrace"],"picked":"Offering+1","floor":33},{"not_picked":["Armaments+1","Warcry+1"],"picked":"Clash","floor":35},{"not_picked":["Heavy Blade+1","True Grit+1"],"picked":"Shrug It Off+1","floor":37},{"not_picked":["Sadistic Nature","Magnetism"],"picked":"Panacea+1","floor":38},{"not_picked":["Discovery+1","Dramatic Entrance"],"picked":"Madness+1","floor":38},{"not_picked":["Magnetism","Dark Shackles+1"],"picked":"Metamorphosis+1","floor":38},{"not_picked":["Pommel Strike","Evolve"],"picked":"Demon Form","floor":40},{"not_picked":["Thunderclap+1","Ghostly Armor+1"],"picked":"Entrench+1","floor":41},{"not_picked":["Bloodletting+1","Flame Barrier+1"],"picked":"Wild Strike+1","floor":42},{"not_picked":["Sever Soul","Headbutt+1"],"picked":"Disarm+1","floor":45},{"not_picked":["Armaments+1","Sword Boomerang"],"picked":"Shockwave+1","floor":48}],"player_experience":329245,"relics_obtained":[{"floor":8,"key":"Bird Faced Urn"},{"floor":9,"key":"Meat on the Bone"},{"floor":11,"key":"Shuriken"},{"floor":20,"key":"Red Mask"},{"floor":23,"key":"Matryoshka"},{"floor":23,"key":"Pantograph"},{"floor":25,"key":"Blue Candle"},{"floor":25,"key":"Paper Frog"},{"floor":26,"key":"PreservedInsect"},{"floor":26,"key":"Kunai"},{"floor":28,"key":"Mango"},{"floor":28,"key":"Pear"},{"floor":31,"key":"War Paint"},{"floor":31,"key":"Omamori"},{"floor":37,"key":"Thread and Needle"},{"floor":39,"key":"Peace Pipe"},{"floor":40,"key":"The Courier"},{"floor":40,"key":"Frozen Egg 2"},{"floor":43,"key":"Bottled Lightning"},{"floor":45,"key":"Bottled Flame"},{"floor":45,"key":"Sundial"}],"event_choices":[{"damage_healed":0,"gold_gain":0,"player_choice":"Bought 0 Potions","damage_taken":0,"max_hp_gain":0,"max_hp_loss":0,"event_name":"The Woman in Blue","floor":2,"gold_loss":0},{"damage_healed":0,"gold_gain":0,"player_choice":"Donut","damage_taken":0,"max_hp_gain":5,"max_hp_loss":0,"event_name":"Big Fish","floor":10,"gold_loss":0},{"damage_healed":0,"gold_gain":0,"player_choice":"Joined the Cult","damage_taken":6,"max_hp_gain":0,"max_hp_loss":0,"event_name":"Nest","floor":19,"gold_loss":0,"cards_obtained":["RitualDagger"]},{"damage_healed":0,"gold_gain":0,"player_choice":"Fought Bandits","damage_taken":0,"max_hp_gain":0,"max_hp_loss":0,"event_name":"Masked Bandits","floor":20,"gold_loss":0},{"damage_healed":0,"gold_gain":0,"player_choice":"Fight","damage_taken":0,"max_hp_gain":0,"max_hp_loss":0,"event_name":"Colosseum","floor":28,"gold_loss":0},{"damage_healed":0,"gold_gain":0,"player_choice":"Fought Nobs","damage_taken":0,"max_hp_gain":0,"max_hp_loss":0,"event_name":"Colosseum","floor":28,"gold_loss":0},{"damage_healed":0,"gold_gain":0,"player_choice":"Obtained Relic","damage_taken":0,"relics_obtained":["Nunchaku"],"max_hp_gain":0,"max_hp_loss":0,"event_name":"Addict","floor":30,"gold_loss":85},{"cards_removed":["Bash"],"damage_healed":0,"gold_gain":0,"player_choice":"Removed Attack","damage_taken":0,"max_hp_gain":0,"max_hp_loss":0,"event_name":"Falling","floor":36,"gold_loss":0},{"damage_healed":0,"gold_gain":0,"player_choice":"Fight","damage_taken":0,"max_hp_gain":0,"max_hp_loss":0,"event_name":"MindBloom","floor":37,"gold_loss":0},{"damage_healed":0,"gold_gain":0,"player_choice":"Memory 3","damage_taken":10,"max_hp_gain":0,"max_hp_loss":0,"event_name":"SensoryStone","floor":38,"gold_loss":0},{"damage_healed":0,"gold_gain":0,"player_choice":"Fight","damage_taken":0,"max_hp_gain":0,"max_hp_loss":0,"event_name":"Mysterious Sphere","floor":39,"gold_loss":0},{"damage_healed":0,"gold_gain":0,"player_choice":"Embrace Madness","damage_taken":15,"max_hp_gain":0,"max_hp_loss":0,"event_name":"Winding Halls","floor":44,"gold_loss":0,"cards_obtained":["Madness","Madness"]}],"is_beta":false,"boss_relics":[{"not_picked":["Eternal Feather","White Beast Statue"],"picked":"Black Star"},{"not_picked":["Velvet Choker","Philosopher\u0027s Stone"],"picked":"Sozu"}],"items_purged_floors":[46],"is_endless":false,"potions_floor_spawned":[3,6,14,20,21,24,28,31,37,39,40,42],"ascension_level":0}