{"gold_per_floor":[111,122,47,67,79,79,229,229,229,263,2,36,50,129,129,129],"floor_reached":16,"playtime":444,"items_purged":["Doubt"],"score":204,"play_id":"d6762195-4b97-48b5-98d4-6a1d801afd66","local_time":"20190430232950","is_ascension_mode":true,"campfire_choices":[{"data":"Bash","floor":6,"key":"SMITH"},{"floor":15,"key":"REST"}],"neow_cost":"NONE","seed_source_timestamp":6280759466025,"circlet_count":0,"master_deck":["AscendersBane","Strike_R","Strike_R","Strike_R","Strike_R","Defend_R","Defend_R","Defend_R","Defend_R","Bash+1","Whirlwind+1","Sword Boomerang","Shockwave","Combust","Fiend Fire","Apotheosis","Headbutt"],"relics":["Burning Blood","Pear","Turnip","Gambling Chip"],"potions_floor_usage":[10,12],"damage_taken":[{"damage":24,"enemies":"Jaw Worm","floor":1,"turns":5},{"damage":11,"enemies":"Small Slimes","floor":2,"turns":3},{"damage":4,"enemies":"2 Louse","floor":4,"turns":2},{"damage":28,"enemies":"Large Slime","floor":5,"turns":5},{"damage":7,"enemies":"3 Sentries","floor":10,"turns":2},{"damage":33,"enemies":"Lagavulin","floor":12,"turns":6},{"damage":0,"enemies":"3 Louse","floor":13,"turns":1},{"damage":51,"enemies":"The Guardian","floor":16,"turns":9}],"seed_played":"-3092558032965302129","potions_obtained":[{"floor":2,"key":"Energy Potion"},{"floor":4,"key":"EssenceOfSteel"},{"floor":5,"key":"PowerPotion"}],"is_trial":false,"path_per_floor":["M","M","?","M","M","R","?","?","T","E","$","E","M","?","R","B"],"character_chosen":"IRONCLAD","items_purchased":["Apotheosis"],"campfire_rested":1,"item_purchase_floors":[11],"current_hp_per_floor":[57,52,52,54,32,32,32,32,42,41,41,14,20,20,47,0],"gold":129,"neow_bonus":"TEN_PERCENT_HP_BONUS","is_prod":false,"is_daily":false,"chose_seed":false,"campfire_upgraded":1,"win_rate":0,"timestamp":1556692190,"path_taken":["M","M","?","M","M","R","?","?","T","E","?","E","M","?","R","BOSS"],"build_version":"2019-01-23","purchased_purges":1,"victory":false,"max_hp_per_floor":[82,82,82,82,82,82,82,82,92,92,92,92,92,92,92,92],"card_choices":[{"not_picked":["Sword Boomerang","Evolve"],"picked":"Whirlwind","floor":1},{"not_picked":["Sever Soul","Heavy Blade"],"picked":"Sword Boomerang","floor":2},{"not_picked":["Pummel","True Grit"],"picked":"Shockwave","floor":4},{"not_picked":["Warcry","Clash"],"picked":"Combust","floor":5},{"not_picked":["Second Wind","Wild Strike"],"picked":"Fiend Fire","floor":10},{"not_picked":["Whirlwind","Burning Pact"],"picked":"Headbutt","floor":12},{"not_picked":["Uppercut","Reckless Charge","Pummel"],"picked":"SKIP","floor":13}],"player_experience":515518,"relics_obtained":[{"floor":9,"key":"Pear"},{"floor":10,"key":"Turnip"},{"floor":12,"key":"Gambling Chip"}],"event_choices":[{"cards_removed":["Strike_R"],"damage_healed":0,"gold_gain":0,"player_choice":"Card Removal","damage_taken":0,"max_hp_gain":0,"max_hp_loss":0,"event_name":"The Cleric","floor":3,"gold_loss":75},{"damage_healed":0,"gold_gain":150,"player_choice":"AGREE","damage_taken":0,"max_hp_gain":0,"max_hp_loss":0,"event_name":"Liars Game","floor":7,"gold_loss":0,"cards_obtained":["Doubt"]},{"damage_healed":0,"gold_gain":0,"player_choice":"Grow","damage_taken":0,"max_hp_gain":0,"max_hp_loss":0,"event_name":"Living Wall","floor":8,"gold_loss":0,"cards_upgraded":["Whirlwind"]},{"damage_healed":0,"gold_gain":79,"player_choice":"Gained Gold","damage_taken":0,"max_hp_gain":0,"max_hp_loss":0,"event_name":"Golden Wing","floor":14,"gold_loss":0}],"is_beta":false,"boss_relics":[],"items_purged_floors":[11],"is_endless":false,"potions_floor_spawned":[2,4,5],"killed_by":"The Guardian","ascension_level":17}