{"gold_per_floor":[367,45,45,57,75,75,108,118,198,209,209,209,227,47,47,149,149,166,186,205,10,10,10,42,42,42,42,42,42,105,105,105,105],"floor_reached":33,"playtime":2061,"items_purged":["Injury","Pain"],"score":347,"play_id":"a01e8c59-daf7-4b6c-a2fc-d3e8dc71ae1a","local_time":"20190425222057","is_ascension_mode":true,"campfire_choices":[{"data":"Zap","floor":6,"key":"SMITH"},{"data":"Hologram","floor":12,"key":"SMITH"},{"data":"Creative AI","floor":15,"key":"SMITH"},{"data":"Amplify","floor":23,"key":"SMITH"},{"data":"Dualcast","floor":25,"key":"SMITH"},{"floor":32,"key":"REST"}],"neow_cost":"CURSE","seed_source_timestamp":946014328461456,"circlet_count":0,"master_deck":["Strike_B+1","Strike_B","Strike_B","Strike_B","Defend_B","Defend_B","Defend_B","Defend_B","Zap+1","Dualcast+1","Coolheaded","Gash","Gash+1","Hologram+1","Creative AI+1","Melter","Amplify+1","Reinforced Body+1","Redo+1"],"relics":["FrozenCore","Strawberry","Mango","Sundial","Runic Capacitor","Whetstone","Mercury Hourglass","Tiny Chest"],"potions_floor_usage":[7,7,7,7,8,16,24,24,33],"damage_taken":[{"damage":0,"enemies":"Cultist","floor":1,"turns":3},{"damage":9,"enemies":"Jaw Worm","floor":4,"turns":5},{"damage":0,"enemies":"2 Louse","floor":5,"turns":2},{"damage":24,"enemies":"Lagavulin","floor":7,"turns":8},{"damage":11,"enemies":"Large Slime","floor":8,"turns":5},{"damage":12,"enemies":"Looter","floor":10,"turns":3},{"damage":15,"enemies":"3 Louse","floor":13,"turns":3},{"damage":12,"enemies":"Hexaghost","floor":16,"turns":9},{"damage":0,"enemies":"Spheric Guardian","floor":18,"turns":3},{"damage":11,"enemies":"Shell Parasite","floor":19,"turns":7},{"damage":21,"enemies":"Centurion and Healer","floor":20,"turns":7},{"damage":32,"enemies":"Gremlin Leader","floor":24,"turns":7},{"damage":60,"enemies":"Slavers","floor":30,"turns":8},{"damage":40,"enemies":"Collector","floor":33,"turns":3}],"seed_played":"-2069084501426106788","potions_obtained":[{"floor":4,"key":"LiquidBronze"},{"floor":5,"key":"Block Potion"},{"floor":8,"key":"Regen Potion"},{"floor":16,"key":"Regen Potion"},{"floor":18,"key":"FocusPotion"}],"is_trial":false,"path_per_floor":["M","$","?","M","M","R","E","M","T","M","?","R","M","$","R","B",null,"M","M","M","$","?","R","E","R","T","?","?","$","E","$","R","B"],"character_chosen":"DEFECT","items_purchased":["Strawberry","EntropicBrew","Melter","Runic Capacitor"],"campfire_rested":1,"item_purchase_floors":[2,2,14,21],"current_hp_per_floor":[75,82,82,73,73,73,63,52,52,40,45,45,30,30,30,33,101,101,90,69,69,69,69,52,52,52,85,65,65,5,5,36,0],"gold":105,"neow_bonus":"TWO_FIFTY_GOLD","is_prod":false,"is_daily":false,"chose_seed":false,"campfire_upgraded":5,"win_rate":0,"timestamp":1556227257,"path_taken":["M","$","?","M","?","R","E","M","T","M","?","R","M","$","R","BOSS","M","M","M","$","?","R","E","R","T","?","?","?","E","$","R","BOSS"],"build_version":"2019-01-23","purchased_purges":2,"victory":false,"max_hp_per_floor":[75,82,82,82,82,82,96,96,96,96,101,101,101,101,101,101,101,101,101,101,101,101,101,101,101,101,101,106,106,106,106,106,106],"card_choices":[{"not_picked":["Turbo","Beam Cell"],"picked":"Cold Snap","floor":1},{"not_picked":["Barrage","Darkness","Force Field"],"picked":"SKIP","floor":4},{"not_picked":["Compile Driver","Hologram"],"picked":"Coolheaded","floor":5},{"not_picked":["Capacitor","Turbo"],"picked":"Gash","floor":7},{"not_picked":["Ball Lightning","Leap"],"picked":"Gash","floor":8},{"not_picked":["Hello World","Compile Driver"],"picked":"Hologram","floor":10},{"not_picked":["Steam","Scrape"],"picked":"Creative AI","floor":13},{"not_picked":["Reboot","Creative AI"],"picked":"Amplify","floor":16},{"not_picked":["Scrape","Storm"],"picked":"Reinforced Body+1","floor":18},{"not_picked":["Steam","Coolheaded","Capacitor"],"picked":"SKIP","floor":19},{"not_picked":["Leap","Lockon","Blizzard"],"picked":"SKIP","floor":20},{"not_picked":["Conserve Battery","Barrage+1"],"picked":"Redo+1","floor":24},{"not_picked":["Genetic Algorithm+1","Blizzard","Hologram"],"picked":"SKIP","floor":30}],"player_experience":1850369,"relics_obtained":[{"floor":7,"key":"Mango"},{"floor":9,"key":"Sundial"},{"floor":24,"key":"Whetstone"},{"floor":26,"key":"Mercury Hourglass"},{"floor":30,"key":"Tiny Chest"}],"event_choices":[{"cards_removed":["Cold Snap"],"damage_healed":0,"gold_gain":0,"player_choice":"Took Card","damage_taken":0,"max_hp_gain":0,"max_hp_loss":0,"event_name":"NoteForYourself","floor":3,"gold_loss":0,"cards_obtained":["Pain"]},{"damage_healed":0,"gold_gain":0,"player_choice":"Donut","damage_taken":0,"max_hp_gain":5,"max_hp_loss":0,"event_name":"Big Fish","floor":11,"gold_loss":0},{"damage_healed":0,"gold_gain":0,"player_choice":"Ignored","damage_taken":0,"max_hp_gain":0,"max_hp_loss":0,"event_name":"Vampires","floor":22,"gold_loss":0},{"damage_healed":33,"gold_gain":0,"player_choice":"Heal","damage_taken":0,"max_hp_gain":0,"max_hp_loss":0,"event_name":"The Library","floor":27,"gold_loss":0},{"damage_healed":0,"gold_gain":0,"player_choice":"Shed Blood","damage_taken":25,"max_hp_gain":5,"max_hp_loss":0,"event_name":"Forgotten Altar","floor":28,"gold_loss":0}],"is_beta":false,"boss_relics":[{"not_picked":["Velvet Choker","Runic Pyramid"],"picked":"FrozenCore"}],"items_purged_floors":[2,14],"is_endless":false,"potions_floor_spawned":[4,5,8,16,18],"killed_by":"Collector","ascension_level":1}