{"gold_per_floor":[114,114,125,125,125,154,165,165,165,176,186,186,202,221,221,322,322,334,334,351,362,362,375,444,444,470,470],"floor_reached":27,"playtime":1764,"items_purged":[],"score":267,"play_id":"d1aa58d7-1931-4ae1-a6ae-4fedd3628a06","local_time":"20181212184712","is_ascension_mode":false,"campfire_choices":[{"floor":8,"key":"REST"},{"floor":15,"key":"REST"},{"floor":25,"key":"REST"}],"neow_cost":"NONE","seed_source_timestamp":677753443480252,"circlet_count":0,"master_deck":["Strike_B","Strike_B","Strike_B","Strike_B","Defend_B","Defend_B","Defend_B","Defend_B","Zap","Dualcast","BootSequence","Tempest","Defragment","Skim","Parasite","Beam Cell","Redo","Multi-Cast","Static Discharge+1","Darkness","Barrage+1","Necronomicurse","Recycle+1"],"relics":["Cracked Core","StoneCalendar","Mango","Incense Burner","Black Star","Necronomicon","Meat on the Bone","PreservedInsect"],"potions_floor_usage":[13,16,16,20,23],"damage_taken":[{"damage":8,"enemies":"2 Louse","floor":1,"turns":2},{"damage":1,"enemies":"Cultist","floor":3,"turns":3},{"damage":31,"enemies":"Lagavulin","floor":6,"turns":7},{"damage":0,"enemies":"Small Slimes","floor":7,"turns":4},{"damage":26,"enemies":"Exordium Thugs","floor":10,"turns":5},{"damage":18,"enemies":"Lots of Slimes","floor":11,"turns":4},{"damage":1,"enemies":"Large Slime","floor":13,"turns":5},{"damage":14,"enemies":"3 Louse","floor":14,"turns":4},{"damage":27,"enemies":"Slime Boss","floor":16,"turns":7},{"damage":38,"enemies":"Shell Parasite","floor":18,"turns":7},{"damage":36,"enemies":"2 Thieves","floor":20,"turns":5},{"damage":30,"enemies":"Snecko","floor":21,"turns":6},{"damage":27,"enemies":"Cultist and Chosen","floor":23,"turns":4},{"damage":36,"enemies":"Snake Plant","floor":27,"turns":3}],"seed_played":"5817108583798503748","potions_obtained":[{"floor":6,"key":"SkillPotion"},{"floor":10,"key":"Explosive Potion"},{"floor":13,"key":"Fruit Juice"},{"floor":14,"key":"Weak Potion"},{"floor":21,"key":"SpeedPotion"}],"is_trial":false,"path_per_floor":["M","?","M","?","?","E","M","R","T","M","M","?","M","M","R","B",null,"M","?","M","M","?","M","T","R","T","M"],"character_chosen":"DEFECT","items_purchased":[],"campfire_rested":3,"item_purchase_floors":[],"current_hp_per_floor":[74,74,73,73,73,56,56,84,84,58,40,64,68,54,84,57,101,63,111,75,45,29,2,2,35,35,0],"gold":470,"neow_bonus":"TEN_PERCENT_HP_BONUS","is_prod":false,"is_daily":false,"chose_seed":false,"campfire_upgraded":0,"win_rate":0,"timestamp":1544669232,"path_taken":["M","?","?","?","?","E","?","R","T","?","M","?","M","M","R","BOSS","M","?","M","?","?","M","?","R","T","M"],"build_version":"2018-12-06","purchased_purges":0,"victory":false,"max_hp_per_floor":[82,82,82,82,82,96,96,96,96,96,96,96,101,101,101,101,101,101,111,111,111,111,111,111,111,111,111],"card_choices":[{"not_picked":["Hologram","Cold Snap"],"picked":"Hello World","floor":1},{"not_picked":["Streamline","Cold Snap"],"picked":"BootSequence","floor":3},{"not_picked":["Beam Cell","Barrage"],"picked":"Fission","floor":6},{"not_picked":["Redo","Sweeping Beam"],"picked":"Tempest","floor":7},{"not_picked":["Redo","Sweeping Beam"],"picked":"Defragment","floor":10},{"not_picked":["Reprogram","Leap"],"picked":"Skim","floor":11},{"not_picked":["Aggregate","Coolheaded"],"picked":"Beam Cell","floor":13},{"not_picked":["Consume","Reprogram"],"picked":"Redo","floor":14},{"not_picked":["Meteor Strike","Echo Form"],"picked":"Multi-Cast","floor":16},{"not_picked":["Melter","Turbo"],"picked":"Static Discharge+1","floor":18},{"not_picked":["Recycle","Cold Snap+1"],"picked":"Darkness","floor":20},{"not_picked":["Auto Shields","Cold Snap+1"],"picked":"Barrage+1","floor":21},{"not_picked":["Beam Cell","Lockon"],"picked":"Recycle+1","floor":23}],"player_experience":237041,"relics_obtained":[{"floor":6,"key":"Mango"},{"floor":9,"key":"Incense Burner"},{"floor":22,"key":"Necronomicon"},{"floor":24,"key":"Meat on the Bone"},{"floor":26,"key":"PreservedInsect"}],"event_choices":[{"damage_healed":0,"gold_gain":0,"player_choice":"Ignored","damage_taken":0,"max_hp_gain":0,"max_hp_loss":0,"event_name":"NoteForYourself","floor":2,"gold_loss":0},{"damage_healed":0,"gold_gain":0,"player_choice":"Ignored","damage_taken":0,"max_hp_gain":0,"max_hp_loss":0,"event_name":"Golden Wing","floor":4,"gold_loss":0},{"cards_removed":["Hello World"],"damage_healed":0,"gold_gain":0,"player_choice":"Gave Card","damage_taken":0,"relics_obtained":["StoneCalendar"],"max_hp_gain":0,"max_hp_loss":0,"event_name":"WeMeetAgain","floor":5,"gold_loss":0},{"damage_healed":24,"gold_gain":0,"player_choice":"Healed and dodged fight","damage_taken":0,"max_hp_gain":0,"max_hp_loss":0,"event_name":"Mushrooms","floor":12,"gold_loss":0,"cards_obtained":["Parasite"]},{"cards_removed":["Fission"],"damage_healed":38,"gold_gain":0,"player_choice":"Offered Rare","damage_taken":0,"max_hp_gain":10,"max_hp_loss":0,"event_name":"Bonfire Elementals","floor":19,"gold_loss":0},{"damage_healed":0,"gold_gain":0,"player_choice":"Obtained Book","damage_taken":16,"max_hp_gain":0,"max_hp_loss":0,"event_name":"Cursed Tome","floor":22,"gold_loss":0}],"is_beta":false,"boss_relics":[{"not_picked":["FrozenCore","Snecko Eye"],"picked":"Black Star"}],"items_purged_floors":[],"is_endless":false,"potions_floor_spawned":[6,10,13,14,21],"killed_by":"Snake Plant","ascension_level":0}