{"gold_per_floor":[116,116,140,161,161,161,499,499,499,515,556,569,569,549,549,678,678,693,743,758,858,877,877,921,921,921,937,957,882,106,106,106,235,235,258,258,258,383,383,383,53,73,124,195,234,255,255,79,79,79],"floor_reached":50,"playtime":2601,"items_purged":["Strike_R"],"score":704,"play_id":"c567bae7-bfd8-48b7-b285-cabde1607d1c","local_time":"20190409192419","is_ascension_mode":true,"campfire_choices":[{"data":"Thunderclap","floor":6,"key":"SMITH"},{"data":"Iron Wave","floor":8,"key":"SMITH"},{"floor":13,"key":"REST"},{"data":"Havoc","floor":15,"key":"SMITH"},{"data":"Anger","floor":23,"key":"SMITH"},{"data":"Immolate","floor":25,"key":"SMITH"},{"floor":32,"key":"REST"},{"floor":40,"key":"REST"},{"floor":47,"key":"REST"},{"data":"True Grit","floor":49,"key":"SMITH"}],"neow_cost":"NONE","seed_source_timestamp":33247879906876,"circlet_count":0,"master_deck":["Strike_R","Strike_R","Strike_R","Defend_R","Defend_R","Defend_R","Defend_R","Bash","Thunderclap+1","Shrug It Off","Battle Trance","Iron Wave+1","Headbutt","Havoc+1","Inflame","Immolate+1","Iron Wave","Spot Weakness+1","Anger+1","Inflame","Sword Boomerang+1","Shrug It Off","Exhume+1","Uppercut","Offering","Power Through","Cleave+1","Ghostly Armor+1","Second Wind","True Grit","The Bomb","Shrug It Off","Feel No Pain","Ghostly Armor+1","True Grit+1","Thinking Ahead"],"relics":["Burning Blood","Pen Nib","Golden Idol","Omamori","Old Coin","Gremlin Horn","Anchor","Mark of Pain","Pear","Self Forming Clay","Frozen Eye","Darkstone Periapt","Orrery","Calipers","SsserpentHead","Meat on the Bone","Happy Flower","Mercury Hourglass"],"potions_floor_usage":[7,12,22,38,44,50,50],"damage_taken":[{"damage":1,"enemies":"2 Louse","floor":1,"turns":2},{"damage":12,"enemies":"Jaw Worm","floor":3,"turns":3},{"damage":0,"enemies":"Small Slimes","floor":4,"turns":3},{"damage":17,"enemies":"3 Sentries","floor":7,"turns":7},{"damage":0,"enemies":"2 Fungi Beasts","floor":10,"turns":3},{"damage":36,"enemies":"Lagavulin","floor":11,"turns":8},{"damage":0,"enemies":"Gremlin Gang","floor":12,"turns":4},{"damage":14,"enemies":"Slime Boss","floor":16,"turns":8},{"damage":7,"enemies":"2 Thieves","floor":18,"turns":2},{"damage":5,"enemies":"3 Byrds","floor":20,"turns":4},{"damage":31,"enemies":"Snake Plant","floor":22,"turns":4},{"damage":0,"enemies":"Gremlin Leader","floor":24,"turns":3},{"damage":15,"enemies":"Shelled Parasite and Fungi","floor":27,"turns":3},{"damage":33,"enemies":"Snecko","floor":28,"turns":4},{"damage":21,"enemies":"Automaton","floor":33,"turns":6},{"damage":17,"enemies":"Orb Walker","floor":35,"turns":4},{"damage":11,"enemies":"Mind Bloom Boss Battle","floor":38,"turns":5},{"damage":16,"enemies":"3 Darklings","floor":42,"turns":3},{"damage":13,"enemies":"Spire Growth","floor":44,"turns":6},{"damage":40,"enemies":"Reptomancer","floor":45,"turns":5},{"damage":24,"enemies":"Maw","floor":46,"turns":7},{"damage":86,"enemies":"Awakened One","floor":50,"turns":10}],"seed_played":"-5058468751733247096","potions_obtained":[{"floor":1,"key":"SpeedPotion"},{"floor":7,"key":"GamblersBrew"},{"floor":10,"key":"FairyPotion"},{"floor":11,"key":"Fire Potion"},{"floor":18,"key":"Regen Potion"},{"floor":20,"key":"Fire Potion"},{"floor":27,"key":"Energy Potion"},{"floor":38,"key":"Block Potion"},{"floor":45,"key":"LiquidBronze"}],"is_trial":false,"path_per_floor":["M","?","M","M","?","R","E","R","T","M","E","M","R","?","R","B",null,"M","?","M","?","M","R","E","R","T","M","M","?","$","?","R","B",null,"M","?","?","?","?","R","$","M","T","M","E","M","R","$","R","B"],"character_chosen":"IRONCLAD","items_purchased":["Shrug It Off","Exhume","Frozen Eye","Uppercut","Darkstone Periapt","Meat on the Bone","Feel No Pain","Thinking Ahead"],"campfire_rested":4,"item_purchase_floors":[30,30,30,30,30,41,41,48],"current_hp_per_floor":[80,74,68,74,62,62,51,51,51,57,27,33,55,55,55,47,67,66,66,67,67,51,51,67,67,67,58,31,31,31,31,56,41,73,62,62,62,57,57,82,82,72,72,65,43,37,62,62,62,0],"gold":79,"neow_bonus":"RANDOM_COMMON_RELIC","is_prod":false,"is_daily":false,"chose_seed":false,"campfire_upgraded":6,"win_rate":0,"timestamp":1554830659,"path_taken":["M","?","M","M","?","R","E","R","T","M","E","M","R","?","R","BOSS","M","?","?","?","M","R","E","R","T","M","?","?","$","?","R","BOSS","M","?","?","?","?","R","$","M","T","?","E","M","R","$","R","BOSS"],"build_version":"2019-01-23","purchased_purges":1,"victory":false,"max_hp_per_floor":[80,74,74,74,74,74,74,74,74,74,74,74,74,74,74,74,74,74,74,74,74,74,74,84,84,84,84,84,84,84,84,84,84,84,84,84,84,84,84,84,84,84,84,84,84,84,84,84,84,84],"card_choices":[{"not_picked":["Rupture","Seeing Red"],"picked":"Thunderclap","floor":1},{"not_picked":["Sever Soul","Twin Strike"],"picked":"Shrug It Off","floor":3},{"not_picked":["Twin Strike","Power Through"],"picked":"Battle Trance","floor":4},{"not_picked":["Heavy Blade","Intimidate"],"picked":"Iron Wave","floor":7},{"not_picked":["Anger","Metallicize"],"picked":"Headbutt","floor":10},{"not_picked":["Headbutt","Blood for Blood"],"picked":"Havoc","floor":11},{"not_picked":["Feed","Heavy Blade"],"picked":"Inflame","floor":12},{"not_picked":["Double Tap","Demon Form"],"picked":"Immolate","floor":16},{"not_picked":["Clothesline","Corruption"],"picked":"Iron Wave","floor":18},{"not_picked":["Seeing Red","Pommel Strike"],"picked":"Spot Weakness+1","floor":20},{"not_picked":["Fire Breathing","Immolate"],"picked":"Anger","floor":22},{"not_picked":["Iron Wave","Twin Strike","Wild Strike+1"],"picked":"SKIP","floor":24},{"not_picked":["Uppercut","Ghostly Armor+1"],"picked":"Inflame","floor":27},{"not_picked":["Carnage","Anger"],"picked":"Sword Boomerang+1","floor":28},{"not_picked":["Fiend Fire","Double Tap"],"picked":"Offering","floor":33},{"not_picked":["Anger","Spot Weakness"],"picked":"Power Through","floor":34},{"not_picked":["Body Slam","Anger"],"picked":"Cleave+1","floor":34},{"not_picked":["Hemokinesis","Warcry"],"picked":"Ghostly Armor+1","floor":34},{"not_picked":["Body Slam+1","Hemokinesis"],"picked":"Second Wind","floor":34},{"not_picked":["Armaments+1","Cleave+1"],"picked":"True Grit","floor":35},{"not_picked":["Swift Strike","Impatience"],"picked":"The Bomb","floor":37},{"not_picked":["Flex","Sword Boomerang+1"],"picked":"Shrug It Off","floor":38},{"not_picked":["Clothesline+1","Clash+1"],"picked":"Ghostly Armor+1","floor":42},{"not_picked":["Second Wind+1","Sword Boomerang"],"picked":"True Grit","floor":44},{"not_picked":["Sever Soul+1","Spot Weakness+1","Pommel Strike"],"picked":"SKIP","floor":45},{"not_picked":["Wild Strike","Headbutt","Infernal Blade"],"picked":"SKIP","floor":46}],"player_experience":279424,"relics_obtained":[{"floor":7,"key":"Old Coin"},{"floor":9,"key":"Gremlin Horn"},{"floor":11,"key":"Anchor"},{"floor":24,"key":"Pear"},{"floor":26,"key":"Self Forming Clay"},{"floor":38,"key":"Calipers"},{"floor":43,"key":"Happy Flower"},{"floor":45,"key":"Mercury Hourglass"}],"event_choices":[{"damage_healed":0,"gold_gain":0,"player_choice":"Lose Max HP","damage_taken":0,"relics_obtained":["Golden Idol"],"max_hp_gain":0,"max_hp_loss":6,"event_name":"Golden Idol","floor":2,"gold_loss":0},{"damage_healed":0,"gold_gain":0,"player_choice":"Success","damage_taken":12,"relics_obtained":["Omamori"],"max_hp_gain":0,"max_hp_loss":0,"event_name":"Scrap Ooze","floor":5,"gold_loss":0},{"damage_healed":0,"gold_gain":0,"player_choice":"Left Gold","damage_taken":0,"max_hp_gain":0,"max_hp_loss":0,"event_name":"World of Goop","floor":14,"gold_loss":20},{"damage_healed":0,"gold_gain":100,"player_choice":"Bet on Murderer","damage_taken":0,"max_hp_gain":0,"max_hp_loss":0,"event_name":"The Joust","floor":19,"gold_loss":50},{"damage_healed":0,"gold_gain":100,"player_choice":"Pray","damage_taken":0,"max_hp_gain":0,"max_hp_loss":0,"event_name":"Golden Shrine","floor":21,"gold_loss":0},{"cards_removed":["Strike_R"],"damage_healed":0,"gold_gain":0,"player_choice":"Gave Gold","damage_taken":0,"max_hp_gain":0,"max_hp_loss":0,"event_name":"Beggar","floor":29,"gold_loss":75},{"damage_healed":0,"gold_gain":0,"player_choice":"Forge","damage_taken":0,"max_hp_gain":0,"max_hp_loss":0,"event_name":"Accursed Blacksmith","floor":31,"gold_loss":0,"cards_upgraded":["Exhume"]},{"damage_healed":0,"gold_gain":0,"player_choice":"Ignored","damage_taken":0,"max_hp_gain":0,"max_hp_loss":0,"event_name":"Mysterious Sphere","floor":36,"gold_loss":0},{"damage_healed":0,"gold_gain":0,"player_choice":"Memory 1","damage_taken":0,"max_hp_gain":0,"max_hp_loss":0,"event_name":"SensoryStone","floor":37,"gold_loss":0},{"damage_healed":0,"gold_gain":0,"player_choice":"Fight","damage_taken":0,"max_hp_gain":0,"max_hp_loss":0,"event_name":"MindBloom","floor":38,"gold_loss":0},{"damage_healed":0,"gold_gain":0,"player_choice":"Trade","damage_taken":0,"relics_obtained":["SsserpentHead"],"max_hp_gain":0,"max_hp_loss":0,"event_name":"FaceTrader","floor":39,"gold_loss":0}],"is_beta":false,"boss_relics":[{"not_picked":["Snecko Eye","Cursed Key"],"picked":"Mark of Pain"},{"not_picked":["Coffee Dripper","Philosopher\u0027s Stone"],"picked":"Orrery"}],"items_purged_floors":[30],"is_endless":false,"potions_floor_spawned":[1,7,10,11,18,20,27,35,38,45],"killed_by":"Awakened One","ascension_level":5}