{"gold_per_floor":[111,131,147,147,147,191,211,242,269,269,289,27,45,65,65,193,193,212,59,0,19,19,59,59,92,172,172,172,205,219,232,232,232],"floor_reached":33,"playtime":1349,"items_purged":["Strike_R"],"score":380,"play_id":"7e6765ae-bbfc-4201-97ab-9d2a5b4be7f9","local_time":"20190325140756","is_ascension_mode":true,"campfire_choices":[{"floor":10,"key":"REST"},{"data":"Hemokinesis","floor":15,"key":"SMITH"},{"floor":24,"key":"REST"},{"floor":27,"key":"REST"},{"data":"Fiend Fire","floor":32,"key":"SMITH"}],"neow_cost":"NONE","seed_source_timestamp":213970555102719,"circlet_count":0,"master_deck":["Strike_R","Strike_R","Strike_R","Strike_R","Defend_R","Defend_R","Defend_R","Defend_R","Bash+1","Spot Weakness","Cleave","Anger","Shrug It Off","Cleave","Armaments","Hemokinesis+1","Bludgeon","Havoc","Offering","Shrug It Off","Metallicize","True Grit","Fiend Fire+1","Seeing Red","Shockwave+1","Corruption+1","Rupture+1"],"relics":["Burning Blood","Golden Idol","Centennial Puzzle","Pen Nib","Blood Vial","Paper Frog","Runic Cube","Frozen Egg 2","Vajra","Orichalcum","Question Card","The Courier"],"potions_floor_usage":[8,25,29,33,33],"damage_taken":[{"damage":9,"enemies":"2 Louse","floor":1,"turns":3},{"damage":2,"enemies":"Jaw Worm","floor":2,"turns":3},{"damage":1,"enemies":"Cultist","floor":3,"turns":3},{"damage":7,"enemies":"Gremlin Nob","floor":6,"turns":3},{"damage":16,"enemies":"Gremlin Gang","floor":7,"turns":4},{"damage":17,"enemies":"Lagavulin","floor":8,"turns":6},{"damage":5,"enemies":"Exordium Wildlife","floor":11,"turns":3},{"damage":4,"enemies":"2 Fungi Beasts","floor":13,"turns":2},{"damage":8,"enemies":"Gremlin Gang","floor":14,"turns":4},{"damage":53,"enemies":"Hexaghost","floor":16,"turns":9},{"damage":18,"enemies":"3 Byrds","floor":18,"turns":3},{"damage":22,"enemies":"2 Thieves","floor":21,"turns":3},{"damage":36,"enemies":"Book of Stabbing","floor":23,"turns":4},{"damage":30,"enemies":"Slavers","floor":25,"turns":3},{"damage":25,"enemies":"Gremlin Leader","floor":29,"turns":3},{"damage":9,"enemies":"Snecko","floor":30,"turns":3},{"damage":8,"enemies":"Sentry and Sphere","floor":31,"turns":2},{"damage":78,"enemies":"Automaton","floor":33,"turns":6}],"seed_played":"5959691995109182057","potions_obtained":[{"floor":1,"key":"Dexterity Potion"},{"floor":6,"key":"Weak Potion"},{"floor":11,"key":"Poison Potion"},{"floor":14,"key":"Block Potion"},{"floor":16,"key":"Explosive Potion"},{"floor":31,"key":"Strength Potion"}],"is_trial":false,"path_per_floor":["M","M","M","?","?","E","M","E","T","R","M","$","M","M","R","B",null,"M","$","?","M","T","E","R","E","T","R","?","E","M","M","R","B"],"character_chosen":"IRONCLAD","items_purchased":["Paper Frog","Metallicize"],"campfire_rested":3,"item_purchase_floors":[12,19],"current_hp_per_floor":[77,80,80,60,60,59,49,38,38,62,65,65,69,69,69,24,80,68,68,68,54,54,26,50,28,28,52,52,35,34,34,34,0],"gold":232,"neow_bonus":"UPGRADE_CARD","is_prod":false,"is_daily":false,"chose_seed":false,"campfire_upgraded":2,"win_rate":0,"timestamp":1553544476,"path_taken":["M","M","M","?","?","E","M","E","T","R","M","$","M","M","R","BOSS","M","$","?","M","?","E","R","E","T","R","?","E","M","M","R","BOSS"],"build_version":"2019-01-23","purchased_purges":1,"victory":false,"max_hp_per_floor":[80,80,80,80,80,80,80,80,80,80,80,80,80,80,80,80,80,80,80,80,80,80,80,80,80,80,80,80,80,80,80,80,80],"card_choices":[{"not_picked":["Clash","Armaments"],"picked":"Spot Weakness","floor":1},{"not_picked":["Body Slam","Pommel Strike"],"picked":"Cleave","floor":2},{"not_picked":["Pommel Strike","Perfected Strike"],"picked":"Anger","floor":3},{"not_picked":["Flex","Dual Wield"],"picked":"Shrug It Off","floor":6},{"not_picked":["Warcry","Thunderclap"],"picked":"Cleave","floor":7},{"not_picked":["Cleave","Headbutt"],"picked":"Armaments","floor":8},{"not_picked":["Heavy Blade","Corruption"],"picked":"Hemokinesis","floor":11},{"not_picked":["Perfected Strike","Clash"],"picked":"Bludgeon","floor":13},{"not_picked":["Dual Wield","Sentinel"],"picked":"Havoc","floor":14},{"not_picked":["Berserk","Brutality"],"picked":"Offering","floor":16},{"not_picked":["Cleave","Anger"],"picked":"Shrug It Off","floor":18},{"not_picked":["Thunderclap","Clash"],"picked":"True Grit","floor":21},{"not_picked":["Wild Strike","Body Slam"],"picked":"Fiend Fire","floor":23},{"not_picked":["Body Slam","Perfected Strike"],"picked":"Seeing Red","floor":25},{"not_picked":["Wild Strike","Anger+1","Exhume"],"picked":"Shockwave+1","floor":29},{"not_picked":["Twin Strike+1","Headbutt+1","Sword Boomerang"],"picked":"Corruption+1","floor":30},{"not_picked":["Sword Boomerang","Battle Trance","Fire Breathing+1"],"picked":"Rupture+1","floor":31}],"player_experience":325425,"relics_obtained":[{"floor":6,"key":"Centennial Puzzle"},{"floor":8,"key":"Pen Nib"},{"floor":9,"key":"Blood Vial"},{"floor":22,"key":"Frozen Egg 2"},{"floor":23,"key":"Vajra"},{"floor":25,"key":"Orichalcum"},{"floor":26,"key":"Question Card"},{"floor":29,"key":"The Courier"}],"event_choices":[{"damage_healed":0,"gold_gain":0,"player_choice":"Take Damage","damage_taken":20,"relics_obtained":["Golden Idol"],"max_hp_gain":0,"max_hp_loss":0,"event_name":"Golden Idol","floor":4,"gold_loss":0},{"damage_healed":0,"gold_gain":0,"player_choice":"Ignored","damage_taken":0,"max_hp_gain":0,"max_hp_loss":0,"event_name":"Liars Game","floor":5,"gold_loss":0},{"damage_healed":0,"gold_gain":0,"player_choice":"Paid Fearfully","damage_taken":0,"max_hp_gain":0,"max_hp_loss":0,"event_name":"Masked Bandits","floor":20,"gold_loss":59},{"damage_healed":0,"gold_gain":0,"player_choice":"Ignored","damage_taken":0,"max_hp_gain":0,"max_hp_loss":0,"event_name":"N\u0027loth","floor":28,"gold_loss":0}],"is_beta":false,"boss_relics":[{"not_picked":["Astrolabe","Sozu"],"picked":"Runic Cube"}],"items_purged_floors":[19],"is_endless":false,"potions_floor_spawned":[1,6,11,14,16,23,31],"killed_by":"Automaton","ascension_level":4}