{"gold_per_floor":[119,119,137,62,78,112,112,12,38,56,67,67,67,79,79,178,178,191,191,201,220,36,36],"floor_reached":23,"playtime":1965,"items_purged":["Strike_G","Strike_G"],"score":290,"play_id":"d0f6cbd6-6d40-40bf-9ec1-c0aaaadce558","local_time":"20190308192613","is_ascension_mode":true,"campfire_choices":[{"data":"Glass Knife","floor":7,"key":"SMITH"},{"floor":12,"key":"REST"},{"floor":15,"key":"REST"}],"neow_cost":"CURSE","seed_source_timestamp":1208948361725049,"circlet_count":0,"master_deck":["AscendersBane","Defend_G","Defend_G+1","Defend_G","Defend_G+1","Strike_G","Strike_G","Survivor","Neutralize","Glass Knife+1","Dash","PiercingWail","Tools of the Trade","Backflip","Die Die Die","Well Laid Plans","Reflex","Die Die Die"],"relics":["Ring of the Snake","Blood Vial","War Paint","Bronze Scales","Empty Cage","NlothsMask"],"potions_floor_usage":[6,16,16,16,23],"damage_taken":[{"damage":2,"enemies":"Jaw Worm","floor":1,"turns":4},{"damage":8,"enemies":"Cultist","floor":3,"turns":4},{"damage":0,"enemies":"2 Louse","floor":5,"turns":2},{"damage":20,"enemies":"Gremlin Nob","floor":6,"turns":5},{"damage":4,"enemies":"Lots of Slimes","floor":10,"turns":6},{"damage":11,"enemies":"Large Slime","floor":11,"turns":9},{"damage":11,"enemies":"Gremlin Gang","floor":14,"turns":4},{"damage":7,"enemies":"The Guardian","floor":16,"turns":13},{"damage":0,"enemies":"Chosen","floor":18,"turns":6},{"damage":22,"enemies":"Spheric Guardian","floor":20,"turns":4},{"damage":30,"enemies":"Shelled Parasite and Fungi","floor":21,"turns":8},{"damage":27,"enemies":"Slavers","floor":23,"turns":3}],"seed_played":"-683243356926589128","potions_obtained":[{"floor":3,"key":"SkillPotion"},{"floor":6,"key":"Strength Potion"},{"floor":10,"key":"Dexterity Potion"},{"floor":14,"key":"Weak Potion"},{"floor":20,"key":"GhostInAJar"}],"is_trial":false,"path_per_floor":["M","?","M","$","M","E","R","$","T","M","M","R","?","M","R","B",null,"M","?","M","M","$","E"],"character_chosen":"THE_SILENT","items_purchased":["Reflex","Die Die Die"],"campfire_rested":2,"item_purchase_floors":[22,22],"current_hp_per_floor":[61,61,53,53,53,33,33,33,33,31,22,43,43,34,55,50,65,67,67,47,19,19,0],"gold":36,"neow_bonus":"THREE_RARE_CARDS","is_prod":false,"is_daily":false,"chose_seed":false,"campfire_upgraded":1,"win_rate":0,"timestamp":1552073173,"path_taken":["M","?","M","$","?","E","R","$","T","M","M","R","?","M","R","BOSS","M","?","M","M","$","E"],"build_version":"2019-01-23","purchased_purges":2,"victory":false,"max_hp_per_floor":[70,70,70,70,70,70,70,70,70,70,70,70,70,70,70,70,70,70,70,70,70,70,70],"card_choices":[{"not_picked":["Malaise","Storm of Steel"],"picked":"Glass Knife","floor":0},{"not_picked":["Accuracy","Underhanded Strike","Choke"],"picked":"SKIP","floor":1},{"not_picked":["Blade Dance","Slice"],"picked":"Dash","floor":3},{"not_picked":["Concentrate","Dagger Spray","Skewer"],"picked":"SKIP","floor":5},{"not_picked":["Deadly Poison","Catalyst"],"picked":"PiercingWail","floor":6},{"not_picked":["Blade Dance","Bane"],"picked":"Tools of the Trade","floor":10},{"not_picked":["Setup","Calculated Gamble"],"picked":"Backflip","floor":11},{"not_picked":["Acrobatics","Dagger Throw","Dodge and Roll"],"picked":"SKIP","floor":14},{"not_picked":["Doppelganger","Malaise"],"picked":"Die Die Die","floor":16},{"not_picked":["Bane+1","Expertise"],"picked":"Well Laid Plans","floor":18},{"not_picked":["Deadly Poison+1","Outmaneuver","Bane"],"picked":"SKIP","floor":20},{"not_picked":["Riddle With Holes","Dagger Throw","Choke"],"picked":"SKIP","floor":21}],"player_experience":1532566,"relics_obtained":[{"floor":6,"key":"Blood Vial"},{"floor":9,"key":"War Paint"}],"event_choices":[{"cards_removed":["Writhe"],"damage_healed":0,"gold_gain":0,"player_choice":"Removed Curses","damage_taken":0,"max_hp_gain":0,"max_hp_loss":0,"event_name":"Fountain of Cleansing","floor":2,"gold_loss":0},{"damage_healed":0,"gold_gain":0,"player_choice":"Searched \u00271\u0027 times","damage_taken":0,"relics_obtained":["Bronze Scales"],"max_hp_gain":0,"max_hp_loss":0,"event_name":"Dead Adventurer","floor":13,"gold_loss":0},{"damage_healed":0,"gold_gain":0,"player_choice":"Trade","damage_taken":0,"relics_obtained":["NlothsMask"],"max_hp_gain":0,"max_hp_loss":0,"event_name":"FaceTrader","floor":19,"gold_loss":0}],"is_beta":false,"boss_relics":[{"not_picked":["Lizard Tail","Orrery"],"picked":"Empty Cage"}],"items_purged_floors":[4,8],"is_endless":false,"potions_floor_spawned":[3,6,10,14,20],"killed_by":"Slavers","ascension_level":10}