{"gold_per_floor":[112,187,187,187,115,115,129,129,153,77,96,122,72,85,85,182,182,201,201,201,300,300,300,315,315,342,354,379,391,415,427],"floor_reached":31,"playtime":2205,"items_purged":[],"score":231,"play_id":"91b0779f-9b6b-45d2-b319-91eafd39da86","local_time":"20181213175155","is_ascension_mode":false,"campfire_choices":[{"floor":6,"key":"REST"},{"floor":8,"key":"REST"},{"floor":15,"key":"REST"},{"floor":23,"key":"REST"},{"floor":25,"key":"REST"},{"floor":29,"key":"REST"}],"neow_cost":"NONE","seed_source_timestamp":73862577597062,"circlet_count":0,"master_deck":["Strike_B","Strike_B","Strike_B","Strike_B","Defend_B","Defend_B+1","Defend_B+1","Defend_B","Zap","Dualcast+1","Storm+1","Loop","Conserve Battery","Heatsinks","Tempest","Reinforced Body","Sunder","Heatsinks+1","Undo","Creative AI","FTL+1"],"relics":["Cracked Core","Bronze Scales","War Paint","Pen Nib","PreservedInsect","Black Star","MutagenicStrength","Dodecahedron","MawBank","Sundial"],"potions_floor_usage":[12,16],"damage_taken":[{"damage":6,"enemies":"Jaw Worm","floor":1,"turns":3},{"damage":7,"enemies":"Small Slimes","floor":7,"turns":2},{"damage":5,"enemies":"2 Louse","floor":11,"turns":2},{"damage":17,"enemies":"Gremlin Nob","floor":12,"turns":4},{"damage":2,"enemies":"2 Fungi Beasts","floor":14,"turns":3},{"damage":30,"enemies":"Hexaghost","floor":16,"turns":9},{"damage":5,"enemies":"Spheric Guardian","floor":18,"turns":5},{"damage":44,"enemies":"Colosseum Slavers","floor":22,"turns":4},{"damage":25,"enemies":"2 Thieves","floor":24,"turns":4},{"damage":25,"enemies":"Cultist and Chosen","floor":28,"turns":6},{"damage":17,"enemies":"Chosen and Byrds","floor":30,"turns":5},{"damage":35,"enemies":"3 Cultists","floor":31,"turns":4}],"seed_played":"-2393898489409410415","potions_obtained":[{"floor":1,"key":"PowerPotion"},{"floor":14,"key":"GamblersBrew"},{"floor":30,"key":"SteroidPotion"}],"is_trial":false,"path_per_floor":["M","?","?","?","$","R","M","R","T","$","M","E","?","M","R","B",null,"M","?","T","?","?","R","M","R","T","?","M","R","M","M"],"character_chosen":"DEFECT","items_purchased":["Loop","Heatsinks"],"campfire_rested":6,"item_purchase_floors":[5,10],"current_hp_per_floor":[69,58,43,43,43,65,58,75,75,75,70,53,53,51,73,43,75,70,70,70,70,26,48,23,45,45,45,20,42,25,0],"gold":427,"neow_bonus":"RANDOM_COMMON_RELIC","is_prod":false,"is_daily":false,"chose_seed":false,"campfire_upgraded":0,"win_rate":0,"timestamp":1544752315,"path_taken":["M","?","?","?","$","R","M","R","T","$","M","E","?","M","R","BOSS","M","?","?","?","?","R","M","R","T","?","M","R","M","M"],"build_version":"2018-12-13","purchased_purges":0,"victory":false,"max_hp_per_floor":[75,75,75,75,75,75,75,75,75,75,75,75,75,75,75,75,75,75,75,75,75,75,75,75,75,75,75,75,75,75,75],"card_choices":[{"not_picked":["Chaos","Rebound"],"picked":"Storm","floor":1},{"not_picked":["Sweeping Beam","Reinforced Body"],"picked":"Conserve Battery","floor":7},{"not_picked":["Gash","Rebound"],"picked":"Tempest","floor":11},{"not_picked":["Sweeping Beam","Recycle"],"picked":"Reinforced Body","floor":12},{"not_picked":["Rip and Tear","Beam Cell"],"picked":"Sunder","floor":14},{"not_picked":["Amplify","Biased Cognition"],"picked":"Machine Learning","floor":16},{"not_picked":["Barrage","Conserve Battery"],"picked":"Heatsinks+1","floor":18},{"not_picked":["Compile Driver","Barrage"],"picked":"Undo","floor":24},{"not_picked":["Darkness+1","Gash"],"picked":"Creative AI","floor":28},{"not_picked":["Darkness","Conserve Battery"],"picked":"FTL+1","floor":30}],"player_experience":245850,"relics_obtained":[{"floor":9,"key":"Pen Nib"},{"floor":12,"key":"PreservedInsect"},{"floor":20,"key":"Dodecahedron"},{"floor":26,"key":"MawBank"}],"event_choices":[{"damage_healed":0,"gold_gain":75,"player_choice":"Gather Gold","damage_taken":11,"max_hp_gain":0,"max_hp_loss":0,"event_name":"World of Goop","floor":2,"gold_loss":0},{"damage_healed":0,"gold_gain":0,"player_choice":"Entered Light","damage_taken":15,"max_hp_gain":0,"max_hp_loss":0,"event_name":"Shining Light","floor":3,"gold_loss":0,"cards_upgraded":["Storm","Defend_B"]},{"damage_healed":0,"gold_gain":0,"player_choice":"Box","damage_taken":0,"relics_obtained":["War Paint"],"max_hp_gain":0,"max_hp_loss":0,"event_name":"Big Fish","floor":4,"gold_loss":0,"cards_obtained":["Regret"]},{"cards_removed":["Regret"],"damage_healed":0,"gold_gain":0,"player_choice":"Card Removal","damage_taken":0,"max_hp_gain":0,"max_hp_loss":0,"event_name":"The Cleric","floor":13,"gold_loss":50},{"damage_healed":0,"gold_gain":0,"player_choice":"Inject Mutagens","damage_taken":0,"relics_obtained":["MutagenicStrength"],"max_hp_gain":0,"max_hp_loss":0,"event_name":"Drug Dealer","floor":19,"gold_loss":0},{"damage_healed":0,"gold_gain":99,"player_choice":"Stole From Cult","damage_taken":0,"max_hp_gain":0,"max_hp_loss":0,"event_name":"Nest","floor":21,"gold_loss":0},{"damage_healed":0,"gold_gain":0,"player_choice":"Fight","damage_taken":0,"max_hp_gain":0,"max_hp_loss":0,"event_name":"Colosseum","floor":22,"gold_loss":0},{"damage_healed":0,"gold_gain":0,"player_choice":"Fled From Nobs","damage_taken":0,"max_hp_gain":0,"max_hp_loss":0,"event_name":"Colosseum","floor":22,"gold_loss":0},{"cards_removed":["Machine Learning"],"damage_healed":0,"gold_gain":0,"player_choice":"Gave Card","damage_taken":0,"relics_obtained":["Sundial"],"max_hp_gain":0,"max_hp_loss":0,"event_name":"WeMeetAgain","floor":27,"gold_loss":0}],"is_beta":false,"boss_relics":[{"not_picked":["Philosopher\u0027s Stone","Runic Dome"],"picked":"Black Star"}],"items_purged_floors":[],"is_endless":false,"potions_floor_spawned":[1,14,22,30],"killed_by":"3 Cultists","ascension_level":0}