{"gold_per_floor":[116,116,135,135,154,154,169,169,169,186,214,30,41,59,59,157,157,167,177,177,102,117,117,147,147],"floor_reached":25,"playtime":1088,"items_purged":["Strike_G"],"score":328,"play_id":"fa82bb14-f89a-4ac2-9810-faef8d9af2fa","local_time":"20190424203713","is_ascension_mode":true,"campfire_choices":[{"data":"Cloak And Dagger","floor":6,"key":"SMITH"},{"data":"Crippling Poison","floor":8,"key":"SMITH"},{"floor":15,"key":"REST"},{"floor":23,"key":"REST"}],"neow_cost":"NONE","seed_source_timestamp":983589695961799,"circlet_count":0,"master_deck":["AscendersBane","Defend_G","Defend_G","Defend_G","Defend_G","Defend_G","Strike_G","Strike_G","Strike_G","Survivor","Neutralize","Cloak And Dagger+1","Infinite Blades","Crippling Poison+1","Terror","Poisoned Stab","Noxious Fumes","Noxious Fumes","Crippling Poison","Finisher","Infinite Blades","After Image","Dodge and Roll+1","PiercingWail","Necronomicurse","Choke+1"],"relics":["Ring of the Snake","Bird Faced Urn","Mummified Hand","Dodecahedron","Black Star","Necronomicon","Red Mask"],"potions_floor_usage":[10,16,16,24,24],"damage_taken":[{"damage":9,"enemies":"Cultist","floor":1,"turns":5},{"damage":0,"enemies":"Small Slimes","floor":3,"turns":5},{"damage":4,"enemies":"Jaw Worm","floor":5,"turns":4},{"damage":3,"enemies":"Looter","floor":7,"turns":4},{"damage":6,"enemies":"Exordium Wildlife","floor":10,"turns":4},{"damage":17,"enemies":"Lagavulin","floor":11,"turns":5},{"damage":16,"enemies":"Large Slime","floor":13,"turns":5},{"damage":8,"enemies":"Looter","floor":14,"turns":3},{"damage":4,"enemies":"The Guardian","floor":16,"turns":9},{"damage":18,"enemies":"Shell Parasite","floor":18,"turns":5},{"damage":15,"enemies":"Spheric Guardian","floor":19,"turns":4},{"damage":30,"enemies":"Snake Plant","floor":22,"turns":6},{"damage":12,"enemies":"Masked Bandits","floor":24,"turns":4},{"damage":38,"enemies":"Slavers","floor":25,"turns":3}],"seed_played":"-461323554812752738","potions_obtained":[{"floor":1,"key":"Explosive Potion"},{"floor":7,"key":"Explosive Potion"},{"floor":10,"key":"Dexterity Potion"},{"floor":19,"key":"LiquidBronze"},{"floor":22,"key":"SkillPotion"}],"is_trial":false,"path_per_floor":["M","T","M","?","M","R","M","R","T","M","E","$","M","M","R","B",null,"M","M","?","?","M","R","?","E"],"character_chosen":"THE_SILENT","items_purchased":["Noxious Fumes","Crippling Poison"],"campfire_rested":2,"item_purchase_floors":[12,12],"current_hp_per_floor":[54,54,56,49,47,47,46,46,46,42,27,27,17,13,34,38,62,54,47,31,31,11,32,30,0],"gold":147,"neow_bonus":"THREE_CARDS","is_prod":false,"is_daily":false,"chose_seed":false,"campfire_upgraded":2,"win_rate":0,"timestamp":1556163433,"path_taken":["M","?","M","?","M","R","?","R","T","M","E","$","M","M","R","BOSS","M","M","?","?","M","R","?","E"],"build_version":"2019-01-23","purchased_purges":1,"victory":false,"max_hp_per_floor":[70,70,70,70,70,70,70,70,70,70,70,70,70,70,70,70,70,70,70,70,70,70,70,70,70],"card_choices":[{"not_picked":["Prepared","Sucker Punch"],"picked":"Cloak And Dagger","floor":0},{"not_picked":["Underhanded Strike","Terror"],"picked":"Infinite Blades","floor":1},{"not_picked":["Deflect","Bane"],"picked":"Crippling Poison","floor":3},{"not_picked":["Sucker Punch","Backflip"],"picked":"Terror","floor":5},{"not_picked":["Outmaneuver","Blade Dance","Blur"],"picked":"SKIP","floor":7},{"not_picked":["Reflex","PiercingWail"],"picked":"Poisoned Stab","floor":10},{"not_picked":["Concentrate","Calculated Gamble"],"picked":"Noxious Fumes","floor":11},{"not_picked":["Flying Knee","Dagger Spray"],"picked":"Finisher","floor":13},{"not_picked":["Expertise","Bane"],"picked":"Infinite Blades","floor":14},{"not_picked":["Envenom","Wraith Form v2"],"picked":"After Image","floor":16},{"not_picked":["Deadly Poison","Bouncing Flask"],"picked":"Dodge and Roll+1","floor":18},{"not_picked":["Flying Knee","Underhanded Strike"],"picked":"PiercingWail","floor":19},{"not_picked":["Outmaneuver","Bane"],"picked":"Choke+1","floor":22}],"player_experience":301727,"relics_obtained":[{"floor":2,"key":"Bird Faced Urn"},{"floor":11,"key":"Dodecahedron"},{"floor":20,"key":"Necronomicon"},{"floor":24,"key":"Red Mask"}],"event_choices":[{"damage_healed":0,"gold_gain":0,"player_choice":"Success","damage_taken":7,"relics_obtained":["Mummified Hand"],"max_hp_gain":0,"max_hp_loss":0,"event_name":"Scrap Ooze","floor":4,"gold_loss":0},{"damage_healed":0,"gold_gain":0,"player_choice":"Obtained Book","damage_taken":16,"max_hp_gain":0,"max_hp_loss":0,"event_name":"Cursed Tome","floor":20,"gold_loss":0},{"cards_removed":["Strike_G"],"damage_healed":0,"gold_gain":0,"player_choice":"Gave Gold","damage_taken":0,"max_hp_gain":0,"max_hp_loss":0,"event_name":"Beggar","floor":21,"gold_loss":75},{"damage_healed":0,"gold_gain":0,"player_choice":"Fought Bandits","damage_taken":0,"max_hp_gain":0,"max_hp_loss":0,"event_name":"Masked Bandits","floor":24,"gold_loss":0}],"is_beta":false,"boss_relics":[{"not_picked":["Philosopher\u0027s Stone","Runic Dome"],"picked":"Black Star"}],"items_purged_floors":[12],"is_endless":false,"potions_floor_spawned":[1,7,10,11,19,22],"killed_by":"Slavers","ascension_level":12}