{"gold_per_floor":[114,132,144,155,173,173,199,199,199,225,225,235,267,277,277,382,382,395,414,430,443,443],"floor_reached":22,"playtime":1271,"items_purged":[],"score":307,"play_id":"d115a918-92d1-4a80-92bc-9e1853f0a4d4","local_time":"20190426231429","is_ascension_mode":true,"campfire_choices":[{"data":"Iron Wave","floor":6.0,"key":"SMITH"},{"data":"Iron Wave","floor":8.0,"key":"SMITH"},{"data":"Dual Wield","floor":11.0,"key":"SMITH"},{"data":"Cleave","floor":15.0,"key":"SMITH"}],"neow_cost":"TEN_PERCENT_HP_LOSS","seed_source_timestamp":1172213418602745,"circlet_count":0,"master_deck":["Strike_R","Strike_R","Strike_R","Defend_R","Defend_R","Defend_R","Defend_R","Bash","Iron Wave+1","Cleave+1","Iron Wave+1","Intimidate","Dual Wield+1","Impervious","Headbutt","Battle Trance","Offering","Headbutt","Juggernaut","Clash+1","Burning Pact","Shrug It Off+1"],"special_seed":0,"relics":["Black Blood","Singing Bowl","Kunai","Vajra"],"potions_floor_usage":[21],"damage_taken":[{"damage":6.0,"enemies":"Cultist","floor":1.0,"turns":3.0},{"damage":7.0,"enemies":"2 Louse","floor":2.0,"turns":4.0},{"damage":9.0,"enemies":"Small Slimes","floor":3.0,"turns":4.0},{"damage":7.0,"enemies":"Looter","floor":4.0,"turns":3.0},{"damage":5.0,"enemies":"3 Louse","floor":5.0,"turns":4.0},{"damage":16.0,"enemies":"Lagavulin","floor":7.0,"turns":6.0},{"damage":23.0,"enemies":"Gremlin Nob","floor":10.0,"turns":6.0},{"damage":7.0,"enemies":"Exordium Wildlife","floor":12.0,"turns":4.0},{"damage":16.0,"enemies":"Lagavulin","floor":13.0,"turns":7.0},{"damage":3.0,"enemies":"Lots of Slimes","floor":14.0,"turns":2.0},{"damage":18.0,"enemies":"Slime Boss","floor":16.0,"turns":6.0},{"damage":26.0,"enemies":"Chosen","floor":18.0,"turns":5.0},{"damage":24.0,"enemies":"Shell Parasite","floor":19.0,"turns":5.0},{"damage":25.0,"enemies":"Sentry and Sphere","floor":20.0,"turns":5.0},{"damage":13,"enemies":"Shelled Parasite and Fungi","floor":21,"turns":8},{"damage":18,"enemies":"Snake Plant","floor":22,"turns":4}],"seed_played":"-2222249545352468916","potions_obtained":[{"floor":1.0,"key":"Strength Potion"},{"floor":5.0,"key":"PowerPotion"},{"floor":7.0,"key":"Weak Potion"},{"floor":20.0,"key":"SteroidPotion"}],"is_trial":false,"path_per_floor":["M","M","M","M","M","R","E","R","T","E","R","M","E","M","R","B",null,"M","M","M","M","M"],"character_chosen":"IRONCLAD","items_purchased":[],"campfire_rested":0,"item_purchase_floors":[],"current_hp_per_floor":[72,71,68,67,68,68,58,58,58,41,41,40,30,33,33,21,59,43,29,16,13,0],"gold":443,"neow_bonus":"REMOVE_TWO","is_prod":false,"is_daily":false,"chose_seed":false,"campfire_upgraded":4,"win_rate":0,"timestamp":1556288069,"path_taken":["M","M","M","M","M","R","E","R","T","E","R","M","E","M","R","BOSS","M","M","M","M","M"],"build_version":"2019-01-23","purchased_purges":0,"victory":false,"max_hp_per_floor":[72,72,72,72,72,72,72,72,72,72,72,72,72,72,72,72,72,72,72,74,74,74],"card_choices":[{"not_picked":["Intimidate","Perfected Strike"],"picked":"Iron Wave","floor":1.0},{"not_picked":["Infernal Blade","Blood for Blood"],"picked":"Cleave","floor":2.0},{"not_picked":["Heavy Blade","Perfected Strike"],"picked":"Iron Wave","floor":3.0},{"not_picked":["Perfected Strike","Wild Strike"],"picked":"Intimidate","floor":4.0},{"not_picked":["Bloodletting","Pummel"],"picked":"Dual Wield","floor":5.0},{"not_picked":["Heavy Blade","Perfected Strike"],"picked":"Impervious","floor":7.0},{"not_picked":["Spot Weakness","Power Through"],"picked":"Headbutt","floor":10.0},{"not_picked":["Cleave","Infernal Blade"],"picked":"Battle Trance","floor":12.0},{"not_picked":["Hemokinesis","Ghostly Armor"],"picked":"Offering","floor":13.0},{"not_picked":["Burning Pact","Fire Breathing"],"picked":"Headbutt","floor":14.0},{"not_picked":["Limit Break","Offering"],"picked":"Juggernaut","floor":16.0},{"not_picked":["Headbutt","Rampage"],"picked":"Clash+1","floor":18.0},{"not_picked":["Reckless Charge","Hemokinesis+1"],"picked":"Burning Pact","floor":19.0},{"not_picked":["Power Through","Wild Strike","Anger"],"picked":"Singing Bowl","floor":20.0},{"not_picked":["Pommel Strike+1","Heavy Blade"],"picked":"Shrug It Off+1","floor":21}],"player_experience":437729,"relics_obtained":[{"floor":7.0,"key":"Singing Bowl"},{"floor":10.0,"key":"Kunai"},{"floor":13.0,"key":"Vajra"}],"event_choices":[],"is_beta":false,"boss_relics":[{"not_picked":["Velvet Choker","Ectoplasm"],"picked":"Black Blood"}],"items_purged_floors":[],"is_endless":false,"potions_floor_spawned":[1,5,7,20],"killed_by":"Snake Plant","ascension_level":9}