{"gold_per_floor":[118,118,43,54,70,100,115,145,172,191,191,44,44,62,62,160,160,173,173,173,187,87,87,118,131,131,131,143,18,32,44,44,146,146,166,177,196,209,224,224,224,224,224,224,74,0,0,12,12,12],"floor_reached":51,"playtime":1825,"items_purged":["Defend_R","Defend_R+1","Strike_R+1","Strike_R+1"],"score":731,"play_id":"4d697023-742f-4d93-9bde-617bc07f8dc2","local_time":"20180910105140","is_ascension_mode":false,"campfire_choices":[{"data":"Rampage","floor":15,"key":"SMITH"},{"data":"Metallicize","floor":23,"key":"SMITH"},{"floor":27,"key":"REST"},{"floor":32,"key":"REST"},{"floor":40,"key":"REST"},{"floor":42,"key":"REST"},{"data":"Offering","floor":44,"key":"SMITH"},{"data":"Pommel Strike","floor":47,"key":"SMITH"},{"floor":49,"key":"REST"}],"neow_cost":"NONE","seed_source_timestamp":655461536249736,"circlet_count":0,"master_deck":["Strike_R+1","Defend_R+1","Defend_R+1","Bash","Metallicize+1","Shockwave+1","Pommel Strike+1","Rampage+1","Fiend Fire","Rupture","Headbutt","Offering+1","Battle Trance","Cleave","Disarm","Rage+1","Double Tap","Disarm","Disarm"],"relics":["Burning Blood","Pen Nib","Kunai","Blood Vial","War Paint","Potion Belt","Vajra","Philosopher\u0027s Stone","StoneCalendar","Pear","Empty Cage","Omamori","Sundial","Red Mask"],"potions_floor_usage":[16,16,21,30,33,33,50,50,50],"damage_taken":[{"damage":6,"enemies":"Cultist","floor":1,"turns":3},{"damage":0,"enemies":"2 Louse","floor":4,"turns":4},{"damage":0,"enemies":"Small Slimes","floor":5,"turns":4},{"damage":28,"enemies":"Lagavulin","floor":6,"turns":8},{"damage":11,"enemies":"Exordium Thugs","floor":7,"turns":5},{"damage":20,"enemies":"Gremlin Nob","floor":8,"turns":4},{"damage":0,"enemies":"Large Slime","floor":10,"turns":4},{"damage":1,"enemies":"3 Louse","floor":14,"turns":4},{"damage":0,"enemies":"Slime Boss","floor":16,"turns":4},{"damage":24,"enemies":"2 Thieves","floor":18,"turns":3},{"damage":17,"enemies":"3 Byrds","floor":21,"turns":3},{"damage":31,"enemies":"Book of Stabbing","floor":24,"turns":4},{"damage":28,"enemies":"Centurion and Healer","floor":25,"turns":4},{"damage":8,"enemies":"Snecko","floor":28,"turns":3},{"damage":6,"enemies":"3 Cultists","floor":30,"turns":3},{"damage":12,"enemies":"Chosen and Byrds","floor":31,"turns":3},{"damage":61,"enemies":"Automaton","floor":33,"turns":8},{"damage":15,"enemies":"3 Darklings","floor":35,"turns":5},{"damage":25,"enemies":"Orb Walker","floor":36,"turns":4},{"damage":24,"enemies":"Sphere and 2 Shapes","floor":37,"turns":5},{"damage":9,"enemies":"Spire Growth","floor":38,"turns":3},{"damage":34,"enemies":"Maw","floor":39,"turns":6},{"damage":23,"enemies":"Reptomancer","floor":48,"turns":5},{"damage":61,"enemies":"Awakened One","floor":50,"turns":11}],"seed_played":"2104911139419357517","potions_obtained":[{"floor":1,"key":"Poison Potion"},{"floor":4,"key":"Dexterity Potion"},{"floor":7,"key":"Swift Potion"},{"floor":8,"key":"AttackPotion"},{"floor":10,"key":"SteroidPotion"},{"floor":18,"key":"Fire Potion"},{"floor":24,"key":"Energy Potion"},{"floor":25,"key":"Strength Potion"},{"floor":33,"key":"FearPotion"},{"floor":37,"key":"Regen Potion"},{"floor":48,"key":"SneckoOil"}],"is_trial":false,"path_per_floor":["M","?","$","M","M","E","M","E","T","M","?","$","?","M","R","B",null,"M","?","?","M","$","R","E","M","T","R","M","$","M","M","R","B",null,"M","M","M","M","M","R","T","R","T","R","$","?","R","M","R","B"],"character_chosen":"IRONCLAD","items_purchased":["Vajra"],"campfire_rested":5,"item_purchase_floors":[12],"current_hp_per_floor":[80,80,80,80,80,58,55,43,43,51,51,51,51,58,58,66,80,62,80,80,69,69,69,46,26,36,63,63,63,65,61,88,35,90,81,64,48,47,21,48,48,75,75,75,75,75,75,60,87,49],"gold":12,"neow_bonus":"RANDOM_COMMON_RELIC","is_prod":false,"is_daily":false,"chose_seed":false,"campfire_upgraded":4,"win_rate":0,"timestamp":1536601900,"path_taken":["M","?","?","M","?","E","M","E","T","M","?","$","?","M","R","BOSS","M","?","?","M","$","R","E","M","T","R","M","$","M","M","R","BOSS","M","M","M","?","M","R","?","R","T","R","$","?","R","?","R","BOSS"],"build_version":"2018-09-06","purchased_purges":4,"victory":true,"max_hp_per_floor":[80,80,80,80,80,80,80,80,80,80,80,80,80,80,80,80,80,80,80,80,80,80,80,80,80,90,90,90,90,90,90,90,90,90,90,90,90,90,90,90,90,90,90,90,90,90,90,90,90,90],"card_choices":[{"not_picked":["Carnage","Clash"],"picked":"Metallicize","floor":1},{"not_picked":["Pommel Strike","Rupture"],"picked":"Shockwave","floor":4},{"not_picked":["Power Through","Wild Strike"],"picked":"Pommel Strike","floor":5},{"not_picked":["Infernal Blade","Warcry","Reckless Charge"],"picked":"SKIP","floor":6},{"not_picked":["Clash","Shrug It Off"],"picked":"Rampage","floor":7},{"not_picked":["Barricade","Sentinel","Shockwave"],"picked":"SKIP","floor":8},{"not_picked":["Clothesline","Body Slam","Wild Strike"],"picked":"SKIP","floor":10},{"not_picked":["Havoc","True Grit"],"picked":"Headbutt","floor":14},{"not_picked":["Juggernaut","Fiend Fire"],"picked":"Offering","floor":16},{"not_picked":["Flex","Iron Wave"],"picked":"Battle Trance","floor":18},{"not_picked":["Shrug It Off","Headbutt+1"],"picked":"Cleave","floor":21},{"not_picked":["Battle Trance+1","Pummel"],"picked":"Disarm","floor":24},{"not_picked":["Sever Soul","Armaments","Clash"],"picked":"SKIP","floor":25},{"not_picked":["Heavy Blade+1","Body Slam","Pommel Strike"],"picked":"SKIP","floor":28},{"not_picked":["Body Slam","Sword Boomerang","Flex"],"picked":"SKIP","floor":30},{"not_picked":["Wild Strike","Inflame"],"picked":"Rage+1","floor":31},{"not_picked":["Brutality","Bludgeon"],"picked":"Double Tap","floor":33},{"not_picked":["Heavy Blade+1","Flex+1","Clothesline"],"picked":"SKIP","floor":35},{"not_picked":["Thunderclap","Dark Embrace","Flex"],"picked":"SKIP","floor":36},{"not_picked":["Havoc+1","Flex+1"],"picked":"Disarm","floor":37},{"not_picked":["Sever Soul","Searing Blow+1","Sword Boomerang"],"picked":"SKIP","floor":38},{"not_picked":["Anger","Armaments","Heavy Blade"],"picked":"SKIP","floor":39},{"not_picked":["Corruption+1","Wild Strike+1"],"picked":"Disarm","floor":48}],"player_experience":198947,"relics_obtained":[{"floor":6,"key":"Blood Vial"},{"floor":8,"key":"War Paint"},{"floor":9,"key":"Potion Belt"},{"floor":24,"key":"StoneCalendar"},{"floor":26,"key":"Pear"},{"floor":41,"key":"Omamori"},{"floor":43,"key":"Sundial"}],"event_choices":[{"event_name":"WeMeetAgain","player_choice":"Potion","floor":2,"damage_taken":0},{"event_name":"Upgrade Shrine","player_choice":"Upgraded","floor":11,"damage_taken":0},{"event_name":"Match and Keep!","player_choice":"2 cards matched","floor":13,"damage_taken":0},{"event_name":"The Library","player_choice":"Heal","floor":19,"damage_taken":0},{"event_name":"Back to Basics","player_choice":"Simplicity","floor":20,"damage_taken":0},{"event_name":"Tomb of Lord Red Mask","player_choice":"Paid","floor":46,"damage_taken":0}],"is_beta":false,"boss_relics":[{"not_picked":["Tiny House","Runic Pyramid"],"picked":"Philosopher\u0027s Stone"},{"not_picked":["Busted Crown","Eternal Feather"],"picked":"Empty Cage"}],"items_purged_floors":[3,22,29,45],"is_endless":false,"potions_floor_spawned":[1,4,7,8,10,18,24,25,33,37,48],"ascension_level":0}