{"gold_per_floor":[111,125,142,67,84,84,110,110,110,137,147,162,173,183,183,288,288,303,303,320,330,330],"floor_reached":22,"playtime":1759,"items_purged":[],"score":202,"play_id":"d5d3dc88-eea3-4ec2-bfa4-65965fa94790","local_time":"20181206162923","is_ascension_mode":false,"campfire_choices":[{"data":"Disarm","floor":6,"key":"SMITH"},{"floor":8,"key":"REST"},{"floor":15,"key":"REST"}],"neow_cost":"NONE","seed_source_timestamp":278276706951478,"circlet_count":0,"master_deck":["Strike_R","Strike_R","Strike_R","Strike_R","Strike_R","Defend_R","Defend_R","Defend_R","Defend_R","Bash","Metallicize","Disarm+1","Pommel Strike","Ghostly Armor","Metallicize","Entrench"],"relics":["Runic Cube"],"potions_floor_usage":[7,7,10,12,21],"damage_taken":[{"damage":2,"enemies":"Small Slimes","floor":1,"turns":4},{"damage":1,"enemies":"Cultist","floor":2,"turns":3},{"damage":5,"enemies":"Jaw Worm","floor":3,"turns":4},{"damage":2,"enemies":"Looter","floor":5,"turns":4},{"damage":18,"enemies":"3 Sentries","floor":7,"turns":10},{"damage":16,"enemies":"Gremlin Nob","floor":10,"turns":5},{"damage":2,"enemies":"Large Slime","floor":11,"turns":7},{"damage":0,"enemies":"3 Louse","floor":12,"turns":1},{"damage":9,"enemies":"Lots of Slimes","floor":13,"turns":8},{"damage":5,"enemies":"Blue Slaver","floor":14,"turns":5},{"damage":46,"enemies":"The Guardian","floor":16,"turns":17},{"damage":16,"enemies":"Chosen","floor":18,"turns":7},{"damage":2,"enemies":"Shell Parasite","floor":20,"turns":12},{"damage":41,"enemies":"Centurion and Healer","floor":21,"turns":19},{"damage":0,"enemies":"Snake Plant","floor":22,"turns":1}],"seed_played":"2118945969910178629","potions_obtained":[{"floor":1,"key":"Energy Potion"},{"floor":2,"key":"AttackPotion"},{"floor":5,"key":"Dexterity Potion"},{"floor":10,"key":"Explosive Potion"},{"floor":19,"key":"Weak Potion"},{"floor":19,"key":"FairyPotion"}],"is_trial":false,"path_per_floor":["M","M","M","$","M","R","E","R","T","E","M","M","M","M","R","B",null,"M","?","M","M","M"],"character_chosen":"IRONCLAD","items_purchased":["Metallicize"],"campfire_rested":2,"item_purchase_floors":[4],"current_hp_per_floor":[78,77,72,72,70,70,52,76,76,60,58,58,49,44,68,22,80,64,64,62,21,21],"gold":330,"neow_bonus":"BOSS_RELIC","is_prod":false,"is_daily":false,"chose_seed":false,"campfire_upgraded":1,"win_rate":0,"timestamp":1544110163,"path_taken":["M","M","M","$","M","R","E","R","T","E","M","M","M","M","R","BOSS","M","?","M","?","?"],"build_version":"2018-11-15","purchased_purges":0,"victory":false,"max_hp_per_floor":[80,80,80,80,80,80,80,80,80,80,80,80,80,80,80,80,80,80,80,80,80,80],"card_choices":[{"not_picked":["Sever Soul","Iron Wave","Havoc"],"picked":"SKIP","floor":1},{"not_picked":["Warcry","Sword Boomerang","Anger"],"picked":"SKIP","floor":2},{"not_picked":["Power Through","Sever Soul","Clothesline"],"picked":"SKIP","floor":3},{"not_picked":["Intimidate","True Grit"],"picked":"Disarm","floor":5},{"not_picked":["Havoc","Sever Soul"],"picked":"Pommel Strike","floor":7},{"not_picked":["Twin Strike","Flex"],"picked":"Ghostly Armor","floor":10},{"not_picked":["Cleave","Exhume"],"picked":"Metallicize","floor":11},{"not_picked":["Sword Boomerang","Warcry","Twin Strike"],"picked":"SKIP","floor":12},{"not_picked":["Warcry","Whirlwind","Heavy Blade"],"picked":"SKIP","floor":13},{"not_picked":["Sword Boomerang","Rupture","Double Tap"],"picked":"SKIP","floor":14},{"not_picked":["Wild Strike+1","Sword Boomerang+1","Carnage"],"picked":"SKIP","floor":18},{"not_picked":["Seeing Red","Bloodletting","Heavy Blade"],"picked":"SKIP","floor":20},{"not_picked":["Inflame+1","Power Through"],"picked":"Entrench","floor":21}],"player_experience":358048,"relics_obtained":[],"event_choices":[{"damage_healed":0,"gold_gain":0,"player_choice":"Got Potions","damage_taken":0,"max_hp_gain":0,"max_hp_loss":0,"event_name":"Lab","floor":19,"gold_loss":0}],"is_beta":false,"boss_relics":[{"not_picked":["Orrery","Tiny House","White Beast Statue"]}],"items_purged_floors":[],"is_endless":false,"potions_floor_spawned":[1,2,5,10],"killed_by":"Snake Plant","ascension_level":0}