{"gold_per_floor":[118,129,1,1,19,46,56,56,79,31,31,60,73,86,86,190,190,204,204,204,12,29,29,62,62,107,122,122,122,37,137,137,242,242,259,269,269],"floor_reached":37,"playtime":1393,"items_purged":[],"score":437,"play_id":"7702a3d8-e30f-4764-aff4-494dd0b1f329","local_time":"20190124222027","is_ascension_mode":true,"campfire_choices":[{"floor":8,"key":"REST"},{"floor":11,"key":"REST"},{"floor":15,"key":"REST"},{"data":"Apotheosis","floor":23,"key":"SMITH"},{"floor":28,"key":"REST"},{"floor":32,"key":"REST"}],"neow_cost":"NONE","seed_source_timestamp":284675955895357,"circlet_count":0,"master_deck":["Strike_B","Strike_B","Strike_B","Strike_B","Defend_B+1","Defend_B+1","Zap","Dualcast","Leap","Loop","Static Discharge","Rainbow","Lockon","Undo","Stack","Leap","Chaos","Tempest","Machine Learning","Auto Shields","Ball Lightning","Buffer","Conserve Battery","Apotheosis+1","Sweeping Beam","Static Discharge","Darkness","Self Repair","Buffer"],"relics":["Cracked Core","Art of War","Dream Catcher","Vajra","War Paint","Empty Cage","Boot","Orichalcum","Busted Crown"],"potions_floor_usage":[5,5,5,6,6,12,12,13,16,22,33,35,37],"damage_taken":[{"damage":14,"enemies":"Jaw Worm","floor":1,"turns":3},{"damage":0,"enemies":"Small Slimes","floor":2,"turns":3},{"damage":0,"enemies":"2 Louse","floor":5,"turns":1},{"damage":34,"enemies":"Lagavulin","floor":6,"turns":5},{"damage":8,"enemies":"2 Fungi Beasts","floor":7,"turns":4},{"damage":18,"enemies":"3 Sentries","floor":12,"turns":9},{"damage":25,"enemies":"Gremlin Gang","floor":13,"turns":5},{"damage":5,"enemies":"Blue Slaver","floor":14,"turns":3},{"damage":40,"enemies":"Slime Boss","floor":16,"turns":9},{"damage":26,"enemies":"Shell Parasite","floor":18,"turns":5},{"damage":6,"enemies":"3 Byrds","floor":22,"turns":4},{"damage":41,"enemies":"Book of Stabbing","floor":24,"turns":5},{"damage":34,"enemies":"Cultist and Chosen","floor":27,"turns":6},{"damage":43,"enemies":"Automaton","floor":33,"turns":11},{"damage":29,"enemies":"3 Shapes","floor":35,"turns":3},{"damage":43,"enemies":"3 Darklings","floor":36,"turns":5},{"damage":19,"enemies":"Writhing Mass","floor":37,"turns":2}],"seed_played":"-8180357119436260206","potions_obtained":[{"floor":2,"key":"EntropicBrew"},{"floor":6,"key":"GamblersBrew"},{"floor":7,"key":"FocusPotion"},{"floor":12,"key":"Regen Potion"},{"floor":14,"key":"AttackPotion"},{"floor":18,"key":"SpeedPotion"},{"floor":27,"key":"Energy Potion"},{"floor":33,"key":"Swift Potion"},{"floor":35,"key":"SneckoOil"},{"floor":36,"key":"EssenceOfSteel"}],"is_trial":false,"path_per_floor":["M","M","$","?","M","E","M","R","T","$","R","E","M","M","R","B",null,"M","?","?","$","M","R","E","$","T","M","R","?","?","?","R","B",null,"M","M","M"],"character_chosen":"DEFECT","items_purchased":["Static Discharge","Poison Potion","Leap","Apotheosis","Sweeping Beam"],"campfire_rested":5,"item_purchase_floors":[3,3,10,21,21],"current_hp_per_floor":[68,68,68,56,56,22,14,38,38,38,62,44,31,26,50,10,82,56,56,82,82,76,76,35,35,35,1,25,25,25,25,49,16,82,53,17,0],"gold":269,"neow_bonus":"TEN_PERCENT_HP_BONUS","is_prod":false,"is_daily":false,"chose_seed":false,"campfire_upgraded":1,"win_rate":0,"timestamp":1548397227,"path_taken":["M","M","$","?","M","E","M","R","T","$","R","E","M","M","R","BOSS","M","?","?","?","M","R","E","$","T","M","R","?","?","?","R","BOSS","M","?","M"],"build_version":"2019-01-23","purchased_purges":0,"victory":false,"max_hp_per_floor":[82,82,82,82,82,82,82,82,82,82,82,82,82,82,82,82,82,82,82,82,82,82,82,82,82,82,82,82,82,82,82,82,82,82,82,82,82],"card_choices":[{"not_picked":["Turbo","Compile Driver"],"picked":"Leap","floor":1},{"not_picked":["Gash","Doom and Gloom"],"picked":"Loop","floor":2},{"not_picked":["Streamline","Rebound"],"picked":"Rainbow","floor":5},{"not_picked":["Hologram","Ball Lightning"],"picked":"Lockon","floor":6},{"not_picked":["Turbo","Barrage"],"picked":"Undo","floor":7},{"not_picked":["Turbo","Recycle"],"picked":"Stack","floor":8},{"not_picked":["Gash","Beam Cell"],"picked":"Chaos","floor":11},{"not_picked":["Sunder","Fusion"],"picked":"Tempest","floor":12},{"not_picked":["Double Energy","Gash"],"picked":"Machine Learning","floor":13},{"not_picked":["Steam","Cold Snap"],"picked":"Auto Shields","floor":14},{"not_picked":["Leap","Sweeping Beam"],"picked":"Ball Lightning","floor":15},{"not_picked":["Machine Learning","All For One"],"picked":"Buffer","floor":16},{"not_picked":["Stack+1","Barrage+1"],"picked":"Conserve Battery","floor":18},{"not_picked":["Go for the Eyes+1","Gash"],"picked":"Static Discharge","floor":22},{"not_picked":["Hologram+1","Compile Driver"],"picked":"Darkness","floor":24},{"not_picked":["Sunder","Hologram"],"picked":"Self Repair","floor":27},{"not_picked":["Core Surge","Amplify"],"picked":"Buffer","floor":33},{"not_picked":["Leap"],"picked":"SKIP","floor":35},{"not_picked":["Chill"],"picked":"SKIP","floor":36}],"player_experience":339044,"relics_obtained":[{"floor":6,"key":"Dream Catcher"},{"floor":9,"key":"Vajra"},{"floor":12,"key":"War Paint"},{"floor":24,"key":"Boot"}],"event_choices":[{"damage_healed":0,"gold_gain":0,"player_choice":"Success","damage_taken":12,"relics_obtained":["Art of War"],"max_hp_gain":0,"max_hp_loss":0,"event_name":"Scrap Ooze","floor":4,"gold_loss":0},{"damage_healed":0,"gold_gain":0,"player_choice":"Smashed Altar","damage_taken":0,"max_hp_gain":0,"max_hp_loss":0,"event_name":"Forgotten Altar","floor":19,"gold_loss":0,"cards_obtained":["Decay"]},{"damage_healed":27,"gold_gain":0,"player_choice":"Heal","damage_taken":0,"max_hp_gain":0,"max_hp_loss":0,"event_name":"The Library","floor":20,"gold_loss":0},{"cards_removed":["Decay"],"damage_healed":0,"gold_gain":0,"player_choice":"Elegance","damage_taken":0,"max_hp_gain":0,"max_hp_loss":0,"event_name":"Back to Basics","floor":29,"gold_loss":0},{"damage_healed":0,"gold_gain":0,"player_choice":"Obtained Relic","damage_taken":0,"relics_obtained":["Orichalcum"],"max_hp_gain":0,"max_hp_loss":0,"event_name":"Addict","floor":30,"gold_loss":85},{"damage_healed":0,"gold_gain":100,"player_choice":"Pray","damage_taken":0,"max_hp_gain":0,"max_hp_loss":0,"event_name":"Golden Shrine","floor":31,"gold_loss":0}],"is_beta":false,"boss_relics":[{"not_picked":["Calling Bell","Runic Dome"],"picked":"Empty Cage"},{"not_picked":["Inserter","Astrolabe"],"picked":"Busted Crown"}],"items_purged_floors":[],"is_endless":false,"potions_floor_spawned":[2,6,7,12,14,18,27,33,35,36],"killed_by":"Writhing Mass","ascension_level":2}