{"gold_per_floor":[110,110,65,65,82,82,111,126,126,150,150,75,75,86,86,86],"floor_reached":16,"playtime":679,"items_purged":["Strike_R"],"score":103,"play_id":"e7d42909-33d3-4e0b-b944-3d945b7cf3ce","local_time":"20190317152855","is_ascension_mode":true,"campfire_choices":[{"data":"Armaments","floor":6,"key":"SMITH"},{"floor":11,"key":"REST"},{"data":"Armaments","floor":13,"key":"SMITH"},{"data":"Flex","floor":15,"key":"SMITH"}],"neow_cost":"NONE","seed_source_timestamp":346756611978465,"circlet_count":0,"master_deck":["Strike_R","Strike_R","Strike_R","Defend_R","Defend_R","Defend_R","Defend_R","Bash","Armaments+1","Armaments+1","Perfected Strike","Limit Break","Flex+1"],"relics":["Burning Blood","Nunchaku","Odd Mushroom"],"potions_floor_usage":[16],"damage_taken":[{"damage":16,"enemies":"Jaw Worm","floor":1,"turns":5},{"damage":12,"enemies":"Small Slimes","floor":5,"turns":4},{"damage":42,"enemies":"3 Sentries","floor":7,"turns":13},{"damage":5,"enemies":"Cultist","floor":8,"turns":4},{"damage":35,"enemies":"The Mushroom Lair","floor":10,"turns":6},{"damage":2,"enemies":"Blue Slaver","floor":14,"turns":6},{"damage":48,"enemies":"Hexaghost","floor":16,"turns":12}],"seed_played":"-2642793851427697947","potions_obtained":[{"floor":7,"key":"SteroidPotion"},{"floor":8,"key":"AttackPotion"},{"floor":14,"key":"Block Potion"}],"is_trial":false,"path_per_floor":["M","?","$","?","M","R","E","M","T","?","R","$","R","M","R","B"],"character_chosen":"IRONCLAD","items_purchased":["Armaments"],"campfire_rested":1,"item_purchase_floors":[3],"current_hp_per_floor":[78,71,71,88,82,82,46,47,47,18,44,44,44,48,48,0],"gold":86,"neow_bonus":"TEN_PERCENT_HP_BONUS","is_prod":false,"is_daily":false,"chose_seed":false,"campfire_upgraded":3,"win_rate":0,"timestamp":1552858135,"path_taken":["M","?","$","?","?","R","E","M","T","?","R","$","R","M","R","BOSS"],"build_version":"2019-01-23","purchased_purges":1,"victory":false,"max_hp_per_floor":[88,88,88,88,88,88,88,88,88,88,88,88,88,88,88,88],"card_choices":[{"not_picked":["Body Slam","Heavy Blade"],"picked":"Armaments","floor":1},{"not_picked":["Iron Wave","Second Wind"],"picked":"Perfected Strike","floor":5},{"not_picked":["Corruption","Twin Strike"],"picked":"Limit Break","floor":7},{"not_picked":["Combust","Cleave","Rampage"],"picked":"SKIP","floor":8},{"not_picked":["Body Slam","Iron Wave"],"picked":"Flex","floor":10},{"not_picked":["Iron Wave","Pommel Strike","Cleave"],"picked":"SKIP","floor":14}],"player_experience":237651,"relics_obtained":[{"floor":7,"key":"Nunchaku"},{"floor":10,"key":"Odd Mushroom"}],"event_choices":[{"cards_removed":["Strike_R"],"damage_healed":0,"gold_gain":0,"player_choice":"Card Removal","damage_taken":7,"max_hp_gain":0,"max_hp_loss":0,"event_name":"Golden Wing","floor":2,"gold_loss":0},{"damage_healed":17,"gold_gain":0,"player_choice":"Full Heal","damage_taken":0,"max_hp_gain":0,"max_hp_loss":0,"event_name":"Wheel of Change","floor":4,"gold_loss":0},{"damage_healed":0,"gold_gain":0,"player_choice":"Fought Mushrooms","damage_taken":0,"max_hp_gain":0,"max_hp_loss":0,"event_name":"Mushrooms","floor":10,"gold_loss":0}],"is_beta":false,"boss_relics":[],"items_purged_floors":[12],"is_endless":false,"potions_floor_spawned":[7,8,14],"killed_by":"Hexaghost","ascension_level":1}