{"gold_per_floor":[109,123,143,155,166,166,182,195,195,195,195,195,215,230,230,334,334,347,365,120,136,136,86,104,104],"floor_reached":25,"playtime":882,"items_purged":["Strike_B","Strike_B"],"score":201,"play_id":"c2b70648-e626-4441-8bb1-a45922cd714f","local_time":"20190222173427","is_ascension_mode":false,"campfire_choices":[{"data":"Beam Cell","floor":6,"key":"SMITH"},{"data":"Defend_B","floor":12,"key":"SMITH"},{"data":"Gash","floor":15,"key":"SMITH"}],"neow_cost":"NONE","seed_source_timestamp":173710175225471,"circlet_count":0,"master_deck":["Strike_B","Defend_B","Defend_B","Defend_B+1","Zap","Dualcast","Beam Cell+1","Gash+1","Cold Snap"],"relics":["Cracked Core","Blue Candle","Inserter","Membership Card"],"potions_floor_usage":[16,16,16,19,21],"damage_taken":[{"damage":0,"enemies":"2 Louse","floor":1,"turns":1},{"damage":0,"enemies":"Cultist","floor":2,"turns":4},{"damage":0,"enemies":"Small Slimes","floor":3,"turns":2},{"damage":9,"enemies":"Blue Slaver","floor":4,"turns":4},{"damage":1,"enemies":"3 Louse","floor":5,"turns":4},{"damage":5,"enemies":"Exordium Wildlife","floor":7,"turns":3},{"damage":0,"enemies":"Blue Slaver","floor":8,"turns":4},{"damage":8,"enemies":"Lots of Slimes","floor":13,"turns":4},{"damage":0,"enemies":"3 Louse","floor":14,"turns":3},{"damage":20,"enemies":"Slime Boss","floor":16,"turns":7},{"damage":2,"enemies":"Chosen","floor":18,"turns":4},{"damage":27,"enemies":"2 Thieves","floor":19,"turns":4},{"damage":32,"enemies":"Snecko","floor":21,"turns":7},{"damage":31,"enemies":"Shelled Parasite and Fungi","floor":24,"turns":9},{"damage":13,"enemies":"Snake Plant","floor":25,"turns":1}],"seed_played":"3123690753602425296","potions_obtained":[{"floor":4,"key":"PowerPotion"},{"floor":5,"key":"GamblersBrew"},{"floor":7,"key":"FearPotion"},{"floor":13,"key":"Strength Potion"},{"floor":16,"key":"AttackPotion"},{"floor":19,"key":"Block Potion"},{"floor":24,"key":"FearPotion"}],"is_trial":false,"path_per_floor":["M","M","M","M","M","R","M","M","T","?","$","R","M","M","R","B",null,"M","M","$","M","?","$","M","M"],"character_chosen":"DEFECT","items_purchased":["Membership Card"],"campfire_rested":0,"item_purchase_floors":[20],"current_hp_per_floor":[75,75,75,66,65,65,60,60,60,60,60,60,52,52,52,32,75,73,46,46,14,39,39,8,0],"gold":104,"neow_bonus":"REMOVE_CARD","is_prod":false,"is_daily":false,"chose_seed":false,"campfire_upgraded":3,"win_rate":0,"timestamp":1550885667,"path_taken":["M","M","M","M","M","R","M","M","T","?","?","R","M","M","R","BOSS","M","M","$","M","?","$","M","M"],"build_version":"2019-01-23","purchased_purges":2,"victory":false,"max_hp_per_floor":[75,75,75,75,75,75,75,75,75,75,75,75,75,75,75,75,75,75,75,75,75,75,75,75,75],"card_choices":[{"not_picked":["Barrage","Turbo","Undo"],"picked":"SKIP","floor":1},{"not_picked":["Go for the Eyes","Redo"],"picked":"Beam Cell","floor":2},{"not_picked":["Reinforced Body","Turbo","Genetic Algorithm"],"picked":"SKIP","floor":3},{"not_picked":["Aggregate","Leap","Beam Cell"],"picked":"SKIP","floor":4},{"not_picked":["Genetic Algorithm","Scrape","Compile Driver"],"picked":"SKIP","floor":5},{"not_picked":["Auto Shields","Redo","Streamline"],"picked":"SKIP","floor":7},{"not_picked":["Compile Driver","Cold Snap","White Noise"],"picked":"SKIP","floor":8},{"not_picked":["Aggregate","Cold Snap"],"picked":"Gash","floor":13},{"not_picked":["Consume","Sweeping Beam","Steam"],"picked":"SKIP","floor":14},{"not_picked":["Hologram","Cold Snap","Undo"],"picked":"SKIP","floor":18},{"not_picked":["Rip and Tear","Auto Shields","Hologram"],"picked":"SKIP","floor":19},{"not_picked":["Defragment","Steam Power","Recycle+1"],"picked":"SKIP","floor":21},{"not_picked":["Static Discharge","Compile Driver"],"picked":"Cold Snap","floor":24}],"player_experience":436280,"relics_obtained":[{"floor":9,"key":"Blue Candle"}],"event_choices":[{"cards_removed":["Defend_B"],"damage_healed":0,"gold_gain":0,"player_choice":"Purged","damage_taken":0,"max_hp_gain":0,"max_hp_loss":0,"event_name":"Purifier","floor":10,"gold_loss":0},{"damage_healed":25,"gold_gain":0,"player_choice":"Heal","damage_taken":0,"max_hp_gain":0,"max_hp_loss":0,"event_name":"The Library","floor":22,"gold_loss":0}],"is_beta":false,"boss_relics":[{"not_picked":["Black Star","Tiny House"],"picked":"Inserter"}],"items_purged_floors":[20,23],"is_endless":false,"potions_floor_spawned":[4,5,7,13,16,19,24],"killed_by":"Snake Plant","ascension_level":0}