{"gold_per_floor":[113,38,38,38,54,87,101,132,132,32,43,74,74,74,74,172,172,154,69,88,88,13,13,26,40,40,40,40,40,0,10,10,10],"floor_reached":33,"playtime":1338,"items_purged":["Strike_B","Defend_B"],"score":399,"play_id":"570cf0e2-5fe2-4cd7-8245-23392d51a949","local_time":"20181127203452","is_ascension_mode":true,"campfire_choices":[{"floor":13,"key":"REST"},{"floor":15,"key":"REST"},{"floor":23,"key":"REST"},{"floor":32,"key":"REST"}],"neow_cost":"NONE","seed_source_timestamp":736607991782344,"circlet_count":0,"master_deck":["Strike_B","Defend_B","Defend_B","Defend_B","Zap","Dualcast","Gash","Self Repair","Gash","Gash","Seek","BootSequence","Echo Form","Coolheaded+1","Gash+1","Go for the Eyes+1","Go for the Eyes","Beam Cell"],"relics":["Cracked Core","NeowsBlessing","Juzu Bracelet","Prayer Wheel","Bottled Flame","Vajra","The Courier","Anchor","Ice Cream"],"potions_floor_usage":[8,8,11,24,31],"damage_taken":[{"damage":0,"enemies":"Small Slimes","floor":1,"turns":1},{"damage":0,"enemies":"Jaw Worm","floor":5,"turns":1},{"damage":0,"enemies":"Lagavulin","floor":6,"turns":1},{"damage":2,"enemies":"2 Louse","floor":7,"turns":2},{"damage":19,"enemies":"Gremlin Nob","floor":8,"turns":4},{"damage":16,"enemies":"Blue Slaver","floor":11,"turns":3},{"damage":37,"enemies":"Lagavulin","floor":12,"turns":6},{"damage":52,"enemies":"Hexaghost","floor":16,"turns":9},{"damage":24,"enemies":"2 Thieves","floor":18,"turns":4},{"damage":50,"enemies":"3 Byrds","floor":20,"turns":5},{"damage":3,"enemies":"Centurion and Healer","floor":24,"turns":6},{"damage":24,"enemies":"3 Cultists","floor":25,"turns":6},{"damage":19,"enemies":"Snecko","floor":31,"turns":5},{"damage":50,"enemies":"Automaton","floor":33,"turns":6}],"seed_played":"-5315829154124365688","potions_obtained":[{"floor":5,"key":"SpeedPotion"},{"floor":7,"key":"SteroidPotion"},{"floor":8,"key":"SteroidPotion"},{"floor":20,"key":"SpeedPotion"},{"floor":25,"key":"SteroidPotion"}],"is_trial":false,"path_per_floor":["M","$","?","?","M","E","M","E","T","$","M","E","R","T","R","B",null,"M","?","M","?","?","R","M","M","T","$","?","?","?","M","R","B"],"character_chosen":"DEFECT","items_purchased":[],"campfire_rested":4,"item_purchase_floors":[],"current_hp_per_floor":[68,68,68,73,73,80,80,68,68,68,59,29,53,53,77,32,68,51,51,1,1,1,25,29,12,12,12,38,38,38,26,50,0],"gold":10,"neow_bonus":"THREE_ENEMY_KILL","is_prod":false,"is_daily":false,"chose_seed":false,"campfire_upgraded":0,"win_rate":0,"timestamp":1543347292,"path_taken":["M","$","?","?","M","E","M","E","T","$","M","E","R","?","R","BOSS","M","?","M","?","?","R","M","M","T","?","?","?","?","M","R","BOSS"],"build_version":"2018-11-15","purchased_purges":2,"victory":false,"max_hp_per_floor":[75,75,75,80,80,80,80,80,80,80,80,80,80,80,80,80,80,80,80,80,80,80,80,80,80,80,80,80,80,80,80,80,80],"card_choices":[{"not_picked":["Ball Lightning","Doom and Gloom"],"picked":"Gash","floor":1},{"not_picked":["Rebound","Redo"],"picked":"Self Repair","floor":5},{"not_picked":["Ball Lightning","Barrage"],"picked":"Gash","floor":6},{"not_picked":["Consume","Cold Snap"],"picked":"Gash","floor":7},{"not_picked":["Turbo","Genetic Algorithm"],"picked":"Seek","floor":8},{"not_picked":["Double Energy","Barrage"],"picked":"BootSequence","floor":11},{"not_picked":["Doom and Gloom","Leap","Capacitor"],"picked":"SKIP","floor":11},{"not_picked":["Redo","Amplify","Loop"],"picked":"SKIP","floor":12},{"not_picked":["Fission","Meteor Strike"],"picked":"Echo Form","floor":16},{"not_picked":["Genetic Algorithm+1","Lockon"],"picked":"Coolheaded+1","floor":18},{"not_picked":["Ball Lightning+1","Turbo","Cold Snap"],"picked":"SKIP","floor":18},{"not_picked":["Stack","Cold Snap"],"picked":"Gash+1","floor":20},{"not_picked":["Defragment","Chaos","Sunder"],"picked":"SKIP","floor":20},{"not_picked":["Sweeping Beam","Conserve Battery","Blizzard"],"picked":"SKIP","floor":24},{"not_picked":["Redo","Steam","Barrage+1"],"picked":"SKIP","floor":24},{"not_picked":["Melter","Redo+1"],"picked":"Go for the Eyes+1","floor":25},{"not_picked":["Redo","Capacitor","Coolheaded"],"picked":"SKIP","floor":25},{"not_picked":["Defragment+1","Melter+1"],"picked":"Go for the Eyes","floor":31},{"not_picked":["Chill","Reprogram"],"picked":"Beam Cell","floor":31}],"player_experience":260588,"relics_obtained":[{"floor":6,"key":"Juzu Bracelet"},{"floor":8,"key":"Prayer Wheel"},{"floor":9,"key":"Bottled Flame"},{"floor":12,"key":"Vajra"},{"floor":14,"key":"The Courier"},{"floor":26,"key":"Ice Cream"}],"event_choices":[{"damage_healed":0,"gold_gain":0,"player_choice":"Ignored","damage_taken":0,"max_hp_gain":0,"max_hp_loss":0,"event_name":"Shining Light","floor":3,"gold_loss":0},{"damage_healed":0,"gold_gain":0,"player_choice":"Donut","damage_taken":0,"max_hp_gain":5,"max_hp_loss":0,"event_name":"Big Fish","floor":4,"gold_loss":0},{"damage_healed":0,"gold_gain":0,"player_choice":"Obtained Relic","damage_taken":0,"relics_obtained":["Anchor"],"max_hp_gain":0,"max_hp_loss":0,"event_name":"Addict","floor":19,"gold_loss":85},{"damage_healed":0,"gold_gain":0,"player_choice":"Ignored","damage_taken":0,"max_hp_gain":0,"max_hp_loss":0,"event_name":"The Mausoleum","floor":21,"gold_loss":0},{"cards_removed":["Strike_B"],"damage_healed":0,"gold_gain":0,"player_choice":"Gave Gold","damage_taken":0,"max_hp_gain":0,"max_hp_loss":0,"event_name":"Beggar","floor":22,"gold_loss":75},{"damage_healed":26,"gold_gain":0,"player_choice":"Heal","damage_taken":0,"max_hp_gain":0,"max_hp_loss":0,"event_name":"The Library","floor":28,"gold_loss":0},{"cards_removed":["Strike_B"],"damage_healed":0,"gold_gain":0,"player_choice":"Elegance","damage_taken":0,"max_hp_gain":0,"max_hp_loss":0,"event_name":"Back to Basics","floor":29,"gold_loss":0},{"damage_healed":0,"gold_gain":0,"player_choice":"Paid Fearfully","damage_taken":0,"max_hp_gain":0,"max_hp_loss":0,"event_name":"Masked Bandits","floor":30,"gold_loss":40}],"is_beta":false,"boss_relics":[{"not_picked":["Cursed Key","Runic Pyramid","Velvet Choker"]}],"items_purged_floors":[2,10],"is_endless":false,"potions_floor_spawned":[5,7,8,20,25],"killed_by":"Automaton","ascension_level":6}