{"gold_per_floor":[118,118,118,46,66,99,99,139,211,234,234,309,348,366,366,491,491,504,444,465,465],"floor_reached":21,"playtime":807,"items_purged":[],"score":311,"play_id":"a7271e00-d480-4d83-8bd8-2d34d4799ac5","local_time":"20190421124559","is_ascension_mode":true,"campfire_choices":[{"data":"Body Slam","floor":7,"key":"SMITH"},{"data":"Sword Boomerang","floor":11,"key":"SMITH"},{"data":"Armaments","floor":15,"key":"SMITH"}],"neow_cost":"NONE","seed_source_timestamp":703315435850654,"circlet_count":0,"master_deck":["Strike_R","Strike_R","Defend_R","Defend_R","Defend_R","Defend_R","Bash","Body Slam+1","Impervious","Offering","Sword Boomerang+1","True Grit","Armaments+1","Demon Form","Shockwave","Headbutt","Body Slam+1"],"relics":["Burning Blood","NeowsBlessing","Golden Idol","Boot","Anchor","Ornamental Fan","Question Card","Empty Cage"],"potions_floor_usage":[8,13,16,18,21],"damage_taken":[{"damage":0,"enemies":"Cultist","floor":1,"turns":1},{"damage":0,"enemies":"Small Slimes","floor":5,"turns":1},{"damage":0,"enemies":"Gremlin Nob","floor":6,"turns":1},{"damage":31,"enemies":"3 Sentries","floor":8,"turns":11},{"damage":0,"enemies":"Jaw Worm","floor":10,"turns":2},{"damage":7,"enemies":"Lagavulin","floor":13,"turns":5},{"damage":4,"enemies":"Exordium Wildlife","floor":14,"turns":3},{"damage":22,"enemies":"The Guardian","floor":16,"turns":12},{"damage":14,"enemies":"3 Byrds","floor":18,"turns":6},{"damage":17,"enemies":"2 Thieves","floor":19,"turns":4},{"damage":10,"enemies":"3 Cultists","floor":20,"turns":5},{"damage":42,"enemies":"Sentry and Sphere","floor":21,"turns":7}],"seed_played":"2665422154655669091","potions_obtained":[{"floor":6,"key":"GamblersBrew"},{"floor":8,"key":"AttackPotion"},{"floor":13,"key":"Strength Potion"},{"floor":16,"key":"PowerPotion"},{"floor":20,"key":"Swift Potion"}],"is_trial":false,"path_per_floor":["M","?","?","$","M","E","R","E","T","M","R","?","E","M","R","B",null,"M","M","M","M"],"character_chosen":"IRONCLAD","items_purchased":["Impervious"],"campfire_rested":0,"item_purchase_floors":[4],"current_hp_per_floor":[78,71,51,51,57,63,63,38,38,44,44,36,35,37,37,21,65,57,46,42,0],"gold":465,"neow_bonus":"THREE_ENEMY_KILL","is_prod":false,"is_daily":false,"chose_seed":false,"campfire_upgraded":3,"win_rate":0,"timestamp":1555818359,"path_taken":["M","?","?","?","M","E","R","E","T","?","R","?","E","M","R","BOSS","M","M","?","M"],"build_version":"2019-01-23","purchased_purges":0,"victory":false,"max_hp_per_floor":[80,80,80,80,80,80,80,80,80,80,80,80,80,80,80,80,80,80,80,80,80],"card_choices":[{"not_picked":["Perfected Strike","True Grit"],"picked":"Body Slam","floor":1},{"not_picked":["Dropkick","Wild Strike","Seeing Red"],"picked":"SKIP","floor":5},{"not_picked":["Rupture","Iron Wave"],"picked":"Offering","floor":6},{"not_picked":["Feel No Pain","Searing Blow"],"picked":"Sword Boomerang","floor":8},{"not_picked":["Thunderclap","Corruption","Rupture"],"picked":"SKIP","floor":10},{"not_picked":["Blood for Blood","Iron Wave"],"picked":"True Grit","floor":13},{"not_picked":["Sentinel","Bloodletting","Cleave"],"picked":"Armaments","floor":14},{"not_picked":["Dark Embrace","Juggernaut","Immolate"],"picked":"Demon Form","floor":16},{"not_picked":["Second Wind","Wild Strike","Perfected Strike"],"picked":"Shockwave","floor":18},{"not_picked":["Ghostly Armor","Sword Boomerang","Warcry"],"picked":"Headbutt","floor":19},{"not_picked":["Blood for Blood","Evolve","Sword Boomerang+1"],"picked":"Body Slam+1","floor":20}],"player_experience":387055,"relics_obtained":[{"floor":6,"key":"Boot"},{"floor":8,"key":"Anchor"},{"floor":9,"key":"Ornamental Fan"},{"floor":13,"key":"Question Card"}],"event_choices":[{"cards_removed":["Strike_R"],"damage_healed":0,"gold_gain":0,"player_choice":"Card Removal","damage_taken":7,"max_hp_gain":0,"max_hp_loss":0,"event_name":"Golden Wing","floor":2,"gold_loss":0},{"damage_healed":0,"gold_gain":0,"player_choice":"Take Damage","damage_taken":20,"relics_obtained":["Golden Idol"],"max_hp_gain":0,"max_hp_loss":0,"event_name":"Golden Idol","floor":3,"gold_loss":0},{"damage_healed":0,"gold_gain":75,"player_choice":"Touch","damage_taken":8,"max_hp_gain":0,"max_hp_loss":0,"event_name":"FaceTrader","floor":12,"gold_loss":0}],"is_beta":false,"boss_relics":[{"not_picked":["Snecko Eye","Runic Pyramid"],"picked":"Empty Cage"}],"items_purged_floors":[],"is_endless":false,"potions_floor_spawned":[6,8,13,16,20],"killed_by":"Sentry and Sphere","ascension_level":8}