{"gold_per_floor":[109,124,141,141,66,66,77,102,172,43,43,75,0,0,0,74,374,384,8,8,28,45,45,56,56,81,81,100,135,135,153,153,153],"floor_reached":33,"playtime":940,"items_purged":["Strike_B"],"score":700,"play_id":"09cffa60-666f-4ed2-a946-cb6b72b57761","local_time":"20190429175002","is_ascension_mode":true,"campfire_choices":[{"data":"Zap","floor":6,"key":"SMITH"},{"floor":11,"key":"REST"},{"floor":15,"key":"REST"},{"floor":23,"key":"REST"},{"floor":27,"key":"REST"},{"floor":32,"key":"REST"}],"neow_cost":"NONE","seed_source_timestamp":3181796935835151,"circlet_count":0,"master_deck":["AscendersBane","Strike_B+1","Strike_B+1","Strike_B+1","Defend_B+1","Defend_B+1","Defend_B+1","Zap+1","Dualcast","BootSequence","Cold Snap","Ball Lightning","Ball Lightning","Rip and Tear","Sunder","Pain","Biased Cognition","Injury","Clumsy","Decay","Barrage+1","Defragment","Gash+1","Steam+1","Echo Form","Conserve Battery","Barrage+1","Hologram","Sweeping Beam+1","Gash+1","Doom and Gloom+1"],"relics":["Cracked Core","Du-Vu Doll","Question Card","Oddly Smooth Stone","WarpedTongs","Calling Bell","Dream Catcher","Molten Egg 2","Old Coin","Membership Card","Lantern","Juzu Bracelet","Regal Pillow"],"potions_floor_usage":[7,16,16,21,21,33,33,33,33],"damage_taken":[{"damage":2,"enemies":"Cultist","floor":1,"turns":4},{"damage":7,"enemies":"Jaw Worm","floor":2,"turns":4},{"damage":1,"enemies":"Small Slimes","floor":3,"turns":3},{"damage":14,"enemies":"Exordium Wildlife","floor":7,"turns":4},{"damage":36,"enemies":"3 Sentries","floor":8,"turns":6},{"damage":21,"enemies":"Lagavulin","floor":12,"turns":6},{"damage":24,"enemies":"Slime Boss","floor":16,"turns":7},{"damage":19,"enemies":"Chosen","floor":18,"turns":4},{"damage":5,"enemies":"3 Byrds","floor":21,"turns":4},{"damage":9,"enemies":"Snake Plant","floor":22,"turns":3},{"damage":25,"enemies":"Shelled Parasite and Fungi","floor":24,"turns":3},{"damage":7,"enemies":"3 Cultists","floor":28,"turns":4},{"damage":0,"enemies":"Gremlin Leader","floor":29,"turns":4},{"damage":15,"enemies":"Snake Plant","floor":31,"turns":2},{"damage":73,"enemies":"Collector","floor":33,"turns":5}],"seed_played":"-7648452787875698445","potions_obtained":[{"floor":3,"key":"Weak Potion"},{"floor":8,"key":"Explosive Potion"},{"floor":12,"key":"Energy Potion"},{"floor":22,"key":"PowerPotion"},{"floor":24,"key":"EntropicBrew"}],"is_trial":false,"path_per_floor":["M","M","M","?","?","R","M","E","T","$","R","E","$","?","R","B",null,"M","$","?","M","M","R","M","?","T","R","M","E","?","M","R","B"],"character_chosen":"DEFECT","items_purchased":["Sunder","SteroidPotion","Membership Card","Lantern","Defragment","Fire Potion","Block Potion"],"campfire_rested":5,"item_purchase_floors":[10,10,19,19,19,19,19],"current_hp_per_floor":[62,55,54,54,54,54,40,4,4,4,25,4,4,4,25,1,54,35,35,35,30,21,42,17,31,31,52,45,45,45,30,66,0],"gold":153,"neow_bonus":"ONE_RANDOM_RARE_CARD","is_prod":false,"is_daily":false,"chose_seed":false,"campfire_upgraded":1,"win_rate":0,"timestamp":1556556602,"path_taken":["M","?","M","?","?","R","M","E","T","?","R","E","$","?","R","BOSS","M","?","?","?","M","R","?","?","T","R","M","E","?","M","R","BOSS"],"build_version":"2019-01-23","purchased_purges":1,"victory":false,"max_hp_per_floor":[71,71,71,71,71,71,71,71,71,71,71,71,71,71,71,71,71,71,71,71,71,71,71,71,71,71,71,71,71,71,71,71,71],"card_choices":[{"not_picked":["Leap","Coolheaded"],"picked":"BootSequence","floor":1},{"not_picked":["Ball Lightning","Auto Shields"],"picked":"Cold Snap","floor":2},{"not_picked":["Leap","Stack"],"picked":"Ball Lightning","floor":3},{"not_picked":["Sweeping Beam","Streamline"],"picked":"Ball Lightning","floor":7},{"not_picked":["Multi-Cast","Skim"],"picked":"Rip and Tear","floor":8},{"not_picked":["Gash","Ball Lightning","Rebound","Melter"],"picked":"SKIP","floor":12},{"not_picked":["Amplify","Seek","Reboot"],"picked":"Biased Cognition","floor":16},{"not_picked":["Stack","BootSequence","Redo"],"picked":"Barrage+1","floor":18},{"not_picked":["Stack","Turbo","Conserve Battery"],"picked":"Gash+1","floor":21},{"not_picked":["Chaos","Darkness","Static Discharge"],"picked":"Steam+1","floor":22},{"not_picked":["Leap","Go for the Eyes+1","Ball Lightning+1"],"picked":"Echo Form","floor":23},{"not_picked":["Go for the Eyes+1","Ball Lightning+1","Heatsinks"],"picked":"Conserve Battery","floor":24},{"not_picked":["Conserve Battery","Turbo+1","Compile Driver+1"],"picked":"Barrage+1","floor":27},{"not_picked":["Undo","Sweeping Beam+1","Aggregate+1"],"picked":"Hologram","floor":28},{"not_picked":["Storm","Genetic Algorithm","Conserve Battery"],"picked":"Sweeping Beam+1","floor":29},{"not_picked":["Static Discharge","Rebound+1","Loop"],"picked":"Gash+1","floor":31},{"not_picked":["Reprogram","Chaos","White Noise"],"picked":"Doom and Gloom+1","floor":32}],"player_experience":260470,"relics_obtained":[{"floor":8,"key":"Du-Vu Doll"},{"floor":9,"key":"Question Card"},{"floor":12,"key":"Oddly Smooth Stone"},{"floor":17,"key":"Dream Catcher"},{"floor":17,"key":"Molten Egg 2"},{"floor":17,"key":"Old Coin"},{"floor":26,"key":"Juzu Bracelet"},{"floor":29,"key":"Regal Pillow"}],"event_choices":[{"damage_healed":0,"gold_gain":0,"cards_transformed":["Amplify"],"player_choice":"Change","damage_taken":0,"max_hp_gain":0,"max_hp_loss":0,"event_name":"Living Wall","floor":4,"gold_loss":0,"cards_obtained":["Redo"]},{"cards_removed":["Redo"],"damage_healed":0,"gold_gain":0,"player_choice":"Card Removal","damage_taken":0,"max_hp_gain":0,"max_hp_loss":0,"event_name":"The Cleric","floor":5,"gold_loss":75},{"damage_healed":0,"gold_gain":0,"player_choice":"Rummage","damage_taken":0,"relics_obtained":["WarpedTongs"],"max_hp_gain":0,"max_hp_loss":0,"event_name":"Accursed Blacksmith","floor":14,"gold_loss":0,"cards_obtained":["Pain"]},{"cards_removed":["Defend_B"],"damage_healed":0,"gold_gain":0,"player_choice":"Purged","damage_taken":0,"max_hp_gain":0,"max_hp_loss":0,"event_name":"Purifier","floor":20,"gold_loss":0},{"damage_healed":14,"gold_gain":0,"player_choice":"Heal","damage_taken":0,"max_hp_gain":0,"max_hp_loss":0,"event_name":"The Library","floor":25,"gold_loss":0},{"damage_healed":0,"gold_gain":0,"player_choice":"Simplicity","damage_taken":0,"max_hp_gain":0,"max_hp_loss":0,"event_name":"Back to Basics","floor":30,"gold_loss":0,"cards_upgraded":["Strike_B","Strike_B","Strike_B","Defend_B","Defend_B","Defend_B"]}],"is_beta":false,"boss_relics":[{"not_picked":["Nuclear Battery","Lizard Tail"],"picked":"Calling Bell"}],"items_purged_floors":[13],"is_endless":false,"potions_floor_spawned":[3,8,12,22,24,29,31],"killed_by":"Collector","ascension_level":20}