{"gold_per_floor":[109,128,145,145,157,157,187,187,187,203,203,253,264,289,289,390,390,401,326,344,244,264,264,293,313,313,313,413,413,429,429,429,529,529,547,224,244,344,344,375,375,394,394,423,423,452,464,481,481,481],"floor_reached":50,"playtime":9791,"items_purged":["Strike_G","Defend_G","Defend_G"],"score":700,"play_id":"80128da2-723c-4437-bd46-8418f470770e","local_time":"20190422124254","is_ascension_mode":true,"campfire_choices":[{"data":"Neutralize","floor":6,"key":"SMITH"},{"data":"Dash","floor":11,"key":"SMITH"},{"data":"Deadly Poison","floor":15,"key":"SMITH"},{"data":"After Image","floor":23,"key":"SMITH"},{"data":"Survivor","floor":27,"key":"SMITH"},{"data":"Sucker Punch","floor":29,"key":"SMITH"},{"data":"Poisoned Stab","floor":32,"key":"SMITH"},{"data":"Night Terror","floor":41,"key":"SMITH"},{"floor":49,"key":"DIG"}],"neow_cost":"NONE","seed_source_timestamp":1079058888356900,"circlet_count":0,"master_deck":["Defend_G","Defend_G","Defend_G","Survivor+1","Neutralize+1","Deadly Poison+1","Masterful Stab","Flying Knee","Dagger Spray","Skewer","Dash+1","After Image+1","Sucker Punch+1","Crippling Poison","Poisoned Stab+1","Bite","Bite","Bite","Bite+1","Bite+1","Night Terror+1","Cloak And Dagger+1","Deflect+1","Envenom","Deflect","Prepared","Madness","Madness","Heel Hook","Parasite","Cloak And Dagger+1"],"relics":["Ring of the Snake","Bag of Marbles","Paper Crane","Meat on the Bone","Pen Nib","Runic Pyramid","Bottled Flame","Bottled Tornado","Sozu","OrangePellets","Gambling Chip","Pear","PreservedInsect","Dream Catcher","Shovel","Whetstone"],"potions_floor_usage":[7,16,33,38],"damage_taken":[{"damage":0,"enemies":"Small Slimes","floor":1,"turns":4},{"damage":6,"enemies":"2 Louse","floor":2,"turns":3},{"damage":0,"enemies":"Cultist","floor":3,"turns":3},{"damage":0,"enemies":"Looter","floor":5,"turns":2},{"damage":25,"enemies":"Lagavulin","floor":7,"turns":8},{"damage":0,"enemies":"Exordium Wildlife","floor":10,"turns":2},{"damage":1,"enemies":"Red Slaver","floor":13,"turns":3},{"damage":16,"enemies":"Gremlin Nob","floor":14,"turns":3},{"damage":31,"enemies":"The Guardian","floor":16,"turns":10},{"damage":0,"enemies":"Shell Parasite","floor":18,"turns":5},{"damage":10,"enemies":"3 Byrds","floor":20,"turns":6},{"damage":8,"enemies":"Centurion and Healer","floor":22,"turns":6},{"damage":33,"enemies":"Book of Stabbing","floor":24,"turns":8},{"damage":0,"enemies":"Snecko","floor":25,"turns":4},{"damage":2,"enemies":"Snake Plant","floor":30,"turns":4},{"damage":60,"enemies":"Automaton","floor":33,"turns":13},{"damage":4,"enemies":"Orb Walker","floor":35,"turns":3},{"damage":24,"enemies":"3 Shapes","floor":37,"turns":5},{"damage":0,"enemies":"Mind Bloom Boss Battle","floor":38,"turns":6},{"damage":43,"enemies":"Reptomancer","floor":40,"turns":9},{"damage":2,"enemies":"3 Darklings","floor":42,"turns":5},{"damage":5,"enemies":"Nemesis","floor":44,"turns":5},{"damage":0,"enemies":"Giant Head","floor":46,"turns":8},{"damage":30,"enemies":"Writhing Mass","floor":47,"turns":7},{"damage":3,"enemies":"4 Shapes","floor":48,"turns":6},{"damage":63,"enemies":"Time Eater","floor":50,"turns":12}],"seed_played":"2319111257130278127","potions_obtained":[{"floor":3,"key":"EssenceOfSteel"},{"floor":5,"key":"GamblersBrew"},{"floor":13,"key":"SmokeBomb"},{"floor":14,"key":"PowerPotion"},{"floor":16,"key":"Dexterity Potion"},{"floor":33,"key":"GamblersBrew"}],"is_trial":false,"path_per_floor":["M","M","M","?","M","R","E","?","T","M","R","?","M","E","R","B",null,"M","$","M","$","M","R","E","M","T","R","?","R","M","?","R","B",null,"M","$","M","?","?","E","R","M","T","E","?","E","M","M","R","B"],"character_chosen":"THE_SILENT","items_purchased":["OrangePellets"],"campfire_rested":0,"item_purchase_floors":[36],"current_hp_per_floor":[70,64,64,52,52,52,27,70,70,70,70,70,69,53,53,34,70,70,70,60,60,52,52,31,43,43,43,43,43,41,41,41,15,49,47,47,31,45,45,40,40,48,48,49,42,52,30,35,35,0],"gold":481,"neow_bonus":"TRANSFORM_CARD","is_prod":false,"is_daily":false,"chose_seed":false,"campfire_upgraded":8,"win_rate":0,"timestamp":1555929774,"path_taken":["M","M","M","?","M","R","E","?","T","?","R","?","M","E","R","BOSS","M","$","M","$","M","R","E","M","T","R","?","R","?","?","R","BOSS","M","$","M","?","?","E","R","?","T","E","?","E","M","M","R","BOSS"],"build_version":"2019-01-23","purchased_purges":3,"victory":false,"max_hp_per_floor":[70,70,70,70,70,70,70,70,70,70,70,70,70,70,70,70,70,70,70,70,70,70,70,70,70,70,70,70,70,70,49,49,49,49,49,49,49,49,49,59,59,59,59,59,59,59,59,59,59,59],"card_choices":[{"not_picked":["Quick Slash","Catalyst"],"picked":"Masterful Stab","floor":1},{"not_picked":["Blade Dance","Backflip"],"picked":"Flying Knee","floor":2},{"not_picked":["Deflect","Infinite Blades"],"picked":"Dagger Spray","floor":3},{"not_picked":["Poisoned Stab","Bouncing Flask"],"picked":"Skewer","floor":5},{"not_picked":["Bouncing Flask","Outmaneuver","Dagger Spray"],"picked":"SKIP","floor":7},{"not_picked":["Dagger Throw","Quick Slash"],"picked":"Dash","floor":10},{"not_picked":["Dagger Spray","Flying Knee","Distraction"],"picked":"SKIP","floor":13},{"not_picked":["Slice","Dagger Spray","Flying Knee"],"picked":"SKIP","floor":14},{"not_picked":["Grand Finale","Unload"],"picked":"After Image","floor":16},{"not_picked":["Quick Slash","Masterful Stab"],"picked":"Sucker Punch","floor":18},{"not_picked":["Bouncing Flask","Bane+1"],"picked":"Crippling Poison","floor":20},{"not_picked":["Dagger Throw","Underhanded Strike","Quick Slash+1"],"picked":"SKIP","floor":22},{"not_picked":["Outmaneuver","Setup","A Thousand Cuts"],"picked":"SKIP","floor":24},{"not_picked":["Underhanded Strike","All Out Attack","Skewer"],"picked":"SKIP","floor":25},{"not_picked":["Slice","Well Laid Plans"],"picked":"Poisoned Stab","floor":30},{"not_picked":["Envenom","Corpse Explosion"],"picked":"Night Terror","floor":33},{"not_picked":["Slice","PiercingWail+1"],"picked":"Cloak And Dagger+1","floor":35},{"not_picked":["Poisoned Stab+1","Dodge and Roll"],"picked":"Deflect+1","floor":37},{"not_picked":["Blade Dance","Dodge and Roll"],"picked":"Envenom","floor":38},{"not_picked":["Skewer","Poisoned Stab+1"],"picked":"Deflect","floor":40},{"not_picked":["Predator+1","Infinite Blades"],"picked":"Prepared","floor":42},{"not_picked":["Bane+1","Riddle With Holes","Acrobatics+1"],"picked":"SKIP","floor":44},{"not_picked":["Concentrate+1","Phantasmal Killer"],"picked":"Heel Hook","floor":46},{"not_picked":["Blade Dance+1","Expertise"],"picked":"Cloak And Dagger+1","floor":47},{"not_picked":["Tactician","Flying Knee","Cloak And Dagger"],"picked":"SKIP","floor":48}],"player_experience":563616,"relics_obtained":[{"floor":7,"key":"Paper Crane"},{"floor":9,"key":"Meat on the Bone"},{"floor":14,"key":"Pen Nib"},{"floor":24,"key":"Bottled Flame"},{"floor":26,"key":"Bottled Tornado"},{"floor":38,"key":"Gambling Chip"},{"floor":40,"key":"Pear"},{"floor":43,"key":"PreservedInsect"},{"floor":44,"key":"Dream Catcher"},{"floor":46,"key":"Shovel"},{"floor":49,"key":"Whetstone"}],"event_choices":[{"damage_healed":0,"gold_gain":0,"player_choice":"Success","damage_taken":12,"relics_obtained":["Bag of Marbles"],"max_hp_gain":0,"max_hp_loss":0,"event_name":"Scrap Ooze","floor":4,"gold_loss":0},{"damage_healed":43,"gold_gain":0,"player_choice":"Full Heal","damage_taken":0,"max_hp_gain":0,"max_hp_loss":0,"event_name":"Wheel of Change","floor":8,"gold_loss":0},{"damage_healed":0,"gold_gain":50,"player_choice":"Gained Gold","damage_taken":0,"max_hp_gain":0,"max_hp_loss":0,"event_name":"Golden Wing","floor":12,"gold_loss":0},{"damage_healed":0,"gold_gain":100,"player_choice":"Pray","damage_taken":0,"max_hp_gain":0,"max_hp_loss":0,"event_name":"Golden Shrine","floor":28,"gold_loss":0},{"damage_healed":0,"gold_gain":0,"player_choice":"Became a vampire","damage_taken":0,"max_hp_gain":0,"max_hp_loss":21,"event_name":"Vampires","floor":31,"gold_loss":0,"cards_obtained":["Bite","Bite","Bite","Bite","Bite"]},{"damage_healed":0,"gold_gain":0,"player_choice":"Fight","damage_taken":0,"max_hp_gain":0,"max_hp_loss":0,"event_name":"MindBloom","floor":38,"gold_loss":0},{"damage_healed":0,"gold_gain":0,"player_choice":"Bought 0 Potions","damage_taken":0,"max_hp_gain":0,"max_hp_loss":0,"event_name":"The Woman in Blue","floor":39,"gold_loss":0},{"damage_healed":0,"gold_gain":0,"player_choice":"Embrace Madness","damage_taken":7,"max_hp_gain":0,"max_hp_loss":0,"event_name":"Winding Halls","floor":45,"gold_loss":0,"cards_obtained":["Madness","Madness"]}],"is_beta":false,"boss_relics":[{"not_picked":["White Beast Statue","Eternal Feather"],"picked":"Runic Pyramid"},{"not_picked":["Runic Dome","Velvet Choker"],"picked":"Sozu"}],"items_purged_floors":[19,21,36],"is_endless":false,"potions_floor_spawned":[3,5,13,14,16,18,20,30,33,37,40,42,46],"killed_by":"Time Eater","ascension_level":3}