{"gold_per_floor":[118,131,143,143,33,59,59,88,88,0,0,35,35,66,66,164,164,184,201,213,139,156,181,181,131,131,157,171,196,207,220,220,319,319,333,78,92,10,20,47,47,376,452,527,527,545,580,598,598,598,598,598,68,99,99],"floor_reached":56,"playtime":4315,"items_purged":["Strike_G","Shame"],"score":1756,"play_id":"1af2d6e8-1e1d-4b4f-97de-acdeadb19d6d","local_time":"20190326144437","is_ascension_mode":true,"campfire_choices":[{"data":"Cloak And Dagger","floor":7,"key":"SMITH"},{"data":"Noxious Fumes","floor":15,"key":"SMITH"},{"data":"Strike_G","floor":32,"key":"PURGE"},{"data":"Strike_G","floor":41,"key":"PURGE"},{"data":"Shame","floor":45,"key":"PURGE"},{"floor":49,"key":"RECALL"},{"data":"Decay","floor":52,"key":"PURGE"}],"neow_cost":"NONE","seed_source_timestamp":476959083600263,"circlet_count":0,"master_deck":["Defend_G","Defend_G","Defend_G","Defend_G+1","Defend_G+1","Strike_G","Strike_G","Survivor","Neutralize+1","Flying Knee","Dagger Throw","Cloak And Dagger+1","All Out Attack","Leg Sweep","Corpse Explosion","Leg Sweep","Well Laid Plans+1","Noxious Fumes+1","Envenom","Malaise","Infinite Blades","Skewer","Crippling Poison+1","PiercingWail","Malaise","Caltrops+1","Burst","Acrobatics+1","Noxious Fumes","Crippling Poison","Cloak And Dagger+1","Cloak And Dagger+1","Envenom","Catalyst","Catalyst","Infinite Blades"],"relics":["Ring of the Snake","Bag of Preparation","Thread and Needle","Bird Faced Urn","Singing Bowl","Orichalcum","Fusion Hammer","Peace Pipe","Letter Opener","Art of War","Pantograph","Calling Bell","Vajra","Pear","Calipers","PreservedInsect","Ice Cream","Old Coin","Ornamental Fan","Kunai","Lee\u0027s Waffle","Bronze Scales","Ninja Scroll"],"potions_floor_usage":[6,8,16,23,23,33,39,40,50,55],"damage_taken":[{"damage":0,"enemies":"Cultist","floor":1,"turns":5},{"damage":0,"enemies":"Small Slimes","floor":2,"turns":4},{"damage":1,"enemies":"2 Louse","floor":3,"turns":2},{"damage":13,"enemies":"3 Sentries","floor":6,"turns":6},{"damage":0,"enemies":"Gremlin Nob","floor":8,"turns":4},{"damage":10,"enemies":"3 Sentries","floor":12,"turns":3},{"damage":5,"enemies":"Lagavulin","floor":14,"turns":7},{"damage":0,"enemies":"Slime Boss","floor":16,"turns":8},{"damage":1,"enemies":"Chosen","floor":18,"turns":5},{"damage":5,"enemies":"Shell Parasite","floor":19,"turns":7},{"damage":0,"enemies":"Chosen and Byrds","floor":20,"turns":5},{"damage":0,"enemies":"Snecko","floor":22,"turns":7},{"damage":2,"enemies":"Gremlin Leader","floor":23,"turns":7},{"damage":34,"enemies":"Slavers","floor":27,"turns":3},{"damage":0,"enemies":"3 Cultists","floor":28,"turns":3},{"damage":0,"enemies":"Book of Stabbing","floor":29,"turns":7},{"damage":12,"enemies":"Centurion and Healer","floor":30,"turns":4},{"damage":0,"enemies":"Chosen and Byrds","floor":31,"turns":6},{"damage":20,"enemies":"Champ","floor":33,"turns":13},{"damage":2,"enemies":"3 Darklings","floor":35,"turns":3},{"damage":0,"enemies":"Orb Walker","floor":37,"turns":4},{"damage":22,"enemies":"Writhing Mass","floor":39,"turns":6},{"damage":13,"enemies":"Reptomancer","floor":40,"turns":6},{"damage":18,"enemies":"Nemesis","floor":42,"turns":9},{"damage":9,"enemies":"Spire Growth","floor":46,"turns":7},{"damage":26,"enemies":"Giant Head","floor":47,"turns":8},{"damage":41,"enemies":"Transient","floor":48,"turns":5},{"damage":27,"enemies":"Time Eater","floor":50,"turns":14},{"damage":39,"enemies":"Shield and Spear","floor":54,"turns":5},{"damage":101,"enemies":"The Heart","floor":55,"turns":10}],"seed_played":"-3894406795924618801","potions_obtained":[{"floor":2,"key":"Block Potion"},{"floor":3,"key":"Fruit Juice"},{"floor":8,"key":"Explosive Potion"},{"floor":12,"key":"SpeedPotion"},{"floor":18,"key":"Energy Potion"},{"floor":22,"key":"Fruit Juice"},{"floor":23,"key":"Weak Potion"},{"floor":29,"key":"Strength Potion"},{"floor":35,"key":"Energy Potion"},{"floor":39,"key":"SkillPotion"}],"is_trial":false,"path_per_floor":["M","M","M","?","$","E","R","E","T","$","?","E","?","E","R","B",null,"M","M","M","$","M","E","?","?","T","E","M","E","M","M","R","B",null,"M","$","M","$","M","E","R","E","T","?","R","M","E","M","R","B",null,"R","$","E","B",null],"character_chosen":"THE_SILENT","items_purchased":["All Out Attack","Leg Sweep","Dexterity Potion","Infinite Blades","PreservedInsect","Noxious Fumes","Catalyst","Lee\u0027s Waffle","Bronze Scales","PowerPotion","Infinite Blades"],"campfire_rested":0,"item_purchase_floors":[5,10,10,21,36,38,53,53,53,53,53],"current_hp_per_floor":[70,70,69,55,55,47,47,47,47,47,47,37,37,34,34,38,66,73,74,79,79,81,86,86,86,86,58,62,70,64,76,76,70,95,97,97,102,102,86,87,87,81,81,71,71,74,60,31,31,43,89,89,111,80,22],"gold":99,"neow_bonus":"RANDOM_COMMON_RELIC","is_prod":false,"is_daily":false,"chose_seed":false,"campfire_upgraded":2,"win_rate":0,"timestamp":1553636677,"path_taken":["M","M","M","?","$","E","R","E","T","$","?","E","?","E","R","BOSS","M","M","M","$","?","E","?","?","T","E","M","E","M","?","R","BOSS","M","$","M","$","M","E","R","E","T","?","R","?","E","M","R","BOSS","R","$","E","BOSS"],"build_version":"2019-01-23","purchased_purges":2,"victory":true,"max_hp_per_floor":[70,70,70,70,70,75,75,75,75,75,75,75,75,75,75,75,75,77,77,79,79,81,88,88,88,88,88,88,88,88,90,90,90,100,100,100,102,102,102,104,104,104,104,104,104,104,104,104,104,104,104,104,111,113,113],"card_choices":[{"not_picked":["Deflect","Riddle With Holes"],"picked":"Flying Knee","floor":1},{"not_picked":["Prepared","Bane"],"picked":"Dagger Throw","floor":2},{"not_picked":["Calculated Gamble","Sucker Punch"],"picked":"Cloak And Dagger","floor":3},{"not_picked":["Bouncing Flask","Slice"],"picked":"Leg Sweep","floor":6},{"not_picked":["Cloak And Dagger","Predator"],"picked":"Corpse Explosion","floor":8},{"not_picked":["Riddle With Holes","Distraction"],"picked":"Well Laid Plans","floor":12},{"not_picked":["Bane","Dagger Throw"],"picked":"Noxious Fumes","floor":14},{"not_picked":["Glass Knife","Bullet Time"],"picked":"Envenom","floor":16},{"not_picked":["Outmaneuver","Sucker Punch+1","Acrobatics"],"picked":"Singing Bowl","floor":18},{"not_picked":["Endless Agony","Blade Dance"],"picked":"Malaise","floor":19},{"not_picked":["Backflip","Setup+1","Quick Slash"],"picked":"Singing Bowl","floor":20},{"not_picked":["Quick Slash","Dodge and Roll","Slice"],"picked":"Singing Bowl","floor":22},{"not_picked":["Acrobatics","Dash","Tactician+1"],"picked":"Singing Bowl","floor":23},{"not_picked":["Masterful Stab+1","Tactician"],"picked":"Crippling Poison+1","floor":27},{"not_picked":["Bane","Blur"],"picked":"PiercingWail","floor":28},{"not_picked":["Choke+1","PiercingWail"],"picked":"Malaise","floor":29},{"not_picked":["Underhanded Strike","Endless Agony"],"picked":"Caltrops+1","floor":30},{"not_picked":["Flying Knee","Poisoned Stab","Blade Dance"],"picked":"Singing Bowl","floor":31},{"not_picked":["Storm of Steel","Die Die Die"],"picked":"Burst","floor":33},{"not_picked":["Predator","Deflect+1"],"picked":"Acrobatics+1","floor":35},{"not_picked":["Flying Knee+1","Sucker Punch+1","Prepared"],"picked":"Singing Bowl","floor":37},{"not_picked":["Sucker Punch","Bane"],"picked":"Crippling Poison","floor":39},{"not_picked":["Predator+1","Riddle With Holes","Well Laid Plans"],"picked":"Singing Bowl","floor":40},{"not_picked":["Acrobatics+1","Slice"],"picked":"Cloak And Dagger+1","floor":42},{"not_picked":["Calculated Gamble","Deadly Poison"],"picked":"Cloak And Dagger+1","floor":46},{"not_picked":["Prepared+1","Dagger Spray+1"],"picked":"Envenom","floor":47},{"not_picked":["Backstab+1","Sucker Punch+1"],"picked":"Catalyst","floor":48},{"not_picked":["Dagger Throw","Dagger Spray","Escape Plan+1"],"picked":"Singing Bowl","floor":54}],"player_experience":69246,"relics_obtained":[{"floor":6,"key":"Thread and Needle"},{"floor":8,"key":"Bird Faced Urn"},{"floor":12,"key":"Singing Bowl"},{"floor":14,"key":"Orichalcum"},{"floor":23,"key":"Peace Pipe"},{"floor":26,"key":"Letter Opener"},{"floor":27,"key":"Art of War"},{"floor":29,"key":"Pantograph"},{"floor":34,"key":"Vajra"},{"floor":34,"key":"Pear"},{"floor":34,"key":"Calipers"},{"floor":40,"key":"Ice Cream"},{"floor":42,"key":"Old Coin"},{"floor":43,"key":"Ornamental Fan"},{"floor":47,"key":"Kunai"},{"floor":54,"key":"Ninja Scroll"}],"event_choices":[{"damage_healed":0,"gold_gain":0,"player_choice":"Entered Light","damage_taken":14,"max_hp_gain":0,"max_hp_loss":0,"event_name":"Shining Light","floor":4,"gold_loss":0,"cards_upgraded":["Defend_G","Defend_G"]},{"damage_healed":0,"gold_gain":0,"player_choice":"Grow","damage_taken":0,"max_hp_gain":0,"max_hp_loss":0,"event_name":"Living Wall","floor":11,"gold_loss":0,"cards_upgraded":["Neutralize"]},{"damage_healed":0,"gold_gain":0,"player_choice":"Upgraded","damage_taken":0,"max_hp_gain":0,"max_hp_loss":0,"event_name":"Upgrade Shrine","floor":13,"gold_loss":0,"cards_upgraded":["Well Laid Plans"]},{"damage_healed":0,"gold_gain":0,"player_choice":"Read","damage_taken":0,"max_hp_gain":0,"max_hp_loss":0,"event_name":"The Library","floor":24,"gold_loss":0,"cards_obtained":["Skewer"]},{"damage_healed":0,"gold_gain":0,"player_choice":"Bet on Owner","damage_taken":0,"max_hp_gain":0,"max_hp_loss":0,"event_name":"The Joust","floor":25,"gold_loss":50},{"damage_healed":0,"gold_gain":75,"player_choice":"Touch","damage_taken":10,"max_hp_gain":0,"max_hp_loss":0,"event_name":"FaceTrader","floor":44,"gold_loss":0}],"is_beta":false,"boss_relics":[{"not_picked":["WristBlade","Empty Cage"],"picked":"Fusion Hammer"},{"not_picked":["Lizard Tail","HoveringKite"],"picked":"Calling Bell"}],"items_purged_floors":[5,36],"is_endless":false,"potions_floor_spawned":[2,3,8,12,18,22,23,29,31,35,39],"ascension_level":5}