{"gold_per_floor":[110,60,74,90,106,140,140,175,175,175,175,200,200,214,214,310,310,326,326,56,68,84,116,135,163,163,163,198,198,215,245,245,245],"floor_reached":33,"playtime":1332,"items_purged":[],"score":483,"play_id":"1db74779-2206-461f-881c-23208957d9b1","local_time":"20190404201347","is_ascension_mode":true,"campfire_choices":[{"data":"1","floor":7,"key":"LIFT"},{"data":"2","floor":11,"key":"LIFT"},{"data":"3","floor":15,"key":"LIFT"},{"data":"Anger","floor":29,"key":"SMITH"},{"floor":32,"key":"REST"}],"neow_cost":"NONE","seed_source_timestamp":436579751215603,"circlet_count":0,"master_deck":["Strike_R","Strike_R","Strike_R","Strike_R","Defend_R","Defend_R","Defend_R","Bash","True Grit","Headbutt","Anger+1","Battle Trance","Shockwave","Armaments","Headbutt+1","Immolate+1","Spot Weakness","Corruption","Feel No Pain","Thunderclap+1","Shrug It Off","Shrug It Off+1","Barricade","Dark Embrace","Sword Boomerang+1","RitualDagger+1","Inflame","Pommel Strike+1","True Grit"],"relics":["Burning Blood","Bag of Preparation","Girya","Bag of Marbles","Molten Egg 2","Question Card","Runic Cube","Vajra","Mummified Hand","Bronze Scales","The Courier","Centennial Puzzle","Ginger"],"potions_floor_usage":[12,25,31,33],"damage_taken":[{"damage":5,"enemies":"Cultist","floor":1,"turns":5},{"damage":12,"enemies":"Small Slimes","floor":3,"turns":4},{"damage":0,"enemies":"2 Louse","floor":4,"turns":3},{"damage":5,"enemies":"Blue Slaver","floor":5,"turns":4},{"damage":26,"enemies":"3 Sentries","floor":6,"turns":7},{"damage":18,"enemies":"Gremlin Nob","floor":8,"turns":3},{"damage":23,"enemies":"Lagavulin","floor":12,"turns":4},{"damage":0,"enemies":"3 Louse","floor":14,"turns":2},{"damage":22,"enemies":"Slime Boss","floor":16,"turns":7},{"damage":11,"enemies":"2 Thieves","floor":18,"turns":2},{"damage":6,"enemies":"3 Byrds","floor":21,"turns":2},{"damage":7,"enemies":"Snecko","floor":22,"turns":4},{"damage":3,"enemies":"Slavers","floor":23,"turns":3},{"damage":21,"enemies":"Sentry and Sphere","floor":24,"turns":4},{"damage":5,"enemies":"Gremlin Leader","floor":25,"turns":6},{"damage":12,"enemies":"Slavers","floor":28,"turns":2},{"damage":7,"enemies":"3 Cultists","floor":30,"turns":3},{"damage":49,"enemies":"Book of Stabbing","floor":31,"turns":4},{"damage":41,"enemies":"Automaton","floor":33,"turns":6}],"seed_played":"1652067309460678499","potions_obtained":[{"floor":3,"key":"BloodPotion"},{"floor":5,"key":"Regen Potion"},{"floor":12,"key":"SpeedPotion"},{"floor":18,"key":"Regen Potion"}],"is_trial":false,"path_per_floor":["M","?","M","M","M","E","R","E","T","?","R","E","?","M","R","B",null,"M","?","$","M","M","E","M","E","T","?","E","R","M","E","R","B"],"character_chosen":"IRONCLAD","items_purchased":["Vajra","Feel No Pain","Thunderclap+1"],"campfire_rested":1,"item_purchase_floors":[20,20,20],"current_hp_per_floor":[73,73,67,73,74,54,54,42,42,35,35,30,35,41,41,25,70,65,65,65,65,64,67,52,61,61,55,49,49,48,10,35,0],"gold":245,"neow_bonus":"RANDOM_COMMON_RELIC","is_prod":false,"is_daily":false,"chose_seed":false,"campfire_upgraded":1,"win_rate":0,"timestamp":1554434027,"path_taken":["M","?","M","M","M","E","R","E","T","?","R","E","?","M","R","BOSS","M","?","$","M","M","E","M","E","T","?","E","R","M","E","R","BOSS"],"build_version":"2019-01-23","purchased_purges":0,"victory":false,"max_hp_per_floor":[80,80,80,80,80,80,80,80,80,80,80,80,85,85,85,85,85,85,85,85,85,85,85,85,85,85,85,85,85,85,85,85,85],"card_choices":[{"not_picked":["Flex","Seeing Red"],"picked":"True Grit","floor":1},{"not_picked":["Battle Trance","Perfected Strike"],"picked":"Headbutt","floor":3},{"not_picked":["Dual Wield","Rupture"],"picked":"Anger","floor":4},{"not_picked":["Intimidate","Clash"],"picked":"Battle Trance","floor":5},{"not_picked":["Sever Soul","Bloodletting","Iron Wave"],"picked":"SKIP","floor":6},{"not_picked":["Double Tap","Heavy Blade"],"picked":"Shockwave","floor":8},{"not_picked":["Wild Strike+1","Body Slam+1"],"picked":"Armaments","floor":12},{"not_picked":["Combust","Cleave+1","Shrug It Off"],"picked":"Headbutt+1","floor":14},{"not_picked":["Bludgeon+1","Double Tap","Barricade"],"picked":"Immolate+1","floor":16},{"not_picked":["Rage","Warcry+1","Sword Boomerang+1"],"picked":"Spot Weakness","floor":18},{"not_picked":["Body Slam+1","True Grit","Perfected Strike+1"],"picked":"Shrug It Off","floor":21},{"not_picked":["Clothesline+1","True Grit","Shockwave"],"picked":"Shrug It Off+1","floor":22},{"not_picked":["Thunderclap+1","Bloodletting+1","Shrug It Off"],"picked":"Barricade","floor":23},{"not_picked":["Dropkick+1","Ghostly Armor","Cleave+1"],"picked":"Dark Embrace","floor":24},{"not_picked":["Blood for Blood+1","Iron Wave+1","Corruption+1"],"picked":"Sword Boomerang+1","floor":25},{"not_picked":["Havoc","Armaments","Shrug It Off+1"],"picked":"Inflame","floor":28},{"not_picked":["Flex","Spot Weakness","Seeing Red"],"picked":"Pommel Strike+1","floor":30},{"not_picked":["Armaments","Hemokinesis+1","Dropkick+1"],"picked":"True Grit","floor":31}],"player_experience":165955,"relics_obtained":[{"floor":6,"key":"Girya"},{"floor":8,"key":"Bag of Marbles"},{"floor":9,"key":"Molten Egg 2"},{"floor":12,"key":"Question Card"},{"floor":23,"key":"Mummified Hand"},{"floor":25,"key":"Bronze Scales"},{"floor":26,"key":"The Courier"},{"floor":28,"key":"Centennial Puzzle"},{"floor":31,"key":"Ginger"}],"event_choices":[{"cards_removed":["Defend_R"],"damage_healed":0,"gold_gain":0,"player_choice":"Card Removal","damage_taken":0,"max_hp_gain":0,"max_hp_loss":0,"event_name":"The Cleric","floor":2,"gold_loss":50},{"cards_removed":["Strike_R"],"damage_healed":0,"gold_gain":0,"player_choice":"Card Removal","damage_taken":7,"max_hp_gain":0,"max_hp_loss":0,"event_name":"Golden Wing","floor":10,"gold_loss":0},{"damage_healed":0,"gold_gain":0,"player_choice":"Donut","damage_taken":0,"max_hp_gain":5,"max_hp_loss":0,"event_name":"Big Fish","floor":13,"gold_loss":0},{"damage_healed":0,"gold_gain":0,"player_choice":"Read","damage_taken":0,"max_hp_gain":0,"max_hp_loss":0,"event_name":"The Library","floor":19,"gold_loss":0,"cards_obtained":["Corruption"]},{"damage_healed":0,"gold_gain":0,"player_choice":"Joined the Cult","damage_taken":6,"max_hp_gain":0,"max_hp_loss":0,"event_name":"Nest","floor":27,"gold_loss":0,"cards_obtained":["RitualDagger"]}],"is_beta":false,"boss_relics":[{"not_picked":["Fusion Hammer","Orrery"],"picked":"Runic Cube"}],"items_purged_floors":[],"is_endless":false,"potions_floor_spawned":[3,5,12,18,23,24],"killed_by":"Automaton","ascension_level":8}