{"gold_per_floor":[212,229,154,154,167,201,201,201,227,227,242,275,290,318,330,442,454,486,516,558,570,602,648,860,887,926,938,966,991,1003,1025,1037,1147,1159,1185,1216,1228,849,849,849,860,860,860,860,892,902,902,922,922,922],"floor_reached":51,"playtime":3667,"items_purged":["Strike_B","Defend_B"],"score":719,"play_id":"c0e4eeba-cf62-4537-8e2c-881de094dfb6","local_time":"20181117113054","is_ascension_mode":false,"campfire_choices":[{"data":"Genetic Algorithm","floor":8,"key":"SMITH"},{"data":"Defragment","floor":10,"key":"SMITH"},{"floor":15,"key":"REST"},{"floor":27,"key":"REST"},{"floor":30,"key":"REST"},{"floor":32,"key":"REST"},{"data":"Thunder Strike","floor":40,"key":"SMITH"},{"floor":42,"key":"REST"},{"data":"Turbo","floor":44,"key":"SMITH"},{"data":"Tempest","floor":49,"key":"SMITH"}],"neow_cost":"NONE","seed_source_timestamp":287067105570914,"circlet_count":0,"master_deck":["Strike_B","Strike_B","Defend_B+1","Defend_B","Defend_B+1","Zap","Dualcast","Genetic Algorithm+1","Defragment+1","Echo Form+1","Force Field+1","Ball Lightning+1","Writhe","Streamline+1","Turbo+1","Auto Shields+1","Tempest+1","Thunder Strike+1","Leap+1","FTL+1","Self Repair+1","Ball Lightning+1","Static Discharge+1"],"relics":["Cracked Core","Art of War","War Paint","Orichalcum","Letter Opener","MawBank","White Beast Statue","Tiny Chest","Prayer Wheel","Vajra","Inserter","Centennial Puzzle","Pen Nib","Dodecahedron","Dream Catcher","Bottled Flame"],"potions_floor_usage":[6,11,16,16,19,22,23,25,28,28,28,28,31,31,35,41,41,41,45,45,48,48,48,50],"damage_taken":[{"damage":1,"enemies":"Cultist","floor":1,"turns":3},{"damage":0,"enemies":"Small Slimes","floor":2,"turns":2},{"damage":0,"enemies":"2 Louse","floor":5,"turns":2},{"damage":31,"enemies":"Gremlin Nob","floor":6,"turns":4},{"damage":2,"enemies":"Gremlin Gang","floor":11,"turns":4},{"damage":21,"enemies":"3 Sentries","floor":12,"turns":7},{"damage":4,"enemies":"Looter","floor":13,"turns":3},{"damage":0,"enemies":"Gremlin Nob","floor":14,"turns":4},{"damage":35,"enemies":"Hexaghost","floor":16,"turns":10},{"damage":6,"enemies":"3 Byrds","floor":18,"turns":4},{"damage":8,"enemies":"Chosen","floor":19,"turns":5},{"damage":11,"enemies":"Shelled Parasite and Fungi","floor":22,"turns":5},{"damage":37,"enemies":"Gremlin Leader","floor":23,"turns":6},{"damage":3,"enemies":"Snecko","floor":25,"turns":5},{"damage":11,"enemies":"Sentry and Sphere","floor":28,"turns":4},{"damage":16,"enemies":"Snake Plant","floor":29,"turns":4},{"damage":30,"enemies":"3 Cultists","floor":31,"turns":5},{"damage":43,"enemies":"Automaton","floor":33,"turns":8},{"damage":19,"enemies":"Orb Walker","floor":35,"turns":5},{"damage":8,"enemies":"3 Darklings","floor":36,"turns":6},{"damage":25,"enemies":"Maw","floor":41,"turns":7},{"damage":20,"enemies":"Nemesis","floor":45,"turns":5},{"damage":44,"enemies":"Spire Growth","floor":46,"turns":5},{"damage":16,"enemies":"Jaw Worm Horde","floor":48,"turns":4},{"damage":88,"enemies":"Awakened One","floor":50,"turns":6}],"seed_played":"3541344123925419201","potions_obtained":[{"floor":1,"key":"Poison Potion"},{"floor":6,"key":"Fire Potion"},{"floor":14,"key":"FocusPotion"},{"floor":16,"key":"Fruit Juice"},{"floor":18,"key":"AttackPotion"},{"floor":19,"key":"Explosive Potion"},{"floor":22,"key":"Fire Potion"},{"floor":23,"key":"PowerPotion"},{"floor":25,"key":"EntropicBrew"},{"floor":28,"key":"Explosive Potion"},{"floor":29,"key":"PowerPotion"},{"floor":31,"key":"SpeedPotion"},{"floor":33,"key":"Weak Potion"},{"floor":35,"key":"SteroidPotion"},{"floor":36,"key":"EntropicBrew"},{"floor":41,"key":"PowerPotion"},{"floor":45,"key":"Fire Potion"},{"floor":46,"key":"Explosive Potion"},{"floor":48,"key":"Swift Potion"}],"is_trial":false,"path_per_floor":["M","M","$","?","M","E","?","R","T","R","M","E","M","E","R","B",null,"M","M","?","?","M","E","?","M","T","R","M","M","R","M","R","B",null,"M","M","?","$","?","R","M","R","T","R","E","M","T","M","R","B",null],"character_chosen":"DEFECT","items_purchased":["Centennial Puzzle","Pen Nib"],"campfire_rested":5,"item_purchase_floors":[38,38],"current_hp_per_floor":[74,74,74,67,67,36,61,61,61,61,59,38,34,34,56,26,80,74,66,66,66,55,18,18,15,15,39,28,12,36,6,30,53,80,61,53,53,53,53,53,38,62,62,62,52,80,80,74,74,59],"gold":922,"neow_bonus":"HUNDRED_GOLD","is_prod":false,"is_daily":false,"chose_seed":false,"campfire_upgraded":5,"win_rate":0.0,"timestamp":1542450654,"path_taken":["M","M","$","?","M","E","?","R","T","R","M","E","M","E","R","BOSS","M","M","?","?","M","E","?","M","T","R","M","M","R","M","R","BOSS","M","?","?","$","?","R","M","R","T","R","E","?","?","M","R","BOSS"],"build_version":"2018-11-15","purchased_purges":2,"victory":true,"max_hp_per_floor":[75,75,75,75,75,75,75,75,75,75,75,75,75,75,75,80,80,80,80,80,80,80,80,80,80,80,80,80,80,80,80,80,80,80,80,80,80,80,80,80,80,80,80,80,80,80,80,80,80,80],"card_choices":[{"not_picked":["Rip and Tear","Beam Cell","Sweeping Beam"],"picked":"SKIP","floor":1},{"not_picked":["Fusion","Beam Cell"],"picked":"Genetic Algorithm","floor":2},{"not_picked":["Gash","Fusion"],"picked":"Defragment","floor":5},{"not_picked":["Heatsinks","Undo","Rip and Tear"],"picked":"SKIP","floor":6},{"not_picked":["Scrape","Sweeping Beam","Darkness"],"picked":"SKIP","floor":11},{"not_picked":["Beam Cell","Chill","Rebound"],"picked":"SKIP","floor":12},{"not_picked":["Stack","Sweeping Beam","Aggregate"],"picked":"SKIP","floor":13},{"not_picked":["Steam","Hello World","Streamline"],"picked":"SKIP","floor":14},{"not_picked":["Hyperbeam","Reboot"],"picked":"Echo Form","floor":16},{"not_picked":["Rebound","Compile Driver"],"picked":"Force Field+1","floor":18},{"not_picked":["Hologram","Rip and Tear"],"picked":"Ball Lightning+1","floor":19},{"not_picked":["Coolheaded","Ball Lightning"],"picked":"Streamline+1","floor":22},{"not_picked":["Amplify","Redo"],"picked":"Turbo","floor":23},{"not_picked":["Sweeping Beam","Cold Snap","Go for the Eyes+1"],"picked":"SKIP","floor":25},{"not_picked":["Redo","Go for the Eyes+1","Steam"],"picked":"SKIP","floor":25},{"not_picked":["Barrage","Steam"],"picked":"Auto Shields+1","floor":28},{"not_picked":["Auto Shields","Turbo"],"picked":"Tempest","floor":28},{"not_picked":["Redo","Skim"],"picked":"Thunder Strike","floor":29},{"not_picked":["Sweeping Beam+1","Turbo","Rip and Tear"],"picked":"SKIP","floor":29},{"not_picked":["Compile Driver+1","Auto Shields"],"picked":"Leap+1","floor":31},{"not_picked":["Conserve Battery","Turbo","Compile Driver+1"],"picked":"SKIP","floor":31},{"not_picked":["Gash+1","Hologram+1"],"picked":"FTL+1","floor":35},{"not_picked":["Sweeping Beam","Rebound+1","Coolheaded+1"],"picked":"SKIP","floor":35},{"not_picked":["Leap","Double Energy"],"picked":"Self Repair+1","floor":36},{"not_picked":["Stack","Hello World","Doom and Gloom"],"picked":"SKIP","floor":36},{"not_picked":["Beam Cell","Coolheaded+1"],"picked":"Ball Lightning+1","floor":41},{"not_picked":["Chaos+1","Rainbow"],"picked":"Static Discharge+1","floor":41},{"not_picked":["Rebound","Steam Power","Coolheaded"],"picked":"SKIP","floor":45},{"not_picked":["Redo","Cold Snap","Hologram"],"picked":"SKIP","floor":46},{"not_picked":["Leap+1","Cold Snap","Coolheaded"],"picked":"SKIP","floor":46},{"not_picked":["Sunder","Leap","Turbo+1"],"picked":"SKIP","floor":48},{"not_picked":["Sunder","Gash","Fusion"],"picked":"SKIP","floor":48}],"player_experience":210074,"relics_obtained":[{"floor":6,"key":"War Paint"},{"floor":9,"key":"Orichalcum"},{"floor":12,"key":"Letter Opener"},{"floor":14,"key":"MawBank"},{"floor":23,"key":"Prayer Wheel"},{"floor":26,"key":"Vajra"},{"floor":43,"key":"Dodecahedron"},{"floor":45,"key":"Dream Catcher"},{"floor":47,"key":"Bottled Flame"}],"event_choices":[{"damage_healed":0,"gold_gain":0,"player_choice":"Success","damage_taken":7,"relics_obtained":["Art of War"],"max_hp_gain":0,"max_hp_loss":0,"event_name":"Scrap Ooze","floor":4,"gold_loss":0},{"damage_healed":25,"gold_gain":0,"player_choice":"Banana","damage_taken":0,"max_hp_gain":0,"max_hp_loss":0,"event_name":"Big Fish","floor":7,"gold_loss":0},{"damage_healed":0,"gold_gain":0,"player_choice":"Opened","damage_taken":0,"relics_obtained":["Tiny Chest"],"max_hp_gain":0,"max_hp_loss":0,"event_name":"The Mausoleum","floor":20,"gold_loss":0,"cards_obtained":["Writhe"]},{"damage_healed":0,"gold_gain":0,"player_choice":"Ignored","damage_taken":0,"max_hp_gain":0,"max_hp_loss":0,"event_name":"Vampires","floor":21,"gold_loss":0},{"damage_healed":0,"gold_gain":200,"player_choice":"Gold","damage_taken":0,"max_hp_gain":0,"max_hp_loss":0,"event_name":"Wheel of Change","floor":24,"gold_loss":0},{"cards_removed":["Strike_B"],"damage_healed":0,"gold_gain":0,"player_choice":"Removed Attack","damage_taken":0,"max_hp_gain":0,"max_hp_loss":0,"event_name":"Falling","floor":37,"gold_loss":0},{"damage_healed":0,"gold_gain":0,"player_choice":"Upgraded","damage_taken":0,"max_hp_gain":0,"max_hp_loss":0,"event_name":"Upgrade Shrine","floor":39,"gold_loss":0,"cards_upgraded":["Echo Form"]}],"is_beta":false,"boss_relics":[{"not_picked":["Fusion Hammer","Pandora\u0027s Box"],"picked":"White Beast Statue"},{"not_picked":["Velvet Choker","Tiny House"],"picked":"Inserter"}],"items_purged_floors":[3,38],"is_endless":false,"potions_floor_spawned":[1,6,14,16,18,19,22,23,25,28,29,31,33,35,36,41,45,46,48],"ascension_level":0}