{"gold_per_floor":[16,35,51,51,51,51,66,107,132,197,197],"floor_reached":11,"playtime":303,"items_purged":[],"score":149,"play_id":"41bf921b-a18e-4da9-a2bc-d5543781114d","local_time":"20190202001642","is_ascension_mode":true,"campfire_choices":[{"data":"Neutralize","floor":6,"key":"SMITH"}],"neow_cost":"NO_GOLD","seed_source_timestamp":554950768699071,"circlet_count":0,"master_deck":["AscendersBane","Defend_G","Defend_G","Defend_G","Defend_G","Strike_G","Strike_G","Strike_G","Strike_G","Survivor","Neutralize+1","Distraction","Corpse Explosion","Deadly Poison","Backstab","PiercingWail","Dodge and Roll","Wraith Form v2"],"relics":["Ring of the Snake","Golden Idol","Centennial Puzzle","Smiling Mask","Bag of Preparation","Tiny Chest"],"potions_floor_usage":[],"damage_taken":[{"damage":0,"enemies":"2 Louse","floor":1,"turns":2},{"damage":0,"enemies":"Cultist","floor":2,"turns":3},{"damage":0,"enemies":"Jaw Worm","floor":3,"turns":4},{"damage":6,"enemies":"Looter","floor":7,"turns":3},{"damage":16,"enemies":"3 Sentries","floor":8,"turns":4},{"damage":28,"enemies":"Gremlin Nob","floor":10,"turns":4},{"damage":10,"enemies":"Blue Slaver","floor":11,"turns":4}],"seed_played":"258945434825249059","potions_obtained":[{"floor":2,"key":"GamblersBrew"},{"floor":3,"key":"PowerPotion"}],"is_trial":false,"path_per_floor":["M","M","M","?","?","R","M","E","T","E","M"],"character_chosen":"THE_SILENT","items_purchased":[],"campfire_rested":0,"item_purchase_floors":[],"current_hp_per_floor":[59,59,59,59,59,59,53,37,37,9,0],"gold":197,"neow_bonus":"TRANSFORM_TWO_CARDS","is_prod":false,"is_daily":false,"chose_seed":false,"campfire_upgraded":1,"win_rate":0,"timestamp":1549066602,"path_taken":["M","M","M","?","?","R","M","E","T","E","M"],"build_version":"2019-01-23","purchased_purges":0,"victory":false,"max_hp_per_floor":[66,66,66,60,60,60,60,60,60,60,60],"card_choices":[{"not_picked":["Poisoned Stab","Dagger Throw"],"picked":"Deadly Poison","floor":1},{"not_picked":["Bane","Dash"],"picked":"Backstab","floor":2},{"not_picked":["Dagger Spray","Flying Knee"],"picked":"PiercingWail","floor":3},{"not_picked":["Dagger Spray","Underhanded Strike"],"picked":"Dodge and Roll","floor":7},{"not_picked":["Dagger Spray","Dagger Throw","Prepared"],"picked":"SKIP","floor":8},{"not_picked":["Dagger Throw","Masterful Stab"],"picked":"Wraith Form v2","floor":10}],"player_experience":184434,"relics_obtained":[{"floor":8,"key":"Smiling Mask"},{"floor":9,"key":"Bag of Preparation"},{"floor":10,"key":"Tiny Chest"}],"event_choices":[{"damage_healed":0,"gold_gain":0,"player_choice":"Lose Max HP","damage_taken":0,"relics_obtained":["Golden Idol"],"max_hp_gain":0,"max_hp_loss":6,"event_name":"Golden Idol","floor":4,"gold_loss":0},{"damage_healed":0,"gold_gain":0,"player_choice":"Gave Potion","damage_taken":0,"relics_obtained":["Centennial Puzzle"],"max_hp_gain":0,"max_hp_loss":0,"event_name":"WeMeetAgain","floor":5,"gold_loss":0}],"is_beta":false,"boss_relics":[],"items_purged_floors":[],"is_endless":false,"potions_floor_spawned":[2,3],"killed_by":"Blue Slaver","ascension_level":16}