{"gold_per_floor":[115,132,150,164,184,211,232,260,260,260,260,276,308,328,328,433,433,413,432,446,159,159,188,188,218,218,249,268,168,168,95,95,191,191,204,204,224,224,243,302,5,24,77,77],"floor_reached":44,"playtime":1653,"items_purged":["Defend_B","Zap"],"score":545,"play_id":"a4cbadd8-2898-4593-84c5-7bf28117baf7","local_time":"20190222185934","is_ascension_mode":false,"campfire_choices":[{"data":"Doom and Gloom","floor":10,"key":"SMITH"},{"floor":15,"key":"REST"},{"floor":24,"key":"REST"},{"data":"Loop","floor":30,"key":"SMITH"},{"data":"Loop","floor":32,"key":"SMITH"}],"neow_cost":"NONE","seed_source_timestamp":178047219354604,"circlet_count":0,"master_deck":["Strike_B","Strike_B","Strike_B","Defend_B","Defend_B","Defend_B","Dualcast","Doom and Gloom+1","Conserve Battery","Ball Lightning","Cold Snap","Loop+1","Glacier","Sunder+1","Defragment+1","Loop+1","Defragment","Creative AI","Redo","Self Repair"],"relics":["Velvet Choker","Art of War","Odd Mushroom","Orichalcum","Bottled Flame","Kunai","Lizard Tail","PreservedInsect","NlothsMask","StoneCalendar","Happy Flower","Blood Vial","Fusion Hammer","Tiny Chest","DataDisk","Regal Pillow","Potion Belt"],"potions_floor_usage":[6,27,33],"damage_taken":[{"damage":0,"enemies":"Cultist","floor":1,"turns":3},{"damage":1,"enemies":"2 Louse","floor":2,"turns":2},{"damage":6,"enemies":"Jaw Worm","floor":3,"turns":3},{"damage":8,"enemies":"Red Slaver","floor":4,"turns":4},{"damage":0,"enemies":"2 Fungi Beasts","floor":5,"turns":2},{"damage":13,"enemies":"3 Sentries","floor":6,"turns":5},{"damage":5,"enemies":"The Mushroom Lair","floor":7,"turns":4},{"damage":14,"enemies":"Lagavulin","floor":8,"turns":6},{"damage":3,"enemies":"Exordium Wildlife","floor":12,"turns":3},{"damage":2,"enemies":"3 Sentries","floor":13,"turns":5},{"damage":0,"enemies":"Lots of Slimes","floor":14,"turns":1},{"damage":2,"enemies":"The Guardian","floor":16,"turns":9},{"damage":16,"enemies":"2 Thieves","floor":18,"turns":5},{"damage":0,"enemies":"Spheric Guardian","floor":19,"turns":3},{"damage":15,"enemies":"Shelled Parasite and Fungi","floor":20,"turns":5},{"damage":22,"enemies":"Gremlin Leader","floor":23,"turns":4},{"damage":8,"enemies":"Book of Stabbing","floor":25,"turns":3},{"damage":36,"enemies":"Gremlin Leader","floor":27,"turns":6},{"damage":4,"enemies":"Cultist and Chosen","floor":28,"turns":4},{"damage":31,"enemies":"Automaton","floor":33,"turns":10},{"damage":8,"enemies":"3 Shapes","floor":35,"turns":4},{"damage":9,"enemies":"Orb Walker","floor":37,"turns":6},{"damage":45,"enemies":"Spire Growth","floor":39,"turns":6},{"damage":8,"enemies":"Giant Head","floor":40,"turns":7},{"damage":14,"enemies":"Jaw Worm Horde","floor":42,"turns":5},{"damage":22,"enemies":"Maw","floor":44,"turns":2}],"seed_played":"4979370327231664242","potions_obtained":[{"floor":1,"key":"Weak Potion"},{"floor":3,"key":"SkillPotion"},{"floor":5,"key":"Fire Potion"},{"floor":7,"key":"Energy Potion"},{"floor":19,"key":"AttackPotion"},{"floor":25,"key":"AttackPotion"},{"floor":33,"key":"Swift Potion"},{"floor":36,"key":"Ancient Potion"}],"is_trial":false,"path_per_floor":["M","M","M","M","M","E","?","E","T","R","?","M","E","M","R","B",null,"M","M","M","$","?","E","R","E","T","E","M","$","R","$","R","B",null,"M","?","M","?","M","E","$","M","T","M"],"character_chosen":"DEFECT","items_purchased":["PreservedInsect","Loop","Defragment","DataDisk","Regal Pillow"],"campfire_rested":2,"item_purchase_floors":[21,21,31,41,41],"current_hp_per_floor":[75,74,68,60,60,47,42,28,28,28,28,25,23,23,45,43,75,59,59,44,44,44,22,44,36,36,37,35,35,35,35,35,6,75,67,67,60,60,24,25,25,20,20,0],"gold":77,"neow_bonus":"BOSS_RELIC","is_prod":false,"is_daily":false,"chose_seed":false,"campfire_upgraded":3,"win_rate":0,"timestamp":1550890774,"path_taken":["M","M","M","M","M","E","?","E","T","R","?","M","E","?","R","BOSS","M","M","M","$","?","E","R","E","T","E","?","$","R","$","R","BOSS","M","?","?","?","M","E","$","M","T","M"],"build_version":"2019-01-23","purchased_purges":2,"victory":false,"max_hp_per_floor":[75,75,75,75,75,75,75,75,75,75,75,75,75,75,75,75,75,75,75,75,75,75,75,75,75,75,75,75,75,75,75,75,75,75,75,75,75,75,75,75,75,75,75,75],"card_choices":[{"not_picked":["Compile Driver","Lockon"],"picked":"Doom and Gloom","floor":1},{"not_picked":["Blizzard","Steam","Stack"],"picked":"SKIP","floor":2},{"not_picked":["Leap","Cold Snap"],"picked":"Conserve Battery","floor":3},{"not_picked":["Skim","Force Field"],"picked":"Ball Lightning","floor":4},{"not_picked":["FTL","Compile Driver"],"picked":"Cold Snap","floor":5},{"not_picked":["Gash","Rebound"],"picked":"Loop","floor":6},{"not_picked":["All For One","Gash","Go for the Eyes"],"picked":"SKIP","floor":8},{"not_picked":["Rip and Tear","Leap"],"picked":"Glacier","floor":12},{"not_picked":["Turbo","Reinforced Body","Cold Snap"],"picked":"SKIP","floor":13},{"not_picked":["Gash","FTL","Conserve Battery"],"picked":"SKIP","floor":14},{"not_picked":["Cold Snap","Doom and Gloom"],"picked":"Sunder+1","floor":18},{"not_picked":["Compile Driver","Stack","Sweeping Beam"],"picked":"SKIP","floor":19},{"not_picked":["Conserve Battery","Undo+1"],"picked":"Defragment+1","floor":20},{"not_picked":["Hologram","Consume","Coolheaded"],"picked":"SKIP","floor":23},{"not_picked":["Turbo","White Noise","Stack"],"picked":"SKIP","floor":25},{"not_picked":["Doom and Gloom","Beam Cell+1","Fusion"],"picked":"SKIP","floor":27},{"not_picked":["Skim","Compile Driver+1","Barrage+1"],"picked":"SKIP","floor":28},{"not_picked":["Thunder Strike","Echo Form"],"picked":"Creative AI","floor":33},{"not_picked":["Chaos+1","Cold Snap"],"picked":"Redo","floor":35},{"not_picked":["Steam+1","Gash"],"picked":"Self Repair","floor":37},{"not_picked":["Aggregate+1","FTL+1","Ball Lightning"],"picked":"SKIP","floor":39},{"not_picked":["Seek","Cold Snap+1","Sweeping Beam+1"],"picked":"SKIP","floor":40},{"not_picked":["Fusion","FTL+1","Undo+1"],"picked":"SKIP","floor":42}],"player_experience":440549,"relics_obtained":[{"floor":6,"key":"Art of War"},{"floor":7,"key":"Odd Mushroom"},{"floor":8,"key":"Orichalcum"},{"floor":9,"key":"Bottled Flame"},{"floor":13,"key":"Kunai"},{"floor":23,"key":"StoneCalendar"},{"floor":25,"key":"Happy Flower"},{"floor":27,"key":"Blood Vial"},{"floor":40,"key":"Tiny Chest"},{"floor":43,"key":"Potion Belt"}],"event_choices":[{"damage_healed":0,"gold_gain":0,"player_choice":"Fought Mushrooms","damage_taken":0,"max_hp_gain":0,"max_hp_loss":0,"event_name":"Mushrooms","floor":7,"gold_loss":0},{"cards_removed":["Strike_B"],"damage_healed":0,"gold_gain":0,"player_choice":"Purged","damage_taken":0,"max_hp_gain":0,"max_hp_loss":0,"event_name":"Purifier","floor":11,"gold_loss":0},{"damage_healed":0,"gold_gain":0,"player_choice":"Trade","damage_taken":0,"relics_obtained":["NlothsMask"],"max_hp_gain":0,"max_hp_loss":0,"event_name":"FaceTrader","floor":22,"gold_loss":0},{"damage_healed":0,"gold_gain":0,"player_choice":"Got Potions","damage_taken":0,"max_hp_gain":0,"max_hp_loss":0,"event_name":"Lab","floor":36,"gold_loss":0},{"damage_healed":0,"gold_gain":0,"player_choice":"Ignored","damage_taken":0,"max_hp_gain":0,"max_hp_loss":0,"event_name":"Tomb of Lord Red Mask","floor":38,"gold_loss":0}],"is_beta":false,"boss_relics":[{"not_picked":["Busted Crown","Runic Dome"],"picked":"Lizard Tail"},{"not_picked":["Astrolabe","Empty Cage"],"picked":"Fusion Hammer"}],"items_purged_floors":[21,29],"is_endless":false,"potions_floor_spawned":[1,3,5,7,13,16,19,25,33,37,42],"killed_by":"Maw","ascension_level":0}