{"gold_per_floor":[118,136,211,31,31,31,61,61,61,93,93,105,105,119,119,217,217,234,334,347,347],"floor_reached":21,"playtime":2439,"items_purged":[],"score":330,"play_id":"c3ca9fc6-4e6e-48c7-95ca-3fc0519760c2","local_time":"20190412124256","is_ascension_mode":true,"campfire_choices":[{"data":"Shrug It Off","floor":8.0,"key":"SMITH"},{"data":"Pommel Strike","floor":11.0,"key":"SMITH"},{"data":"Bash","floor":13.0,"key":"SMITH"},{"data":"Warcry","floor":15.0,"key":"SMITH"}],"neow_cost":"NONE","seed_source_timestamp":0,"circlet_count":0,"master_deck":["Strike_R","Strike_R","Strike_R","Strike_R","Strike_R","Defend_R","Defend_R","Defend_R","Defend_R","Bash+1","Warcry+1","Battle Trance","Shrug It Off+1","Pommel Strike+1","Rupture+1","Offering"],"special_seed":0,"relics":["Black Blood","PreservedInsect","Frozen Egg 2","Mummified Hand","Lantern"],"potions_floor_usage":[16,16,18,21],"damage_taken":[{"damage":7.0,"enemies":"Small Slimes","floor":1.0,"turns":4.0},{"damage":2.0,"enemies":"Jaw Worm","floor":2.0,"turns":3.0},{"damage":32.0,"enemies":"Gremlin Nob","floor":7.0,"turns":4.0},{"damage":15.0,"enemies":"3 Sentries","floor":10.0,"turns":8.0},{"damage":0.0,"enemies":"Cultist","floor":12.0,"turns":2.0},{"damage":1.0,"enemies":"2 Fungi Beasts","floor":14.0,"turns":2.0},{"damage":37,"enemies":"The Guardian","floor":16,"turns":14},{"damage":39,"enemies":"Shell Parasite","floor":18,"turns":7},{"damage":36,"enemies":"2 Thieves","floor":20,"turns":4},{"damage":39,"enemies":"3 Cultists","floor":21,"turns":5}],"seed_played":"-2508750837981564014","potions_obtained":[{"floor":2.0,"key":"Poison Potion"},{"floor":10.0,"key":"Dexterity Potion"},{"floor":14.0,"key":"Energy Potion"},{"floor":16,"key":"Poison Potion"},{"floor":20,"key":"Dexterity Potion"}],"is_trial":false,"path_per_floor":["M","M","?","$","?","$","E","R","T","E","R","M","R","M","R","B",null,"M","?","M","M"],"character_chosen":"IRONCLAD","items_purchased":["PreservedInsect","Shrug It Off"],"campfire_rested":0,"item_purchase_floors":[4,4],"current_hp_per_floor":[79,80,69,69,90,90,64,64,64,55,55,61,61,66,66,35,90,61,61,35,0],"gold":347,"neow_bonus":"ONE_RANDOM_RARE_CARD","is_prod":false,"is_daily":false,"chose_seed":false,"campfire_upgraded":4,"win_rate":0,"timestamp":1555065776,"path_taken":["M","M","?","$","?","$","E","R","T","E","R","?","R","M","R","BOSS","M","?","?","M"],"build_version":"2019-01-23","purchased_purges":0,"victory":false,"max_hp_per_floor":[80,80,80,80,90,90,90,90,90,90,90,90,90,90,90,90,90,90,90,90,90],"card_choices":[{"not_picked":["Pommel Strike","Anger"],"picked":"Warcry","floor":1.0},{"not_picked":["Perfected Strike","Pommel Strike"],"picked":"Battle Trance","floor":2.0},{"not_picked":["Flex","Bludgeon"],"picked":"Pommel Strike","floor":7.0},{"not_picked":["Perfected Strike","Anger","Warcry"],"picked":"SKIP","floor":10.0},{"not_picked":["Anger","Havoc","Ghostly Armor"],"picked":"SKIP","floor":12.0},{"not_picked":["Whirlwind","True Grit"],"picked":"Rupture+1","floor":14.0},{"not_picked":["Feed","Bludgeon"],"picked":"Offering","floor":16},{"not_picked":["Armaments+1","True Grit+1","Thunderclap"],"picked":"SKIP","floor":18},{"not_picked":["Perfected Strike+1","Battle Trance","Wild Strike"],"picked":"SKIP","floor":20}],"player_experience":350979,"relics_obtained":[{"floor":7.0,"key":"Frozen Egg 2"},{"floor":9.0,"key":"Mummified Hand"},{"floor":10.0,"key":"Lantern"}],"event_choices":[{"damage_healed":0.0,"max_hp_gain":0.0,"max_hp_loss":0.0,"gold_gain":75.0,"event_name":"World of Goop","player_choice":"Gather Gold","floor":3.0,"gold_loss":0.0,"damage_taken":11.0},{"cards_removed":["Exhume"],"damage_healed":11.0,"max_hp_gain":10.0,"max_hp_loss":0.0,"gold_gain":0.0,"event_name":"Bonfire Elementals","player_choice":"Offered Rare","floor":5.0,"gold_loss":0.0,"damage_taken":0.0},{"damage_healed":0,"gold_gain":100,"player_choice":"Pray","damage_taken":0,"max_hp_gain":0,"max_hp_loss":0,"event_name":"Golden Shrine","floor":19,"gold_loss":0}],"is_beta":false,"boss_relics":[{"not_picked":["Runic Cube","White Beast Statue"],"picked":"Black Blood"}],"items_purged_floors":[],"is_endless":false,"potions_floor_spawned":[2,10,14,16,20],"killed_by":"3 Cultists","ascension_level":3}