{"gold_per_floor":[115,126,136,152,152,183,183],"floor_reached":7,"playtime":313,"items_purged":[],"score":53,"play_id":"fd79198e-6086-4e59-aaf5-26cbc54d71a6","local_time":"20190218181342","is_ascension_mode":false,"campfire_choices":[],"neow_cost":"NONE","seed_source_timestamp":500791022341153,"circlet_count":0,"master_deck":["Strike_R","Strike_R","Strike_R","Strike_R","Strike_R","Defend_R","Defend_R","Defend_R","Defend_R","Bash","Rage","Iron Wave","Shrug It Off","Iron Wave","Fire Breathing"],"relics":["Burning Blood","Smiling Mask","Mummified Hand"],"potions_floor_usage":[4,6],"damage_taken":[{"damage":3,"enemies":"Small Slimes","floor":1,"turns":3},{"damage":5,"enemies":"Jaw Worm","floor":2,"turns":2},{"damage":0,"enemies":"2 Louse","floor":3,"turns":3},{"damage":4,"enemies":"Exordium Thugs","floor":4,"turns":3},{"damage":43,"enemies":"Lagavulin","floor":6,"turns":9},{"damage":54,"enemies":"Lagavulin Event","floor":7,"turns":8}],"seed_played":"7050469262398941207","potions_obtained":[{"floor":1,"key":"Regen Potion"},{"floor":3,"key":"Explosive Potion"}],"is_trial":false,"path_per_floor":["M","M","M","M","?","E","?"],"character_chosen":"IRONCLAD","items_purchased":[],"campfire_rested":0,"item_purchase_floors":[],"current_hp_per_floor":[80,80,80,80,62,40,0],"gold":183,"neow_bonus":"THREE_CARDS","is_prod":false,"is_daily":false,"chose_seed":false,"campfire_upgraded":0,"win_rate":0,"timestamp":1550542422,"path_taken":["M","M","M","M","?","E","?"],"build_version":"2019-01-23","purchased_purges":0,"victory":false,"max_hp_per_floor":[80,80,80,80,80,80,80],"card_choices":[{"not_picked":["Feel No Pain","Warcry"],"picked":"Rage","floor":0},{"not_picked":["Corruption","Power Through","Heavy Blade"],"picked":"SKIP","floor":1},{"not_picked":["Warcry","Cleave"],"picked":"Iron Wave","floor":2},{"not_picked":["Fire Breathing","Blood for Blood"],"picked":"Shrug It Off","floor":3},{"not_picked":["Body Slam","Armaments"],"picked":"Iron Wave","floor":4},{"not_picked":["Wild Strike","Thunderclap"],"picked":"Fire Breathing","floor":6}],"player_experience":422659,"relics_obtained":[{"floor":6,"key":"Mummified Hand"}],"event_choices":[{"damage_healed":0,"gold_gain":0,"player_choice":"Success","damage_taken":18,"relics_obtained":["Smiling Mask"],"max_hp_gain":0,"max_hp_loss":0,"event_name":"Scrap Ooze","floor":5,"gold_loss":0},{"damage_healed":0,"gold_gain":0,"player_choice":"Searched \u00272\u0027 times","damage_taken":0,"max_hp_gain":0,"max_hp_loss":0,"event_name":"Dead Adventurer","floor":7,"gold_loss":0}],"is_beta":false,"boss_relics":[],"items_purged_floors":[],"is_endless":false,"potions_floor_spawned":[1,3],"killed_by":"Lagavulin Event","ascension_level":0}