{"gold_per_floor":[118,130,130,145,157,182,182,207,207,5,5,37,48,48,48,143,143,159,84,100,65,83,83,83,83],"floor_reached":25,"playtime":2176,"items_purged":["Strike_R"],"score":334,"play_id":"e6af9aa4-acaf-402f-b248-87922e94865a","local_time":"20190502150331","is_ascension_mode":true,"campfire_choices":[{"data":"Clothesline","floor":7,"key":"SMITH"},{"floor":11,"key":"REST"},{"floor":15,"key":"REST"},{"floor":23,"key":"REST"}],"neow_cost":"NONE","seed_source_timestamp":1202002177172900,"circlet_count":0,"master_deck":["Strike_R","Strike_R","Strike_R","Defend_R","Defend_R","Defend_R","Defend_R","Bash","Clothesline+1","Pommel Strike","Evolve","Double Tap","Cleave","Feel No Pain","Flame Barrier","Juggernaut","Shrug It Off","Disarm+1","Carnage"],"relics":["Burning Blood","NeowsBlessing","Strawberry","Boot","Shovel","Singing Bowl","Pear","Sozu"],"potions_floor_usage":[6,13,16,22,25],"damage_taken":[{"damage":0,"enemies":"Jaw Worm","floor":1,"turns":1},{"damage":0,"enemies":"Cultist","floor":2,"turns":1},{"damage":0,"enemies":"2 Louse","floor":4,"turns":1},{"damage":14,"enemies":"Looter","floor":5,"turns":4},{"damage":30,"enemies":"3 Sentries","floor":6,"turns":8},{"damage":40,"enemies":"Lagavulin","floor":8,"turns":6},{"damage":36,"enemies":"Gremlin Nob","floor":12,"turns":5},{"damage":5,"enemies":"Gremlin Gang","floor":13,"turns":6},{"damage":62,"enemies":"The Guardian","floor":16,"turns":16},{"damage":37,"enemies":"Spheric Guardian","floor":18,"turns":6},{"damage":29,"enemies":"Shell Parasite","floor":20,"turns":8},{"damage":17,"enemies":"Cultist and Chosen","floor":22,"turns":6},{"damage":32,"enemies":"Chosen and Byrds","floor":25,"turns":6}],"seed_played":"7664891273659571134","potions_obtained":[{"floor":4,"key":"PowerPotion"},{"floor":5,"key":"Swift Potion"},{"floor":12,"key":"Energy Potion"},{"floor":13,"key":"Explosive Potion"}],"is_trial":false,"path_per_floor":["?","M","?","?","?"],"character_chosen":"IRONCLAD","items_purchased":["Regen Potion","Fire Potion","Carnage"],"campfire_rested":3,"item_purchase_floors":[10,10,21],"current_hp_per_floor":[78,80,87,87,79,55,55,21,21,21,47,27,28,33,63,22,82,51,51,28,28,19,50,29,0],"gold":83,"neow_bonus":"THREE_ENEMY_KILL","is_prod":false,"is_daily":false,"chose_seed":false,"campfire_upgraded":1,"win_rate":0,"timestamp":1556831011,"path_taken":["M","M","?","M","?","E","R","E","T","$","R","E","M","?","R","BOSS","M","?","M","$","M","R","?","M"],"build_version":"2019-01-23","purchased_purges":1,"victory":false,"max_hp_per_floor":[80,80,87,87,87,87,87,87,87,87,87,97,97,102,102,102,102,102,102,102,102,104,104,109,109],"card_choices":[{"not_picked":["Heavy Blade","Clash"],"picked":"Flex","floor":1},{"not_picked":["Havoc","Warcry"],"picked":"Clothesline","floor":2},{"not_picked":["Entrench","Shrug It Off"],"picked":"Pommel Strike","floor":4},{"not_picked":["Shrug It Off","Spot Weakness"],"picked":"Evolve","floor":5},{"not_picked":["Dark Embrace","Armaments"],"picked":"Double Tap","floor":6},{"not_picked":["Hemokinesis","Flex"],"picked":"Cleave","floor":8},{"not_picked":["Clothesline","Fire Breathing"],"picked":"Feel No Pain","floor":12},{"not_picked":["Searing Blow","Thunderclap"],"picked":"Flame Barrier","floor":13},{"not_picked":["Dark Embrace","Berserk"],"picked":"Juggernaut","floor":16},{"not_picked":["Headbutt","Clothesline"],"picked":"Shrug It Off","floor":18},{"not_picked":["Combust","Havoc+1"],"picked":"Disarm+1","floor":20},{"not_picked":["Clothesline","Combust","Clash+1"],"picked":"Singing Bowl","floor":22}],"player_experience":602750,"relics_obtained":[{"floor":6,"key":"Boot"},{"floor":8,"key":"Shovel"},{"floor":9,"key":"Singing Bowl"},{"floor":12,"key":"Pear"}],"event_choices":[{"cards_removed":["Flex"],"damage_healed":0,"gold_gain":0,"player_choice":"Gave Card","damage_taken":0,"relics_obtained":["Strawberry"],"max_hp_gain":0,"max_hp_loss":0,"event_name":"WeMeetAgain","floor":3,"gold_loss":0},{"damage_healed":0,"gold_gain":0,"player_choice":"Donut","damage_taken":0,"max_hp_gain":5,"max_hp_loss":0,"event_name":"Big Fish","floor":14,"gold_loss":0},{"cards_removed":["Strike_R"],"damage_healed":0,"gold_gain":0,"player_choice":"Gave Gold","damage_taken":0,"max_hp_gain":0,"max_hp_loss":0,"event_name":"Beggar","floor":19,"gold_loss":75},{"damage_healed":0,"gold_gain":0,"player_choice":"Shed Blood","damage_taken":26,"max_hp_gain":5,"max_hp_loss":0,"event_name":"Forgotten Altar","floor":24,"gold_loss":0}],"is_beta":false,"boss_relics":[{"not_picked":["Runic Pyramid","Tiny House"],"picked":"Sozu"}],"items_purged_floors":[10],"is_endless":false,"potions_floor_spawned":[4,5,12,13,20],"killed_by":"Chosen and Byrds","ascension_level":8}