{"gold_per_floor":[111,123,135,152,9,9,25,40,67,67,67],"floor_reached":11,"playtime":237,"items_purged":["Strike_B"],"score":74,"play_id":"5c0fb5a2-1842-4bed-9e60-59acaecd3746","local_time":"20190331160618","is_ascension_mode":true,"campfire_choices":[{"data":"Sunder","floor":6,"key":"SMITH"},{"floor":10,"key":"RECALL"}],"neow_cost":"NONE","seed_source_timestamp":1100850141478942,"circlet_count":0,"master_deck":["Strike_B","Strike_B","Strike_B","Defend_B","Defend_B","Defend_B","Defend_B","Zap","Dualcast","BootSequence","Cold Snap","Ball Lightning","Tempest","Sunder+1","Redo","Reinforced Body"],"relics":["Cracked Core","NeowsBlessing","Regal Pillow"],"potions_floor_usage":[4,7,8],"damage_taken":[{"damage":0,"enemies":"Cultist","floor":1,"turns":1},{"damage":0,"enemies":"Small Slimes","floor":2,"turns":1},{"damage":0,"enemies":"Jaw Worm","floor":3,"turns":1},{"damage":0,"enemies":"Exordium Thugs","floor":4,"turns":4},{"damage":2,"enemies":"3 Louse","floor":7,"turns":2},{"damage":1,"enemies":"Looter","floor":8,"turns":2},{"damage":0,"enemies":"2 Fungi Beasts","floor":11,"turns":1}],"seed_played":"4203436490225060939","potions_obtained":[{"floor":1,"key":"SteroidPotion"},{"floor":4,"key":"FearPotion"},{"floor":7,"key":"FearPotion"}],"is_trial":false,"path_per_floor":["M","M","M","M","$","R","M","M","T","R","M"],"character_chosen":"DEFECT","items_purchased":["Sunder"],"campfire_rested":0,"item_purchase_floors":[5],"current_hp_per_floor":[75,75,75,75,75,75,73,72,72,72,72],"gold":67,"neow_bonus":"THREE_ENEMY_KILL","is_prod":false,"is_daily":false,"chose_seed":false,"campfire_upgraded":1,"win_rate":0,"timestamp":1554073578,"path_taken":["M","M","M","M","$","R","M","?","T","R","M"],"build_version":"2019-01-23","purchased_purges":1,"victory":false,"max_hp_per_floor":[75,75,75,75,75,75,75,75,75,75,75],"card_choices":[{"not_picked":["Redo","Beam Cell"],"picked":"BootSequence","floor":1},{"not_picked":["Coolheaded","Turbo"],"picked":"Cold Snap","floor":2},{"not_picked":["Rip and Tear","Double Energy"],"picked":"Ball Lightning","floor":3},{"not_picked":["Undo","Rebound"],"picked":"Tempest","floor":4},{"not_picked":["Ball Lightning","Steam"],"picked":"Redo","floor":7},{"not_picked":["Heatsinks","Cold Snap"],"picked":"Reinforced Body","floor":8}],"player_experience":382779,"relics_obtained":[{"floor":9,"key":"Regal Pillow"}],"event_choices":[],"is_beta":false,"boss_relics":[],"items_purged_floors":[5],"is_endless":false,"potions_floor_spawned":[1,4,7],"killed_by":"2 Fungi Beasts","ascension_level":2}