{"gold_per_floor":[119,134,134,147,19,19,49,49,49,49,65,65,65],"floor_reached":13,"playtime":427,"items_purged":["Bash"],"score":158,"play_id":"a587b1a4-4a64-4228-b7d0-ac35a9b7339d","local_time":"20190426145601","is_ascension_mode":true,"campfire_choices":[{"data":"Body Slam","floor":6,"key":"SMITH"},{"floor":10,"key":"REST"}],"neow_cost":"NONE","seed_source_timestamp":2912641742878760,"circlet_count":0,"master_deck":["AscendersBane","Strike_R","Strike_R","Strike_R","Strike_R","Defend_R","Defend_R","Defend_R","Defend_R","True Grit","Armaments+1","Body Slam+1","Iron Wave"],"relics":["Burning Blood","Paper Frog","Boot"],"potions_floor_usage":[7],"damage_taken":[{"damage":10,"enemies":"Jaw Worm","floor":1,"turns":6},{"damage":1,"enemies":"2 Louse","floor":2,"turns":4},{"damage":2,"enemies":"Small Slimes","floor":4,"turns":4},{"damage":53,"enemies":"Lagavulin","floor":7,"turns":8},{"damage":10,"enemies":"Exordium Wildlife","floor":11,"turns":7},{"damage":40,"enemies":"3 Sentries","floor":13,"turns":7}],"seed_played":"1246088374479115568","potions_obtained":[{"floor":4,"key":"SteroidPotion"},{"floor":11,"key":"Ancient Potion"}],"is_trial":false,"path_per_floor":["M","M","?","M","$","R","E","$","T","R","M","?","E"],"character_chosen":"IRONCLAD","items_purchased":["Fire Potion"],"campfire_rested":1,"item_purchase_floors":[5],"current_hp_per_floor":[64,69,69,73,73,73,26,26,26,48,44,37,0],"gold":65,"neow_bonus":"THREE_CARDS","is_prod":false,"is_daily":false,"chose_seed":false,"campfire_upgraded":1,"win_rate":0,"timestamp":1556286961,"path_taken":["M","M","?","M","$","R","E","$","T","R","M","?","E"],"build_version":"2019-01-23","purchased_purges":1,"victory":false,"max_hp_per_floor":[75,75,75,75,75,75,75,75,75,75,75,75,75],"card_choices":[{"not_picked":["Hemokinesis","Clothesline"],"picked":"True Grit","floor":0},{"not_picked":["True Grit","Iron Wave"],"picked":"Armaments","floor":1},{"not_picked":["Blood for Blood","Inflame"],"picked":"Body Slam","floor":2},{"not_picked":["Rupture","Anger","Fiend Fire"],"picked":"SKIP","floor":4},{"not_picked":["Intimidate","Shockwave"],"picked":"Iron Wave","floor":7},{"not_picked":["Twin Strike","Spot Weakness","Seeing Red"],"picked":"SKIP","floor":11}],"player_experience":209624,"relics_obtained":[{"floor":7,"key":"Paper Frog"},{"floor":9,"key":"Boot"}],"event_choices":[{"damage_healed":0,"gold_gain":0,"player_choice":"Grow","damage_taken":0,"max_hp_gain":0,"max_hp_loss":0,"event_name":"Living Wall","floor":3,"gold_loss":0,"cards_upgraded":["Armaments"]},{"cards_removed":["Strike_R"],"damage_healed":0,"gold_gain":0,"player_choice":"Card Removal","damage_taken":7,"max_hp_gain":0,"max_hp_loss":0,"event_name":"Golden Wing","floor":12,"gold_loss":0}],"is_beta":false,"boss_relics":[],"items_purged_floors":[5],"is_endless":false,"potions_floor_spawned":[4,11],"killed_by":"3 Sentries","ascension_level":18}