{"gold_per_floor":[117,128,142,157,173,202,202,217,266,266,266],"floor_reached":11,"playtime":647,"items_purged":[],"score":100,"play_id":"726e097b-1124-4419-bbaf-08ccbd00e972","local_time":"20190427204836","is_ascension_mode":true,"campfire_choices":[{"data":"Cleave","floor":7,"key":"SMITH"},{"data":"Disarm","floor":10,"key":"SMITH"}],"neow_cost":"NONE","seed_source_timestamp":1549349057922000,"circlet_count":0,"master_deck":["Strike_R","Strike_R","Strike_R","Strike_R","Strike_R","Defend_R","Defend_R","Defend_R","Defend_R","Bash","Impervious","Havoc","Feel No Pain","Havoc","Impervious","Cleave+1","Heavy Blade","Disarm+1"],"relics":["Burning Blood","Lantern","Potion Belt"],"potions_floor_usage":[6,6,11,11],"damage_taken":[{"damage":9,"enemies":"Cultist","floor":1,"turns":5},{"damage":9,"enemies":"Jaw Worm","floor":2,"turns":4},{"damage":9,"enemies":"2 Louse","floor":3,"turns":3},{"damage":33,"enemies":"Large Slime","floor":4,"turns":13},{"damage":17,"enemies":"Red Slaver","floor":5,"turns":5},{"damage":8,"enemies":"3 Sentries","floor":6,"turns":10},{"damage":9,"enemies":"3 Louse","floor":8,"turns":4},{"damage":46,"enemies":"Gremlin Nob","floor":11,"turns":4}],"seed_played":"9137980764192628058","potions_obtained":[{"floor":2,"key":"Poison Potion"},{"floor":3,"key":"FearPotion"},{"floor":4,"key":"SneckoOil"},{"floor":8,"key":"Fruit Juice"}],"is_trial":false,"path_per_floor":["M","M","M","M","M","E","R","M","T","R","E"],"character_chosen":"IRONCLAD","items_purchased":[],"campfire_rested":0,"item_purchase_floors":[],"current_hp_per_floor":[69,66,63,36,25,23,23,20,20,20,0],"gold":266,"neow_bonus":"ONE_RANDOM_RARE_CARD","is_prod":false,"is_daily":false,"chose_seed":false,"campfire_upgraded":2,"win_rate":0,"timestamp":1556390916,"path_taken":["M","M","M","M","M","E","R","M","T","R","E"],"build_version":"2019-01-23","purchased_purges":0,"victory":false,"max_hp_per_floor":[80,80,80,80,80,80,80,80,80,80,85],"card_choices":[{"not_picked":["Pommel Strike","Carnage"],"picked":"Havoc","floor":1},{"not_picked":["Armaments","Spot Weakness"],"picked":"Feel No Pain","floor":2},{"not_picked":["Heavy Blade","Thunderclap"],"picked":"Havoc","floor":3},{"not_picked":["Shrug It Off","Havoc"],"picked":"Impervious","floor":4},{"not_picked":["Rampage","Combust"],"picked":"Cleave","floor":5},{"not_picked":["Twin Strike","Demon Form"],"picked":"Heavy Blade","floor":6},{"not_picked":["Heavy Blade","Inflame"],"picked":"Disarm","floor":8}],"player_experience":808596,"relics_obtained":[{"floor":6,"key":"Lantern"},{"floor":9,"key":"Potion Belt"}],"event_choices":[],"is_beta":false,"boss_relics":[],"items_purged_floors":[],"is_endless":false,"potions_floor_spawned":[2,3,4,8],"killed_by":"Gremlin Nob","ascension_level":6}