{"gold_per_floor":[119,67,17,17,17,42,56,56,56,56,68,103,120,132,132,231,231,250,52,104,130,144,144,161,161,187,201,227,252,252,15,15,113,113,125,144,144,144,144],"floor_reached":39,"playtime":1463,"items_purged":["Strike_R"],"score":574,"play_id":"42646942-8d13-4a45-9320-00970674b8b6","local_time":"20190402123919","is_ascension_mode":true,"campfire_choices":[{"floor":10,"key":"REST"},{"data":"Spot Weakness","floor":15,"key":"SMITH"},{"floor":23,"key":"REST"},{"data":"Offering","floor":25,"key":"SMITH"},{"floor":30,"key":"REST"},{"floor":32,"key":"REST"}],"neow_cost":"PERCENT_DAMAGE","seed_source_timestamp":32933345213936,"circlet_count":0,"master_deck":["Strike_R","Strike_R+1","Defend_R","Defend_R","Defend_R","Defend_R","Bash","Spot Weakness+1","Cleave+1","Whirlwind","Infernal Blade","Armaments+1","Thunderclap","Battle Trance","Headbutt","Offering+1","Flame Barrier","Offering+1","True Grit+1","Inflame","Shrug It Off","Sentinel","Metallicize","Feel No Pain","Offering","Limit Break","Spot Weakness+1","Madness","Madness","Enlightenment","Mind Blast","Mayhem"],"relics":["Burning Blood","Pen Nib","Juzu Bracelet","Whetstone","Ancient Tea Set","Velvet Choker","DollysMirror","War Paint","Red Mask","Smiling Mask","Boot","Bag of Marbles","Black Star"],"potions_floor_usage":[16,22,29,29,39,39],"damage_taken":[{"damage":8,"enemies":"2 Louse","floor":1,"turns":4},{"damage":55,"enemies":"Lagavulin","floor":6,"turns":6},{"damage":0,"enemies":"Small Slimes","floor":7,"turns":3},{"damage":6,"enemies":"Cultist","floor":11,"turns":3},{"damage":15,"enemies":"3 Sentries","floor":12,"turns":3},{"damage":0,"enemies":"Lots of Slimes","floor":13,"turns":1},{"damage":6,"enemies":"Exordium Thugs","floor":14,"turns":2},{"damage":46,"enemies":"The Guardian","floor":16,"turns":9},{"damage":36,"enemies":"Chosen","floor":18,"turns":5},{"damage":26,"enemies":"Masked Bandits","floor":21,"turns":3},{"damage":0,"enemies":"Shell Parasite","floor":22,"turns":3},{"damage":6,"enemies":"Chosen and Byrds","floor":24,"turns":5},{"damage":12,"enemies":"3 Cultists","floor":27,"turns":2},{"damage":34,"enemies":"Slavers","floor":29,"turns":4},{"damage":50,"enemies":"Automaton","floor":33,"turns":8},{"damage":17,"enemies":"Orb Walker","floor":35,"turns":5},{"damage":16,"enemies":"3 Shapes","floor":36,"turns":3},{"damage":56,"enemies":"Maw","floor":39,"turns":9}],"seed_played":"-7518743795551339344","potions_obtained":[{"floor":1,"key":"Regen Potion"},{"floor":6,"key":"FearPotion"},{"floor":13,"key":"Strength Potion"},{"floor":16,"key":"Poison Potion"},{"floor":18,"key":"Regen Potion"},{"floor":22,"key":"PowerPotion"},{"floor":36,"key":"SkillPotion"}],"is_trial":false,"path_per_floor":["M","$","?","?","?","E","M","?","T","R","M","E","M","M","R","B",null,"M","$","T","?","M","R","M","R","T","M","T","E","R","$","R","B",null,"M","M","?","?","M"],"character_chosen":"IRONCLAD","items_purchased":["Cleave","DollysMirror","Feel No Pain","Offering"],"campfire_rested":4,"item_purchase_floors":[2,19,31,31],"current_hp_per_floor":[65,65,65,70,70,21,27,27,27,57,57,48,54,54,54,14,79,49,49,49,29,35,65,65,65,65,59,59,31,61,61,91,47,88,77,67,54,44,0],"gold":144,"neow_bonus":"TWENTY_PERCENT_HP_BONUS","is_prod":false,"is_daily":false,"chose_seed":false,"campfire_upgraded":2,"win_rate":0,"timestamp":1554233959,"path_taken":["M","$","?","?","?","E","M","?","T","R","M","E","M","M","R","BOSS","M","?","?","?","M","R","M","R","T","M","?","E","R","$","R","BOSS","M","M","?","?","M"],"build_version":"2019-01-23","purchased_purges":1,"victory":false,"max_hp_per_floor":[96,96,96,101,101,101,101,101,101,101,101,101,101,101,101,101,101,101,101,101,101,101,101,101,101,101,101,101,101,101,101,101,101,101,101,101,101,101,101],"card_choices":[{"not_picked":["Anger","Body Slam"],"picked":"Spot Weakness","floor":1},{"not_picked":["Warcry","Combust","Clash"],"picked":"SKIP","floor":6},{"not_picked":["Sword Boomerang","Clothesline"],"picked":"Whirlwind","floor":7},{"not_picked":["Carnage","Cleave"],"picked":"Armaments","floor":11},{"not_picked":["Corruption","Body Slam"],"picked":"Thunderclap","floor":12},{"not_picked":["Inflame","Cleave"],"picked":"Battle Trance","floor":13},{"not_picked":["Wild Strike","Perfected Strike"],"picked":"Headbutt","floor":14},{"not_picked":["Fiend Fire","Brutality"],"picked":"Offering","floor":16},{"not_picked":["Sword Boomerang","Dropkick"],"picked":"Flame Barrier","floor":18},{"not_picked":["Cleave+1","Heavy Blade"],"picked":"True Grit+1","floor":21},{"not_picked":["Entrench","Thunderclap"],"picked":"Inflame","floor":22},{"not_picked":["Armaments","Dual Wield"],"picked":"Shrug It Off","floor":24},{"not_picked":["Sword Boomerang","Heavy Blade"],"picked":"Sentinel","floor":27},{"not_picked":["Heavy Blade","Cleave"],"picked":"Metallicize","floor":29},{"not_picked":["Feed","Brutality"],"picked":"Limit Break","floor":33},{"not_picked":["Body Slam+1","Evolve+1","Sentinel+1"],"picked":"SKIP","floor":35},{"not_picked":["Flex+1","Iron Wave+1"],"picked":"Spot Weakness+1","floor":36},{"not_picked":["Flash of Steel","Mind Blast"],"picked":"Enlightenment","floor":38},{"not_picked":["Metamorphosis","Deep Breath"],"picked":"Mind Blast","floor":38},{"not_picked":["Metamorphosis","Chrysalis"],"picked":"Mayhem","floor":38}],"player_experience":353578,"relics_obtained":[{"floor":6,"key":"Juzu Bracelet"},{"floor":9,"key":"Whetstone"},{"floor":12,"key":"Ancient Tea Set"},{"floor":20,"key":"War Paint"},{"floor":21,"key":"Red Mask"},{"floor":26,"key":"Smiling Mask"},{"floor":28,"key":"Boot"},{"floor":29,"key":"Bag of Marbles"}],"event_choices":[{"cards_removed":["Strike_R"],"damage_healed":0,"gold_gain":0,"player_choice":"Card Removal","damage_taken":0,"max_hp_gain":0,"max_hp_loss":0,"event_name":"The Cleric","floor":3,"gold_loss":50},{"damage_healed":0,"gold_gain":0,"player_choice":"Donut","damage_taken":0,"max_hp_gain":5,"max_hp_loss":0,"event_name":"Big Fish","floor":4,"gold_loss":0},{"damage_healed":0,"gold_gain":0,"player_choice":"Gave Potion","damage_taken":0,"relics_obtained":["Pen Nib"],"max_hp_gain":0,"max_hp_loss":0,"event_name":"WeMeetAgain","floor":5,"gold_loss":0},{"damage_healed":0,"gold_gain":0,"cards_transformed":["Strike_R"],"player_choice":"Transformed","damage_taken":0,"max_hp_gain":0,"max_hp_loss":0,"event_name":"Transmorgrifier","floor":8,"gold_loss":0,"cards_obtained":["Infernal Blade"]},{"damage_healed":0,"gold_gain":0,"player_choice":"Fought Bandits","damage_taken":0,"max_hp_gain":0,"max_hp_loss":0,"event_name":"Masked Bandits","floor":21,"gold_loss":0},{"damage_healed":0,"gold_gain":0,"player_choice":"Embrace Madness","damage_taken":13,"max_hp_gain":0,"max_hp_loss":0,"event_name":"Winding Halls","floor":37,"gold_loss":0,"cards_obtained":["Madness","Madness"]},{"damage_healed":0,"gold_gain":0,"player_choice":"Memory 3","damage_taken":10,"max_hp_gain":0,"max_hp_loss":0,"event_name":"SensoryStone","floor":38,"gold_loss":0}],"is_beta":false,"boss_relics":[{"not_picked":["White Beast Statue","Eternal Feather"],"picked":"Velvet Choker"},{"not_picked":["Coffee Dripper","Tiny House"],"picked":"Black Star"}],"items_purged_floors":[31],"is_endless":false,"potions_floor_spawned":[1,6,13,16,18,22,24,27,36],"killed_by":"Maw","ascension_level":7}