{"gold_per_floor":[118,118,131,143,143,143,169,198,269,289,318,493,209,209,209,311,311,324,249,180,194,45,45,56,56,110,110,110,129,141,168,168,272,272,287,304,318,318,318],"floor_reached":39,"playtime":1723,"items_purged":["Doubt"],"score":564,"play_id":"c3dfb44e-1116-47e3-b2f3-63afa785c9e5","local_time":"20190501075251","is_ascension_mode":true,"campfire_choices":[{"data":"Zap","floor":6,"key":"SMITH"},{"floor":15,"key":"REST"},{"data":"Loop","floor":23,"key":"SMITH"},{"data":"Hologram","floor":25,"key":"SMITH"},{"data":"Hologram","floor":27,"key":"SMITH"},{"data":"Biased Cognition","floor":32,"key":"SMITH"}],"neow_cost":"NONE","seed_source_timestamp":113838246408500,"circlet_count":0,"master_deck":["Strike_B","Strike_B","Strike_B","Defend_B","Defend_B","Defend_B","Zap+1","Dualcast","Self Repair","Zap+1","Cold Snap","White Noise","Hologram+1","Hologram+1","Loop+1","Coolheaded","Biased Cognition+1","Barrage+1","Self Repair","Undo","Steam+1","Hologram+1","Undo","Electrodynamics","Loop","Glacier+1","Panacea","Jack Of All Trades","Bandage Up"],"relics":["Cracked Core","NeowsBlessing","Vajra","Centennial Puzzle","Darkstone Periapt","Blood Vial","Cursed Key","Omamori","Oddly Smooth Stone","StoneCalendar","Inserter"],"potions_floor_usage":[8,16,29,31,33,37],"damage_taken":[{"damage":0,"enemies":"Small Slimes","floor":1,"turns":1},{"damage":0,"enemies":"Cultist","floor":3,"turns":1},{"damage":0,"enemies":"Jaw Worm","floor":4,"turns":1},{"damage":29,"enemies":"Gremlin Nob","floor":8,"turns":4},{"damage":13,"enemies":"Large Slime","floor":10,"turns":3},{"damage":0,"enemies":"3 Sentries","floor":11,"turns":2},{"damage":10,"enemies":"The Guardian","floor":16,"turns":10},{"damage":14,"enemies":"Shell Parasite","floor":18,"turns":5},{"damage":25,"enemies":"3 Byrds","floor":21,"turns":3},{"damage":18,"enemies":"Centurion and Healer","floor":24,"turns":6},{"damage":8,"enemies":"3 Cultists","floor":29,"turns":5},{"damage":6,"enemies":"Snecko","floor":30,"turns":3},{"damage":2,"enemies":"Book of Stabbing","floor":31,"turns":5},{"damage":52,"enemies":"Collector","floor":33,"turns":9},{"damage":0,"enemies":"Orb Walker","floor":35,"turns":5},{"damage":14,"enemies":"3 Shapes","floor":36,"turns":4},{"damage":10,"enemies":"Sphere and 2 Shapes","floor":37,"turns":5},{"damage":48,"enemies":"2 Orb Walkers","floor":39,"turns":4}],"seed_played":"4191625896117517730","potions_obtained":[{"floor":1,"key":"FocusPotion"},{"floor":8,"key":"EssenceOfSteel"},{"floor":10,"key":"FearPotion"},{"floor":16,"key":"FearPotion"},{"floor":29,"key":"Poison Potion"},{"floor":33,"key":"LiquidBronze"},{"floor":36,"key":"LiquidBronze"}],"is_trial":false,"path_per_floor":["M","?","M","M","?","R","T","E","T","M","E","?","$","?","R","B",null,"M","?","$","M","$","R","M","R","T","R","?","M","M","E","R","B",null,"M","M","M","?","?"],"character_chosen":"DEFECT","items_purchased":["Loop","FocusPotion","Coolheaded","Self Repair","Omamori"],"campfire_rested":1,"item_purchase_floors":[13,13,13,20,22],"current_hp_per_floor":[68,68,68,68,68,68,68,46,46,40,40,46,46,39,63,62,76,71,71,71,48,48,48,46,46,46,46,46,47,50,57,57,7,63,72,60,52,42,0],"gold":318,"neow_bonus":"THREE_ENEMY_KILL","is_prod":false,"is_daily":false,"chose_seed":false,"campfire_upgraded":5,"win_rate":0,"timestamp":1556689971,"path_taken":["M","?","?","M","?","R","?","E","T","M","E","?","$","?","R","BOSS","M","?","?","M","$","R","M","R","T","R","?","M","?","E","R","BOSS","M","M","M","?","?"],"build_version":"2019-01-23","purchased_purges":1,"victory":false,"max_hp_per_floor":[75,75,75,75,75,75,75,75,75,75,75,81,81,81,81,81,81,81,81,81,81,81,81,81,81,81,81,81,81,81,81,81,81,81,81,81,81,81,81],"card_choices":[{"not_picked":["Coolheaded","Blizzard"],"picked":"Self Repair","floor":1},{"not_picked":["Rebound","Streamline","Compile Driver"],"picked":"SKIP","floor":3},{"not_picked":["Conserve Battery","Auto Shields"],"picked":"Cold Snap","floor":4},{"not_picked":["Go for the Eyes","Steam"],"picked":"White Noise","floor":8},{"not_picked":["Compile Driver","Gash"],"picked":"Hologram","floor":10},{"not_picked":["Compile Driver","Static Discharge"],"picked":"Hologram","floor":11},{"not_picked":["Amplify","Hyperbeam"],"picked":"Biased Cognition","floor":16},{"not_picked":["Go for the Eyes+1","Darkness+1"],"picked":"Barrage+1","floor":18},{"not_picked":["Streamline","Turbo"],"picked":"Undo","floor":21},{"not_picked":["Beam Cell","Redo"],"picked":"Steam+1","floor":24},{"not_picked":["Scrape","Leap"],"picked":"Hologram+1","floor":29},{"not_picked":["Lockon","Beam Cell+1"],"picked":"Undo","floor":30},{"not_picked":["Sweeping Beam","Rebound+1","Stack"],"picked":"SKIP","floor":31},{"not_picked":["Buffer","Thunder Strike"],"picked":"Electrodynamics","floor":33},{"not_picked":["Turbo+1","Streamline"],"picked":"Loop","floor":35},{"not_picked":["Cold Snap","Gash"],"picked":"Glacier+1","floor":36},{"not_picked":["Static Discharge","Coolheaded","Compile Driver"],"picked":"SKIP","floor":37},{"not_picked":["Dark Shackles","Sadistic Nature"],"picked":"Panacea","floor":38},{"not_picked":["Dramatic Entrance","Mind Blast"],"picked":"Jack Of All Trades","floor":38},{"not_picked":["Dark Shackles","Dramatic Entrance"],"picked":"Bandage Up","floor":38}],"player_experience":918115,"relics_obtained":[{"floor":7,"key":"Vajra"},{"floor":8,"key":"Centennial Puzzle"},{"floor":9,"key":"Darkstone Periapt"},{"floor":11,"key":"Blood Vial"},{"floor":26,"key":"Oddly Smooth Stone"},{"floor":31,"key":"StoneCalendar"}],"event_choices":[{"damage_healed":0,"gold_gain":0,"player_choice":"1 cards matched","damage_taken":0,"max_hp_gain":0,"max_hp_loss":0,"event_name":"Match and Keep!","floor":2,"gold_loss":0,"cards_obtained":["Zap"]},{"damage_healed":0,"gold_gain":0,"player_choice":"Grow","damage_taken":0,"max_hp_gain":0,"max_hp_loss":0,"event_name":"Living Wall","floor":5,"gold_loss":0,"cards_upgraded":["Zap"]},{"damage_healed":0,"gold_gain":175,"player_choice":"AGREE","damage_taken":0,"max_hp_gain":0,"max_hp_loss":0,"event_name":"Liars Game","floor":12,"gold_loss":0,"cards_obtained":["Doubt"]},{"cards_removed":["Strike_B"],"damage_healed":0,"gold_gain":0,"player_choice":"Card Removal","damage_taken":7,"max_hp_gain":0,"max_hp_loss":0,"event_name":"Golden Wing","floor":14,"gold_loss":0},{"cards_removed":["Defend_B"],"damage_healed":0,"gold_gain":0,"player_choice":"Gave Gold","damage_taken":0,"max_hp_gain":0,"max_hp_loss":0,"event_name":"Beggar","floor":19,"gold_loss":75},{"damage_healed":0,"gold_gain":0,"player_choice":"0 cards matched","damage_taken":0,"max_hp_gain":0,"max_hp_loss":0,"event_name":"Match and Keep!","floor":28,"gold_loss":0,"cards_obtained":[]},{"damage_healed":0,"gold_gain":0,"player_choice":"Memory 3","damage_taken":10,"max_hp_gain":0,"max_hp_loss":0,"event_name":"SensoryStone","floor":38,"gold_loss":0},{"damage_healed":0,"gold_gain":0,"player_choice":"Fight","damage_taken":0,"max_hp_gain":0,"max_hp_loss":0,"event_name":"Mysterious Sphere","floor":39,"gold_loss":0}],"is_beta":false,"boss_relics":[{"not_picked":["Ectoplasm","Calling Bell"],"picked":"Cursed Key"},{"not_picked":["Black Star","Philosopher\u0027s Stone"],"picked":"Inserter"}],"items_purged_floors":[13],"is_endless":false,"potions_floor_spawned":[1,8,10,16,29,33,36],"killed_by":"2 Orb Walkers","ascension_level":6}