{"gold_per_floor":[119,7,7,7,27,27,57,57,57,88,99,99,64,90,90,186,186,199,199,199,199,217,217],"floor_reached":23,"playtime":1532,"items_purged":["Parasite"],"score":217,"play_id":"0331835c-e16c-4499-8c4e-094c6c2a14c5","local_time":"20190423221256","is_ascension_mode":true,"campfire_choices":[{"data":"Fusion","floor":6,"key":"SMITH"},{"floor":12,"key":"REST"},{"data":"Defragment","floor":15,"key":"SMITH"}],"neow_cost":"CURSE","seed_source_timestamp":773271315323387,"circlet_count":0,"master_deck":["Strike_B+1","Strike_B","Strike_B","Defend_B","Defend_B+1","Defend_B","Defend_B","Zap","Dualcast","Fusion+1","Reinforced Body","Defragment+1","Ball Lightning","Steam","Machine Learning","Gash"],"relics":["Cracked Core","Unceasing Top","Shuriken","Symbiotic Virus","Sundial","Potion Belt","Eternal Feather"],"potions_floor_usage":[7,14,14,16,19,21,22,23,23],"damage_taken":[{"damage":1,"enemies":"Jaw Worm","floor":1,"turns":3},{"damage":0,"enemies":"2 Louse","floor":5,"turns":2},{"damage":14,"enemies":"Gremlin Nob","floor":7,"turns":4},{"damage":10,"enemies":"Lagavulin","floor":10,"turns":6},{"damage":15,"enemies":"Small Slimes","floor":11,"turns":3},{"damage":8,"enemies":"Gremlin Nob","floor":14,"turns":3},{"damage":13,"enemies":"Hexaghost","floor":16,"turns":10},{"damage":9,"enemies":"Shell Parasite","floor":18,"turns":6},{"damage":0,"enemies":"2 Thieves","floor":21,"turns":1},{"damage":12,"enemies":"Centurion and Healer","floor":22,"turns":9},{"damage":56,"enemies":"Book of Stabbing","floor":23,"turns":7}],"seed_played":"-1895993311040037454","potions_obtained":[{"floor":1,"key":"FearPotion"},{"floor":10,"key":"Swift Potion"},{"floor":11,"key":"Regen Potion"},{"floor":14,"key":"SkillPotion"},{"floor":16,"key":"GamblersBrew"},{"floor":19,"key":"Swift Potion"},{"floor":19,"key":"Fruit Juice"},{"floor":19,"key":"SmokeBomb"},{"floor":22,"key":"SpeedPotion"}],"is_trial":false,"path_per_floor":["M","$","?","$","M","R","E","?","T","E","M","R","?","E","R","B",null,"M","?","$","M","M","E"],"character_chosen":"DEFECT","items_purchased":["Fusion"],"campfire_rested":1,"item_purchase_floors":[2],"current_hp_per_floor":[74,72,58,58,58,58,44,37,37,27,12,33,51,52,52,39,72,63,68,68,68,56,0],"gold":217,"neow_bonus":"ONE_RARE_RELIC","is_prod":false,"is_daily":false,"chose_seed":false,"campfire_upgraded":2,"win_rate":0,"timestamp":1556053976,"path_taken":["M","$","?","?","M","R","E","?","T","E","M","R","?","E","R","BOSS","M","?","?","?","M","E"],"build_version":"2019-01-23","purchased_purges":1,"victory":false,"max_hp_per_floor":[75,72,72,72,72,72,72,72,72,72,72,72,72,72,72,72,72,72,77,77,77,77,77],"card_choices":[{"not_picked":["Auto Shields","Storm","Conserve Battery"],"picked":"SKIP","floor":1},{"not_picked":["Steam","Storm"],"picked":"Reinforced Body","floor":5},{"not_picked":["Aggregate","Coolheaded"],"picked":"Defragment","floor":7},{"not_picked":["Scrape","Consume"],"picked":"Ball Lightning","floor":10},{"not_picked":["Coolheaded","Redo"],"picked":"Steam","floor":11},{"not_picked":["Skim","Hologram","Rebound"],"picked":"SKIP","floor":14},{"not_picked":["Thunder Strike","Hyperbeam"],"picked":"Machine Learning","floor":16},{"not_picked":["Go for the Eyes","Redo","Undo+1"],"picked":"SKIP","floor":18},{"not_picked":["Blizzard","Compile Driver+1"],"picked":"Gash","floor":22}],"player_experience":1832608,"relics_obtained":[{"floor":7,"key":"Shuriken"},{"floor":9,"key":"Symbiotic Virus"},{"floor":10,"key":"Sundial"},{"floor":14,"key":"Potion Belt"}],"event_choices":[{"damage_healed":0,"gold_gain":0,"player_choice":"Entered Light","damage_taken":14,"max_hp_gain":0,"max_hp_loss":0,"event_name":"Shining Light","floor":3,"gold_loss":0,"cards_upgraded":["Strike_B","Defend_B"]},{"cards_removed":["Strike_B"],"damage_healed":0,"gold_gain":0,"player_choice":"Card Removal","damage_taken":7,"max_hp_gain":0,"max_hp_loss":0,"event_name":"Golden Wing","floor":8,"gold_loss":0},{"damage_healed":18,"gold_gain":0,"player_choice":"Healed","damage_taken":0,"max_hp_gain":0,"max_hp_loss":0,"event_name":"The Cleric","floor":13,"gold_loss":35},{"damage_healed":0,"gold_gain":0,"player_choice":"Got Potions","damage_taken":0,"max_hp_gain":0,"max_hp_loss":0,"event_name":"Lab","floor":19,"gold_loss":0}],"is_beta":false,"boss_relics":[{"not_picked":["Runic Pyramid","Runic Dome"],"picked":"Eternal Feather"}],"items_purged_floors":[2],"is_endless":false,"potions_floor_spawned":[1,10,11,14,16,22],"killed_by":"Book of Stabbing","ascension_level":1}