{"gold_per_floor":[113,133,133,150,70,70,100,100,100,147,173,185,215,227,239,251],"floor_reached":16,"playtime":457,"items_purged":[],"score":176,"play_id":"e90dad12-5dd2-4947-b027-b29d721715d9","local_time":"20190419162358","is_ascension_mode":true,"campfire_choices":[{"data":"Anger","floor":6,"key":"SMITH"},{"data":"Inflame","floor":8,"key":"SMITH"},{"data":"Pommel Strike","floor":15,"key":"SMITH"}],"neow_cost":"NONE","seed_source_timestamp":537027085141299,"circlet_count":0,"master_deck":["AscendersBane","Strike_R","Strike_R","Strike_R","Strike_R","Strike_R","Defend_R","Defend_R","Defend_R","Defend_R","Bash+1","Pommel Strike+1","Rampage","Anger+1","Wild Strike","Inflame+1","Battle Trance","Shrug It Off","Flame Barrier"],"relics":["Burning Blood","Bottled Flame","MawBank","Self Forming Clay","Gremlin Horn"],"potions_floor_usage":[7,16],"damage_taken":[{"damage":0,"enemies":"Small Slimes","floor":1,"turns":3},{"damage":6,"enemies":"Cultist","floor":2,"turns":3},{"damage":6,"enemies":"2 Louse","floor":4,"turns":3},{"damage":20,"enemies":"Gremlin Nob","floor":7,"turns":4},{"damage":35,"enemies":"3 Sentries","floor":10,"turns":7},{"damage":0,"enemies":"2 Fungi Beasts","floor":11,"turns":2},{"damage":1,"enemies":"3 Louse","floor":13,"turns":2},{"damage":61,"enemies":"Slime Boss","floor":16,"turns":7}],"seed_played":"-4280739961481939283","potions_obtained":[{"floor":1,"key":"BloodPotion"},{"floor":4,"key":"Block Potion"},{"floor":7,"key":"Dexterity Potion"}],"is_trial":false,"path_per_floor":["M","M","?","M","$","R","E","R","T","E","M","?","M","?","R","B"],"character_chosen":"IRONCLAD","items_purchased":["Inflame"],"campfire_rested":0,"item_purchase_floors":[5],"current_hp_per_floor":[78,78,78,78,78,78,64,64,64,35,41,38,43,43,43,0],"gold":251,"neow_bonus":"UPGRADE_CARD","is_prod":false,"is_daily":false,"chose_seed":false,"campfire_upgraded":3,"win_rate":0,"timestamp":1555716238,"path_taken":["M","M","?","M","$","R","E","R","T","E","?","?","M","?","R","BOSS"],"build_version":"2019-01-23","purchased_purges":0,"victory":false,"max_hp_per_floor":[80,80,80,80,80,80,80,80,80,80,80,80,80,80,80,80],"card_choices":[{"not_picked":["Second Wind","Feel No Pain"],"picked":"Pommel Strike","floor":1},{"not_picked":["Twin Strike","Iron Wave"],"picked":"Rampage","floor":2},{"not_picked":["Twin Strike","Havoc"],"picked":"Wild Strike","floor":4},{"not_picked":["Havoc","Exhume"],"picked":"Battle Trance","floor":7},{"not_picked":["Thunderclap","Headbutt"],"picked":"Shrug It Off","floor":10},{"not_picked":["Twin Strike","Thunderclap"],"picked":"Flame Barrier","floor":11},{"not_picked":["Anger","Cleave","Iron Wave"],"picked":"SKIP","floor":13}],"player_experience":275714,"relics_obtained":[{"floor":7,"key":"Bottled Flame"},{"floor":9,"key":"MawBank"},{"floor":10,"key":"Self Forming Clay"}],"event_choices":[{"damage_healed":0,"gold_gain":0,"player_choice":"1 cards matched","damage_taken":0,"max_hp_gain":0,"max_hp_loss":0,"event_name":"Match and Keep!","floor":3,"gold_loss":0,"cards_obtained":["Anger"]},{"damage_healed":0,"gold_gain":0,"player_choice":"Success","damage_taken":3,"relics_obtained":["Gremlin Horn"],"max_hp_gain":0,"max_hp_loss":0,"event_name":"Scrap Ooze","floor":12,"gold_loss":0},{"damage_healed":0,"gold_gain":0,"player_choice":"Ignored","damage_taken":0,"max_hp_gain":0,"max_hp_loss":0,"event_name":"Liars Game","floor":14,"gold_loss":0}],"is_beta":false,"boss_relics":[],"items_purged_floors":[],"is_endless":false,"potions_floor_spawned":[1,4,7,13],"killed_by":"Slime Boss","ascension_level":12}