{"gold_per_floor":[116,116,116,63,76,76,76,108,108,108,124,139,139,157,157,261,261,273,273,288,288,234,293,293,323,369,369,143,68,80,91,91,189,189,201,221,146,46,46],"floor_reached":39,"playtime":1956,"items_purged":["Defend_R+1","Defend_R+1"],"score":799,"play_id":"cfe2006e-8b0a-49d7-a052-f82ac13be4cb","local_time":"20190408000324","is_ascension_mode":true,"campfire_choices":[{"data":"Armaments","floor":6,"key":"SMITH"},{"data":"Whirlwind","floor":10,"key":"SMITH"},{"data":"Seeing Red","floor":13,"key":"SMITH"},{"data":"Flex","floor":15,"key":"SMITH"},{"data":"True Grit","floor":24,"key":"SMITH"},{"data":"Pommel Strike","floor":32,"key":"SMITH"}],"neow_cost":"NONE","seed_source_timestamp":0,"circlet_count":0,"master_deck":["Strike_R+1","Strike_R+1","Strike_R+1","Strike_R+1","Strike_R+1","Defend_R+1","Defend_R+1","Bash","Flex+1","Shrug It Off","Armaments+1","Whirlwind+1","Seeing Red+1","Perfected Strike","Flex+1","Reaper","Intimidate","Wild Strike","True Grit+1","Warcry","Pommel Strike+1","Limit Break","Twin Strike","Rage+1","Offering","Rage+1"],"special_seed":0,"relics":["Burning Blood","Bag of Preparation","PreservedInsect","Art of War","Coffee Dripper","Enchiridion","Tiny Chest","Centennial Puzzle","Ancient Tea Set","Busted Crown"],"potions_floor_usage":[8,16,16,18,25,33,33,39,39],"damage_taken":[{"damage":0,"enemies":"Small Slimes","floor":1,"turns":3},{"damage":5,"enemies":"2 Louse","floor":5,"turns":3},{"damage":15,"enemies":"3 Sentries","floor":8,"turns":6},{"damage":0,"enemies":"Jaw Worm","floor":11,"turns":3},{"damage":0,"enemies":"2 Fungi Beasts","floor":12,"turns":1},{"damage":6,"enemies":"Looter","floor":14,"turns":3},{"damage":41,"enemies":"Hexaghost","floor":16,"turns":8},{"damage":0,"enemies":"Chosen","floor":18,"turns":4},{"damage":0,"enemies":"3 Byrds","floor":20,"turns":4},{"damage":20,"enemies":"Book of Stabbing","floor":23,"turns":5},{"damage":0,"enemies":"Slavers","floor":25,"turns":4},{"damage":10,"enemies":"Snecko","floor":30,"turns":3},{"damage":0,"enemies":"3 Cultists","floor":31,"turns":2},{"damage":83,"enemies":"Champ","floor":33,"turns":11},{"damage":3,"enemies":"3 Shapes","floor":35,"turns":3},{"damage":0,"enemies":"3 Darklings","floor":36,"turns":3},{"damage":100,"enemies":"Writhing Mass","floor":39,"turns":6}],"seed_played":"-1599304036878368066","potions_obtained":[{"floor":1,"key":"Fire Potion"},{"floor":11,"key":"Poison Potion"},{"floor":12,"key":"Regen Potion"},{"floor":16,"key":"SkillPotion"},{"floor":23,"key":"FearPotion"},{"floor":25,"key":"Swift Potion"},{"floor":30,"key":"Weak Potion"},{"floor":33,"key":"FearPotion"},{"floor":35,"key":"PowerPotion"}],"is_trial":false,"path_per_floor":["M","?","?","$","M","R","?","E","T","R","M","M","R","M","R","B",null,"M","?","M","?","$","E","R","E","T","?","$","?","M","M","R","B",null,"M","M","$","$","M"],"character_chosen":"IRONCLAD","items_purchased":["Shrug It Off","True Grit","Limit Break","LiquidBronze"],"campfire_rested":0,"item_purchase_floors":[4,22,28,28],"current_hp_per_floor":[78,71,71,71,72,72,56,47,47,47,53,59,59,59,59,39,70,76,60,73,73,73,64,64,76,76,76,76,76,72,80,80,11,63,80,80,80,80,0],"gold":46,"neow_bonus":"RANDOM_COMMON_RELIC","is_prod":false,"is_daily":false,"chose_seed":false,"campfire_upgraded":6,"win_rate":0,"timestamp":1554649404,"path_taken":["M","?","?","$","M","R","?","E","T","R","M","M","R","M","R","BOSS","M","?","M","?","$","E","R","E","T","?","$","?","?","?","R","BOSS","M","M","?","$","M"],"build_version":"2019-01-23","purchased_purges":2,"victory":false,"max_hp_per_floor":[80,80,80,80,80,80,80,80,80,80,80,80,80,80,80,80,80,80,80,80,80,80,80,80,80,80,80,80,80,80,80,80,80,80,80,80,80,80,80],"card_choices":[{"not_picked":["Bloodletting","Havoc"],"picked":"Flex","floor":1},{"not_picked":["Whirlwind","Searing Blow"],"picked":"Armaments","floor":5},{"not_picked":["Headbutt","Bloodletting"],"picked":"Whirlwind","floor":8},{"not_picked":["Clothesline","Whirlwind"],"picked":"Seeing Red","floor":11},{"not_picked":["Flame Barrier","Anger"],"picked":"Perfected Strike","floor":12},{"not_picked":["Dark Embrace","Sentinel"],"picked":"Flex","floor":14},{"not_picked":["Fiend Fire","Barricade"],"picked":"Reaper","floor":16},{"not_picked":["Rage","Armaments"],"picked":"Intimidate","floor":18},{"not_picked":["Body Slam","Hemokinesis"],"picked":"Wild Strike","floor":20},{"not_picked":["Iron Wave","Immolate"],"picked":"Bloodletting","floor":23},{"not_picked":["Metallicize","Havoc"],"picked":"Warcry","floor":25},{"not_picked":["Thunderclap","Intimidate+1"],"picked":"Twin Strike","floor":30},{"not_picked":["Headbutt","Shockwave"],"picked":"Rage+1","floor":31},{"not_picked":["Brutality","Fiend Fire"],"picked":"Offering","floor":33},{"not_picked":["Iron Wave"],"picked":"SKIP","floor":35},{"not_picked":[],"picked":"Rage+1","floor":36}],"player_experience":294616,"relics_obtained":[{"floor":8,"key":"Art of War"},{"floor":19,"key":"Enchiridion"},{"floor":23,"key":"Tiny Chest"},{"floor":25,"key":"Centennial Puzzle"},{"floor":26,"key":"Ancient Tea Set"}],"event_choices":[{"damage_healed":0,"gold_gain":0,"player_choice":"Success","damage_taken":7,"relics_obtained":["PreservedInsect"],"max_hp_gain":0,"max_hp_loss":0,"event_name":"Scrap Ooze","floor":2,"gold_loss":0},{"damage_healed":0,"gold_gain":0,"player_choice":"Grow","damage_taken":0,"max_hp_gain":0,"max_hp_loss":0,"event_name":"Living Wall","floor":3,"gold_loss":0,"cards_upgraded":["Flex"]},{"damage_healed":0,"gold_gain":0,"player_choice":"Entered Light","damage_taken":16,"max_hp_gain":0,"max_hp_loss":0,"event_name":"Shining Light","floor":7,"gold_loss":0,"cards_upgraded":["Defend_R","Defend_R"]},{"damage_healed":0,"gold_gain":0,"player_choice":"Obtained Book","damage_taken":16,"max_hp_gain":0,"max_hp_loss":0,"event_name":"Cursed Tome","floor":19,"gold_loss":0},{"damage_healed":0,"gold_gain":0,"player_choice":"Simplicity","damage_taken":0,"max_hp_gain":0,"max_hp_loss":0,"event_name":"Back to Basics","floor":21,"gold_loss":0,"cards_upgraded":["Strike_R","Strike_R","Strike_R","Strike_R","Strike_R","Defend_R","Defend_R"]},{"damage_healed":0,"gold_gain":0,"player_choice":"Read","damage_taken":0,"max_hp_gain":0,"max_hp_loss":0,"event_name":"The Library","floor":27,"gold_loss":0,"cards_obtained":["Pommel Strike"]},{"cards_removed":["Bloodletting"],"damage_healed":0,"gold_gain":0,"player_choice":"Gave Gold","damage_taken":0,"max_hp_gain":0,"max_hp_loss":0,"event_name":"Beggar","floor":29,"gold_loss":75}],"is_beta":false,"boss_relics":[{"not_picked":["Velvet Choker","Snecko Eye"],"picked":"Coffee Dripper"},{"not_picked":["Runic Cube","Lizard Tail"],"picked":"Busted Crown"}],"items_purged_floors":[37,38],"is_endless":false,"potions_floor_spawned":[1,11,12,16,23,25,30,33,35,36],"killed_by":"Writhing Mass","ascension_level":7}