{"gold_per_floor":[119,136,153,172,172,197,197,197,221,168,182,28,28,47,47,142,142,155,79,79,94,94,94,123,149,149,149,160,60,75,75,75,75],"floor_reached":33,"playtime":1244,"items_purged":["Defend_R","Strike_R+1"],"score":315,"play_id":"37d7b8f1-469d-40eb-a3a2-d6549c6333eb","local_time":"20180904182603","is_ascension_mode":false,"campfire_choices":[{"data":"Dual Wield","floor":7,"key":"SMITH"},{"data":"True Grit","floor":13,"key":"SMITH"},{"data":"Bash","floor":15,"key":"SMITH"},{"data":"RitualDagger","floor":23,"key":"SMITH"},{"data":"Berserk","floor":27,"key":"SMITH"},{"data":"Metallicize","floor":32,"key":"SMITH"}],"neow_cost":"NONE","seed_source_timestamp":164886586056432,"circlet_count":0,"master_deck":["Strike_R+1","Strike_R+1","Strike_R+1","Defend_R+1","Defend_R+1","Defend_R+1","Bash+1","Impervious","Clash","True Grit+1","Dual Wield+1","Clash","Inflame","Headbutt","Berserk+1","Metallicize+1","RitualDagger+1","Clash","Warcry+1"],"relics":["Burning Blood","Vajra","Boot","Potion Belt","Paper Frog","Eternal Feather","Omamori","Red Mask","Letter Opener"],"potions_floor_usage":[16,24,30,33],"damage_taken":[{"damage":0,"enemies":"Jaw Worm","floor":1,"turns":3},{"damage":0,"enemies":"Cultist","floor":2,"turns":4},{"damage":2,"enemies":"Small Slimes","floor":3,"turns":4},{"damage":1,"enemies":"Exordium Wildlife","floor":4,"turns":4},{"damage":33,"enemies":"Lagavulin","floor":6,"turns":9},{"damage":21,"enemies":"3 Louse","floor":11,"turns":3},{"damage":0,"enemies":"Gremlin Gang","floor":14,"turns":3},{"damage":0,"enemies":"Slime Boss","floor":16,"turns":10},{"damage":14,"enemies":"Spheric Guardian","floor":18,"turns":4},{"damage":23,"enemies":"3 Byrds","floor":21,"turns":6},{"damage":19,"enemies":"Gremlin Leader","floor":24,"turns":6},{"damage":19,"enemies":"Masked Bandits","floor":25,"turns":5},{"damage":0,"enemies":"Snecko","floor":28,"turns":3},{"damage":0,"enemies":"Cultist and Chosen","floor":30,"turns":3},{"damage":86,"enemies":"Automaton","floor":33,"turns":8}],"seed_played":"561586192096640617","potions_obtained":[{"floor":1,"key":"Regen Potion"},{"floor":11,"key":"SteroidPotion"},{"floor":14,"key":"SteroidPotion"},{"floor":18,"key":"Energy Potion"},{"floor":24,"key":"Strength Potion"},{"floor":30,"key":"EssenceOfSteel"}],"is_trial":false,"path_per_floor":["M","M","M","M","?","E","R","T","T","?","M","$","R","M","R","B",null,"M","$","?","M","?","R","E","?","T","R","M","$","M","?","R"],"character_chosen":"IRONCLAD","items_purchased":["Inflame","Metallicize"],"campfire_rested":0,"item_purchase_floors":[12,19],"current_hp_per_floor":[80,80,80,80,80,53,53,53,53,53,38,38,38,44,44,65,80,72,72,66,49,49,58,45,32,32,44,50,50,56,80,80,0],"gold":75,"neow_bonus":"ONE_RANDOM_RARE_CARD","is_prod":false,"is_daily":false,"chose_seed":false,"campfire_upgraded":6,"win_rate":0,"timestamp":1536110763,"path_taken":["M","M","M","M","?","E","R","?","T","?","?","$","R","M","R","BOSS","M","$","?","M","?","R","E","?","T","R","?","?","M","?","R","BOSS"],"build_version":"2018-08-30","purchased_purges":2,"victory":false,"max_hp_per_floor":[80,80,80,80,80,80,80,80,80,80,80,80,80,80,80,80,80,80,80,80,80,80,80,80,80,80,80,80,80,80,80,80,80],"card_choices":[{"not_picked":["Carnage","Perfected Strike"],"picked":"Clash","floor":1},{"not_picked":["Twin Strike","Wild Strike","Whirlwind"],"picked":"SKIP","floor":2},{"not_picked":["Headbutt","Iron Wave"],"picked":"True Grit","floor":3},{"not_picked":["Havoc","Clothesline"],"picked":"Dual Wield","floor":4},{"not_picked":["Heavy Blade","Flex","Immolate"],"picked":"SKIP","floor":6},{"not_picked":["Pummel","Havoc"],"picked":"Clash","floor":11},{"not_picked":["Perfected Strike","Anger"],"picked":"Headbutt","floor":14},{"not_picked":["Immolate","Brutality"],"picked":"Berserk","floor":16},{"not_picked":["Ghostly Armor","Feel No Pain","Burning Pact"],"picked":"SKIP","floor":18},{"not_picked":["True Grit","Body Slam"],"picked":"Clash","floor":21},{"not_picked":["Flex","Shrug It Off"],"picked":"Warcry+1","floor":24},{"not_picked":["Twin Strike+1","Blood for Blood","True Grit+1"],"picked":"SKIP","floor":28},{"not_picked":["Cleave","Pummel","Sword Boomerang"],"picked":"SKIP","floor":30}],"player_experience":175695,"relics_obtained":[{"floor":6,"key":"Vajra"},{"floor":8,"key":"Boot"},{"floor":9,"key":"Potion Belt"},{"floor":24,"key":"Omamori"},{"floor":25,"key":"Red Mask"},{"floor":26,"key":"Letter Opener"}],"event_choices":[{"event_name":"Purifier","player_choice":"One Purge","floor":5,"damage_taken":0},{"event_name":"WeMeetAgain","player_choice":"Gold","floor":10,"damage_taken":0},{"event_name":"Nest","player_choice":"Joined the Cult","floor":20,"damage_taken":0},{"event_name":"Back to Basics","player_choice":"Simplicity","floor":22,"damage_taken":0},{"event_name":"Masked Bandits","player_choice":"Fought Bandits","floor":25,"damage_taken":0},{"event_name":"The Library","player_choice":"Heal","floor":31,"damage_taken":0}],"is_beta":false,"boss_relics":[{"not_picked":["Velvet Choker","Snecko Eye"],"picked":"Eternal Feather"}],"items_purged_floors":[12,29],"is_endless":false,"potions_floor_spawned":[1,11,14,18,24,30],"killed_by":"Automaton","ascension_level":0}