{"gold_per_floor":[111,128,128,128,141,141,174,174,198,198,228,248,258,275,275,378,378,397,409,422,438,438,469,469,469,493,107,135,155,186,186,186,291,291,309,360,63,83,83,109,109,138,164,196,196,213,213,248,248,248,248,248,49,82,82],"floor_reached":56,"playtime":2801,"items_purged":["Strike_R","Strike_R","Strike_R"],"score":1859,"play_id":"1c0a77e4-c974-46a7-8ebc-b5cb900debcc","local_time":"20190412204430","is_ascension_mode":true,"campfire_choices":[{"data":"Spot Weakness","floor":6.0,"key":"SMITH"},{"data":"Clothesline","floor":8.0,"key":"SMITH"},{"data":"Pummel","floor":10.0,"key":"SMITH"},{"data":"Limit Break","floor":15.0,"key":"SMITH"},{"data":"RitualDagger","floor":32.0,"key":"SMITH"},{"data":"Limit Break","floor":41.0,"key":"SMITH"},{"data":"Entrench","floor":45.0,"key":"SMITH"},{"floor":47.0,"key":"RECALL"},{"data":"Metallicize","floor":49.0,"key":"SMITH"},{"data":"Metallicize","floor":52.0,"key":"SMITH"}],"neow_cost":"NONE","seed_source_timestamp":0,"circlet_count":0,"master_deck":["Strike_R+1","Defend_R","Defend_R","Defend_R","Defend_R+1","Bash+1","Pummel+1","Clothesline+1","Spot Weakness+1","Pummel","Limit Break+1","Metallicize+1","Reaper","Flex","Heavy Blade+1","Metallicize+1","Inflame","Entrench+1","Sever Soul+1","RitualDagger+1","Limit Break+1","True Grit+1","Flex","Corruption"],"special_seed":0,"relics":["Burning Blood","PreservedInsect","Orichalcum","Blood Vial","Bag of Marbles","Runic Pyramid","MutagenicStrength","Boot","Lee\u0027s Waffle","Letter Opener","Ornamental Fan","Busted Crown","Ginger","Strawberry","Bag of Preparation","The Courier","Vajra","Happy Flower","Mango","Blue Candle"],"potions_floor_usage":[55,55,55],"damage_taken":[{"damage":3.0,"enemies":"2 Louse","floor":1.0,"turns":3.0},{"damage":7.0,"enemies":"Jaw Worm","floor":2.0,"turns":3.0},{"damage":0.0,"enemies":"Small Slimes","floor":5.0,"turns":3.0},{"damage":4.0,"enemies":"3 Sentries","floor":7.0,"turns":6.0},{"damage":12.0,"enemies":"Gremlin Nob","floor":11.0,"turns":3.0},{"damage":7.0,"enemies":"Blue Slaver","floor":12.0,"turns":2.0},{"damage":0.0,"enemies":"2 Fungi Beasts","floor":13.0,"turns":2.0},{"damage":3.0,"enemies":"Looter","floor":14.0,"turns":2.0},{"damage":41.0,"enemies":"Slime Boss","floor":16.0,"turns":12.0},{"damage":15.0,"enemies":"Shell Parasite","floor":18.0,"turns":7.0},{"damage":12.0,"enemies":"3 Byrds","floor":19.0,"turns":5.0},{"damage":32.0,"enemies":"Snake Plant","floor":20.0,"turns":5.0},{"damage":11.0,"enemies":"Snecko","floor":21.0,"turns":4.0},{"damage":14.0,"enemies":"Gremlin Leader","floor":23.0,"turns":5.0},{"damage":42.0,"enemies":"Slavers","floor":28.0,"turns":7.0},{"damage":16.0,"enemies":"Centurion and Healer","floor":29.0,"turns":9.0},{"damage":12.0,"enemies":"Gremlin Leader","floor":30.0,"turns":3.0},{"damage":86.0,"enemies":"Automaton","floor":33.0,"turns":11.0},{"damage":26.0,"enemies":"3 Shapes","floor":35.0,"turns":5.0},{"damage":82.0,"enemies":"2 Orb Walkers","floor":36.0,"turns":6.0},{"damage":13.0,"enemies":"3 Darklings","floor":38.0,"turns":4.0},{"damage":0.0,"enemies":"Giant Head","floor":40.0,"turns":4.0},{"damage":22.0,"enemies":"Nemesis","floor":42.0,"turns":3.0},{"damage":7.0,"enemies":"Giant Head","floor":44.0,"turns":3.0},{"damage":21.0,"enemies":"Writhing Mass","floor":46.0,"turns":2.0},{"damage":37.0,"enemies":"Reptomancer","floor":48.0,"turns":6.0},{"damage":39.0,"enemies":"Time Eater","floor":50.0,"turns":7.0},{"damage":16.0,"enemies":"Shield and Spear","floor":54.0,"turns":3.0},{"damage":162,"enemies":"The Heart","floor":55,"turns":7}],"seed_played":"-8800789037744619198","potions_obtained":[{"floor":1.0,"key":"Fire Potion"},{"floor":5.0,"key":"Dexterity Potion"},{"floor":12.0,"key":"SneckoOil"},{"floor":13.0,"key":"Explosive Potion"},{"floor":18.0,"key":"Poison Potion"},{"floor":20.0,"key":"Fire Potion"},{"floor":28.0,"key":"Explosive Potion"},{"floor":30.0,"key":"Energy Potion"},{"floor":36.0,"key":"SpeedPotion"},{"floor":40.0,"key":"Explosive Potion"},{"floor":46.0,"key":"Dexterity Potion"}],"is_trial":false,"path_per_floor":["M","M","?","?","M","R","E","R","T","R","E","M","M","M","R","B",null,"M","M","M","M","?","E","?","?","T","$","E","M","E","?","R","B",null,"M","?","$","M","?","E","R","E","T","E","R","M","R","E","R","B",null,"R","$","E","B",null],"character_chosen":"IRONCLAD","items_purchased":["Inflame","Lee\u0027s Waffle","Entrench","Strawberry","Flex","PowerPotion","Corruption"],"campfire_rested":0,"item_purchase_floors":[27,27,27,37,37,53,53],"current_hp_per_floor":[75,74,58,58,64,64,66,66,66,66,62,63,71,76,76,43,71,80,80,72,80,80,80,80,65,65,92,76,92,86,80,80,20,74,88,38,45,99,99,99,99,99,99,99,99,99,99,113,113,113,113,113,113,113,37],"gold":82,"neow_bonus":"RANDOM_COMMON_RELIC","is_prod":false,"is_daily":false,"chose_seed":false,"campfire_upgraded":9,"win_rate":0,"timestamp":1555127070,"path_taken":["M","M","?","?","?","R","E","R","T","R","E","M","M","M","R","BOSS","M","M","M","M","?","E","?","?","T","$","E","?","E","?","R","BOSS","M","?","$","M","?","E","R","E","T","E","R","M","R","E","R","BOSS","R","$","E","BOSS"],"build_version":"2019-01-23","purchased_purges":3,"victory":true,"max_hp_per_floor":[80,80,80,80,80,80,80,80,80,80,80,80,80,80,80,80,80,80,80,80,80,80,80,80,85,85,92,92,92,92,92,92,92,92,92,92,99,99,99,99,99,99,99,99,99,99,99,113,113,113,113,113,113,113,113],"card_choices":[{"not_picked":["Pommel Strike","Heavy Blade"],"picked":"Pummel","floor":1.0},{"not_picked":["Perfected Strike","Heavy Blade"],"picked":"Clothesline","floor":2.0},{"not_picked":["Havoc","Twin Strike"],"picked":"Spot Weakness","floor":5.0},{"not_picked":["Rupture","Perfected Strike"],"picked":"Pummel","floor":7.0},{"not_picked":["Body Slam","Rage","Perfected Strike"],"picked":"SKIP","floor":11.0},{"not_picked":["Pummel","Havoc"],"picked":"Limit Break","floor":12.0},{"not_picked":["Intimidate","Warcry","Havoc"],"picked":"SKIP","floor":13.0},{"not_picked":["Pommel Strike","Warcry"],"picked":"Metallicize","floor":14.0},{"not_picked":["Dark Embrace","Juggernaut"],"picked":"Reaper","floor":16.0},{"not_picked":["Infernal Blade","Cleave+1"],"picked":"Flex","floor":18.0},{"not_picked":["True Grit","Rampage"],"picked":"Heavy Blade+1","floor":19.0},{"not_picked":["Pommel Strike+1","Body Slam","Wild Strike"],"picked":"SKIP","floor":20.0},{"not_picked":["Rampage","Intimidate"],"picked":"Metallicize","floor":21.0},{"not_picked":["Wild Strike","Clothesline+1","Searing Blow"],"picked":"SKIP","floor":23.0},{"not_picked":["Body Slam","Reckless Charge","Searing Blow"],"picked":"SKIP","floor":28.0},{"not_picked":["Heavy Blade","Seeing Red"],"picked":"Sever Soul+1","floor":29.0},{"not_picked":["Shrug It Off","Anger+1","Dark Embrace"],"picked":"SKIP","floor":30.0},{"not_picked":["Dark Embrace","Bludgeon"],"picked":"Limit Break","floor":33.0},{"not_picked":[],"picked":"True Grit+1","floor":35.0},{"not_picked":["Clash"],"picked":"SKIP","floor":38.0},{"not_picked":["Anger"],"picked":"SKIP","floor":40.0},{"not_picked":["Ghostly Armor"],"picked":"SKIP","floor":42.0},{"not_picked":["Carnage"],"picked":"SKIP","floor":44.0},{"not_picked":["Warcry+1"],"picked":"SKIP","floor":46.0},{"not_picked":["Battle Trance"],"picked":"SKIP","floor":48.0},{"not_picked":["Brutality"],"picked":"SKIP","floor":54.0}],"player_experience":217765,"relics_obtained":[{"floor":7.0,"key":"Orichalcum"},{"floor":9.0,"key":"Blood Vial"},{"floor":11.0,"key":"Bag of Marbles"},{"floor":23.0,"key":"Boot"},{"floor":28.0,"key":"Letter Opener"},{"floor":30.0,"key":"Ornamental Fan"},{"floor":36.0,"key":"Ginger"},{"floor":40.0,"key":"Bag of Preparation"},{"floor":42.0,"key":"The Courier"},{"floor":43.0,"key":"Vajra"},{"floor":44.0,"key":"Happy Flower"},{"floor":48.0,"key":"Mango"},{"floor":54.0,"key":"Blue Candle"}],"event_choices":[{"damage_healed":0.0,"max_hp_gain":0.0,"max_hp_loss":0.0,"gold_gain":0.0,"event_name":"Shining Light","player_choice":"Entered Light","floor":3.0,"gold_loss":0.0,"damage_taken":16.0,"cards_upgraded":["Defend_R","Strike_R"]},{"damage_healed":0.0,"max_hp_gain":0.0,"max_hp_loss":0.0,"gold_gain":0.0,"event_name":"Living Wall","player_choice":"Grow","floor":4.0,"gold_loss":0.0,"damage_taken":0.0,"cards_upgraded":["Bash"]},{"damage_healed":0.0,"max_hp_gain":0.0,"max_hp_loss":0.0,"gold_gain":0.0,"event_name":"Drug Dealer","player_choice":"Inject Mutagens","floor":22.0,"gold_loss":0.0,"damage_taken":0.0,"relics_obtained":["MutagenicStrength"]},{"damage_healed":0.0,"max_hp_gain":0.0,"max_hp_loss":0.0,"gold_gain":0.0,"event_name":"Ghosts","player_choice":"Ignored","floor":24.0,"gold_loss":0.0,"damage_taken":0.0},{"damage_healed":0.0,"max_hp_gain":5.0,"max_hp_loss":0.0,"gold_gain":0.0,"event_name":"Forgotten Altar","player_choice":"Shed Blood","floor":25.0,"gold_loss":0.0,"damage_taken":20.0},{"damage_healed":0.0,"max_hp_gain":0.0,"max_hp_loss":0.0,"gold_gain":0.0,"event_name":"Nest","player_choice":"Joined the Cult","floor":31.0,"gold_loss":0.0,"damage_taken":6.0,"cards_obtained":["RitualDagger"]},{"damage_healed":0.0,"max_hp_gain":0.0,"max_hp_loss":0.0,"gold_gain":0.0,"event_name":"Mysterious Sphere","player_choice":"Fight","floor":36.0,"gold_loss":0.0,"damage_taken":0.0},{"cards_removed":["Strike_R"],"damage_healed":0.0,"max_hp_gain":0.0,"max_hp_loss":0.0,"gold_gain":0.0,"event_name":"Bonfire Elementals","player_choice":"Offered Basic","floor":39.0,"gold_loss":0.0,"damage_taken":0.0}],"is_beta":false,"boss_relics":[{"not_picked":["Pandora\u0027s Box","Snecko Eye"],"picked":"Runic Pyramid"},{"not_picked":["Cursed Key","Velvet Choker"],"picked":"Busted Crown"}],"items_purged_floors":[27,37,53],"is_endless":false,"potions_floor_spawned":[1,5,12,13,18,20,28,30,36,40,46],"ascension_level":9}