{"gold_per_floor":[109,127,127,143,155,188,245,265,265,276,289,289,301,320,320,320],"floor_reached":16,"playtime":562,"items_purged":[],"score":108,"play_id":"3a20a2d1-964f-4082-b4da-9e4f1d430c78","local_time":"20180913172001","is_ascension_mode":false,"campfire_choices":[{"floor":12,"key":"REST"},{"data":"Perfected Strike","floor":15,"key":"SMITH"}],"neow_cost":"NONE","seed_source_timestamp":939237504728896,"circlet_count":0,"master_deck":["Strike_R","Strike_R","Strike_R","Strike_R","Defend_R","Defend_R","Defend_R","Defend_R","Bash","Dual Wield+1","Whirlwind","Perfected Strike+1","Pommel Strike","Sword Boomerang","Offering","Pommel Strike"],"relics":["Burning Blood","Oddly Smooth Stone","Tiny Chest","Omamori"],"potions_floor_usage":[8,11,11],"damage_taken":[{"damage":6,"enemies":"Cultist","floor":1,"turns":3},{"damage":3,"enemies":"Small Slimes","floor":2,"turns":3},{"damage":9,"enemies":"Jaw Worm","floor":4,"turns":5},{"damage":19,"enemies":"Lots of Slimes","floor":5,"turns":4},{"damage":31,"enemies":"Lagavulin","floor":6,"turns":7},{"damage":1,"enemies":"3 Louse","floor":8,"turns":3},{"damage":24,"enemies":"Red Slaver","floor":10,"turns":8},{"damage":28,"enemies":"Exordium Thugs","floor":11,"turns":4},{"damage":8,"enemies":"Looter","floor":13,"turns":3},{"damage":6,"enemies":"2 Fungi Beasts","floor":14,"turns":2},{"damage":39,"enemies":"Slime Boss","floor":16,"turns":6}],"seed_played":"-2803635532590098404","potions_obtained":[{"floor":4,"key":"EssenceOfSteel"},{"floor":6,"key":"Explosive Potion"},{"floor":8,"key":"BloodPotion"},{"floor":10,"key":"PowerPotion"},{"floor":14,"key":"EssenceOfSteel"}],"is_trial":false,"path_per_floor":["M","M","?","M","M","E","T","M","T","M","M","R","M","M","R"],"character_chosen":"IRONCLAD","items_purchased":[],"campfire_rested":1,"item_purchase_floors":[],"current_hp_per_floor":[80,80,80,77,64,39,39,44,44,26,12,36,34,34,34,0],"gold":320,"neow_bonus":"TRANSFORM_CARD","is_prod":false,"is_daily":false,"chose_seed":false,"campfire_upgraded":1,"win_rate":0,"timestamp":1536884401,"path_taken":["M","?","?","?","M","E","?","M","T","M","M","R","M","?","R","BOSS"],"build_version":"2018-09-06","purchased_purges":0,"victory":false,"max_hp_per_floor":[80,80,80,80,80,80,80,80,80,80,80,80,80,80,80,80],"card_choices":[{"not_picked":["Thunderclap","Dual Wield"],"picked":"Whirlwind","floor":1},{"not_picked":["Seeing Red","Pommel Strike"],"picked":"Perfected Strike","floor":2},{"not_picked":["Reckless Charge","Cleave","Warcry"],"picked":"SKIP","floor":4},{"not_picked":["Shrug It Off","Armaments"],"picked":"Pommel Strike","floor":5},{"not_picked":["Thunderclap","Reckless Charge","Iron Wave"],"picked":"SKIP","floor":6},{"not_picked":["Warcry","Bloodletting","True Grit"],"picked":"SKIP","floor":8},{"not_picked":["Armaments","Second Wind"],"picked":"Sword Boomerang","floor":10},{"not_picked":["Heavy Blade","Headbutt","Clash"],"picked":"SKIP","floor":11},{"not_picked":["Thunderclap","Shrug It Off"],"picked":"Offering","floor":13},{"not_picked":["Shrug It Off","Twin Strike"],"picked":"Pommel Strike","floor":14}],"player_experience":217790,"relics_obtained":[{"floor":6,"key":"Oddly Smooth Stone"},{"floor":7,"key":"Tiny Chest"},{"floor":9,"key":"Omamori"}],"event_choices":[{"event_name":"Upgrade Shrine","player_choice":"Upgraded","floor":3,"damage_taken":0}],"is_beta":false,"boss_relics":[],"items_purged_floors":[],"is_endless":false,"potions_floor_spawned":[4,6,8,10,14],"killed_by":"Slime Boss","ascension_level":0}