{"gold_per_floor":[115,134,147,97,272,306,306,316,316,332,59,78,78,29,29,129,129,141,141,141,156,171,198,216,242,242,242,242,259,273,292,292,292],"floor_reached":33,"playtime":2182,"items_purged":["Strike_B"],"score":306,"play_id":"ffd1fccc-e1b3-4245-bf9a-c25fa01730e3","local_time":"20190402205747","is_ascension_mode":true,"campfire_choices":[{"data":"Biased Cognition","floor":7,"key":"SMITH"},{"data":"Genetic Algorithm","floor":13,"key":"SMITH"},{"data":"Zap","floor":15,"key":"SMITH"},{"floor":28,"key":"REST"},{"floor":32,"key":"REST"}],"neow_cost":"NONE","seed_source_timestamp":1905079032447985,"circlet_count":0,"master_deck":["Defend_B","Defend_B","Defend_B","Zap+1","Dualcast","Biased Cognition+1","Gash","Cold Snap","Doubt","Sweeping Beam","Cold Snap","Steam","Redo+1","All For One","Redo+1","Hello World+1","Force Field+1","Beam Cell+1","Go for the Eyes","Glacier","Strike_G","Ball Lightning"],"relics":["Cracked Core","Bag of Marbles","PreservedInsect","Juzu Bracelet","Astrolabe","Pear","Letter Opener","Ginger"],"potions_floor_usage":[16,16,22,33],"damage_taken":[{"damage":0,"enemies":"2 Louse","floor":1,"turns":2},{"damage":3,"enemies":"Jaw Worm","floor":2,"turns":3},{"damage":0,"enemies":"Cultist","floor":3,"turns":3},{"damage":22,"enemies":"Gremlin Nob","floor":6,"turns":4},{"damage":8,"enemies":"Red Slaver","floor":8,"turns":3},{"damage":11,"enemies":"3 Louse","floor":10,"turns":3},{"damage":0,"enemies":"Exordium Wildlife","floor":12,"turns":2},{"damage":4,"enemies":"Hexaghost","floor":16,"turns":9},{"damage":19,"enemies":"3 Byrds","floor":18,"turns":4},{"damage":0,"enemies":"Chosen","floor":21,"turns":4},{"damage":7,"enemies":"Centurion and Healer","floor":22,"turns":7},{"damage":3,"enemies":"Gremlin Leader","floor":23,"turns":5},{"damage":21,"enemies":"Shelled Parasite and Fungi","floor":24,"turns":5},{"damage":27,"enemies":"Book of Stabbing","floor":25,"turns":9},{"damage":11,"enemies":"Snake Plant","floor":29,"turns":3},{"damage":8,"enemies":"Cultist and Chosen","floor":30,"turns":7},{"damage":2,"enemies":"Chosen and Byrds","floor":31,"turns":5},{"damage":37,"enemies":"Automaton","floor":33,"turns":6}],"seed_played":"-7495625938663985359","potions_obtained":[{"floor":6,"key":"LiquidBronze"},{"floor":12,"key":"FocusPotion"},{"floor":16,"key":"Poison Potion"},{"floor":22,"key":"Energy Potion"},{"floor":23,"key":"FearPotion"},{"floor":29,"key":"Poison Potion"}],"is_trial":false,"path_per_floor":["M","M","M","?","?","E","R","M","T","M","$","M","R","$","R","B",null,"M","?","$","M","M","E","M","E","T","?","R","M","M","M","R","B"],"character_chosen":"DEFECT","items_purchased":["Juzu Bracelet","Steam","Redo"],"campfire_rested":2,"item_purchase_floors":[11,11,14],"current_hp_per_floor":[75,72,72,72,72,50,50,42,42,31,31,31,31,31,31,27,75,56,56,56,56,49,56,35,8,8,8,33,22,14,12,37,0],"gold":292,"neow_bonus":"ONE_RANDOM_RARE_CARD","is_prod":false,"is_daily":false,"chose_seed":false,"campfire_upgraded":3,"win_rate":0,"timestamp":1554235067,"path_taken":["M","M","M","?","?","E","R","M","T","M","$","M","R","$","R","BOSS","M","?","$","M","M","E","M","E","T","?","R","M","M","M","R","BOSS"],"build_version":"2019-01-23","purchased_purges":1,"victory":false,"max_hp_per_floor":[75,75,75,75,75,75,75,75,75,75,75,75,75,75,75,75,75,75,75,75,75,75,85,85,85,85,85,85,85,85,85,85,85],"card_choices":[{"not_picked":["Hologram","Go for the Eyes"],"picked":"Gash","floor":1},{"not_picked":["Fusion","Hello World"],"picked":"Cold Snap","floor":2},{"not_picked":["Storm","Recycle","Turbo"],"picked":"SKIP","floor":3},{"not_picked":["Double Energy","Barrage"],"picked":"Sweeping Beam","floor":6},{"not_picked":["Conserve Battery","Storm"],"picked":"Genetic Algorithm","floor":8},{"not_picked":["Lockon","Rip and Tear"],"picked":"Cold Snap","floor":10},{"not_picked":["Turbo","Force Field","Stack"],"picked":"SKIP","floor":12},{"not_picked":["Reboot","Rainbow"],"picked":"All For One","floor":16},{"not_picked":["Hologram+1","Barrage+1"],"picked":"Beam Cell+1","floor":18},{"not_picked":["Beam Cell","Self Repair","Sweeping Beam"],"picked":"SKIP","floor":21},{"not_picked":["Blizzard","Rip and Tear+1","Auto Shields"],"picked":"SKIP","floor":22},{"not_picked":["Barrage","Hologram"],"picked":"Go for the Eyes","floor":23},{"not_picked":["Blizzard","Aggregate"],"picked":"Glacier","floor":24},{"not_picked":["Lockon+1","Leap","Stack"],"picked":"SKIP","floor":25},{"not_picked":["Leap","Tempest","Go for the Eyes"],"picked":"SKIP","floor":29},{"not_picked":["Sweeping Beam","Rebound"],"picked":"Ball Lightning","floor":30},{"not_picked":["Redo","Skim+1","Lockon+1"],"picked":"SKIP","floor":31}],"player_experience":1695421,"relics_obtained":[{"floor":6,"key":"Bag of Marbles"},{"floor":9,"key":"PreservedInsect"},{"floor":23,"key":"Pear"},{"floor":25,"key":"Letter Opener"},{"floor":26,"key":"Ginger"}],"event_choices":[{"cards_removed":["Strike_B"],"damage_healed":0,"gold_gain":0,"player_choice":"Card Removal","damage_taken":0,"max_hp_gain":0,"max_hp_loss":0,"event_name":"The Cleric","floor":4,"gold_loss":50},{"damage_healed":0,"gold_gain":175,"player_choice":"AGREE","damage_taken":0,"max_hp_gain":0,"max_hp_loss":0,"event_name":"Liars Game","floor":5,"gold_loss":0,"cards_obtained":["Doubt"]},{"damage_healed":0,"gold_gain":0,"player_choice":"Forge","damage_taken":0,"max_hp_gain":0,"max_hp_loss":0,"event_name":"Accursed Blacksmith","floor":19,"gold_loss":0,"cards_upgraded":["Redo"]},{"cards_removed":["Genetic Algorithm"],"damage_healed":0,"gold_gain":0,"player_choice":"Took Card","damage_taken":0,"max_hp_gain":0,"max_hp_loss":0,"event_name":"NoteForYourself","floor":27,"gold_loss":0,"cards_obtained":["Strike_G"]}],"is_beta":false,"boss_relics":[{"not_picked":["Snecko Eye","Eternal Feather"],"picked":"Astrolabe"}],"items_purged_floors":[11],"is_endless":false,"potions_floor_spawned":[6,12,16,22,23,29],"killed_by":"Automaton","ascension_level":1}