{"gold_per_floor":[110,110,121,121,19,19,19,53,53,53],"floor_reached":10,"playtime":195,"items_purged":[],"score":67,"play_id":"75766875-0f03-47e9-a704-7c49e15cbdd3","local_time":"20181220193550","is_ascension_mode":true,"campfire_choices":[{"floor":6,"key":"RECALL"}],"neow_cost":"NONE","seed_source_timestamp":80431743123374,"circlet_count":0,"master_deck":["Strike_B","Strike_B","Strike_B","Defend_B","Defend_B","Defend_B+1","Defend_B","Zap","Dualcast+1","Hologram","Compile Driver","Leap","Doom and Gloom","Ball Lightning"],"relics":["Cracked Core","Omamori"],"potions_floor_usage":[],"damage_taken":[{"damage":6,"enemies":"Cultist","floor":1,"turns":3},{"damage":14,"enemies":"2 Louse","floor":3,"turns":3},{"damage":38,"enemies":"Gremlin Nob","floor":8,"turns":5},{"damage":31,"enemies":"3 Sentries","floor":10,"turns":4}],"seed_played":"4169582536199825930","potions_obtained":[{"floor":1,"key":"SneckoOil"}],"is_trial":false,"path_per_floor":["M","?","M","?","$","R","?","E","T","E"],"character_chosen":"DEFECT","items_purchased":["Leap","Doom and Gloom"],"campfire_rested":0,"item_purchase_floors":[5,5],"current_hp_per_floor":[76,69,55,39,39,39,66,28,28,0],"gold":53,"neow_bonus":"TEN_PERCENT_HP_BONUS","is_prod":false,"is_daily":false,"chose_seed":false,"campfire_upgraded":0,"win_rate":0,"timestamp":1545363350,"path_taken":["M","?","M","?","$","R","?","E","T","E"],"build_version":"2018-12-20","purchased_purges":0,"victory":false,"max_hp_per_floor":[82,82,82,82,82,82,82,82,82,82],"card_choices":[{"not_picked":["Capacitor","Turbo"],"picked":"Hologram","floor":1},{"not_picked":["Steam","Stack"],"picked":"Compile Driver","floor":3},{"not_picked":["Steam Power","Rebound"],"picked":"Ball Lightning","floor":8}],"player_experience":305157,"relics_obtained":[{"floor":8,"key":"Omamori"}],"event_choices":[{"cards_removed":["Strike_B"],"damage_healed":0,"gold_gain":0,"player_choice":"Card Removal","damage_taken":7,"max_hp_gain":0,"max_hp_loss":0,"event_name":"Golden Wing","floor":2,"gold_loss":0},{"damage_healed":0,"gold_gain":0,"player_choice":"Entered Light","damage_taken":16,"max_hp_gain":0,"max_hp_loss":0,"event_name":"Shining Light","floor":4,"gold_loss":0,"cards_upgraded":["Dualcast","Defend_B"]},{"damage_healed":27,"gold_gain":0,"player_choice":"Banana","damage_taken":0,"max_hp_gain":0,"max_hp_loss":0,"event_name":"Big Fish","floor":7,"gold_loss":0}],"is_beta":false,"boss_relics":[],"items_purged_floors":[],"is_endless":false,"potions_floor_spawned":[1],"killed_by":"3 Sentries","ascension_level":1}