{"gold_per_floor":[210,223,242,253,269,1,35,35,84,159,170,170,204,216,216,320,320,330,230,264,280,118,118,131,131,157,157,72,84,131,143,155,263,325,354,10,28,43,43,43,143,143,166,166,166,166,181,197,197,197],"floor_reached":50,"playtime":2687,"items_purged":["Strike_R","Strike_R","Strike_R","Defend_R"],"score":545,"play_id":"faa473c4-0e6e-4ead-961d-23a27e339b61","local_time":"20181130030916","is_ascension_mode":false,"campfire_choices":[{"floor":12,"key":"REST"},{"floor":15,"key":"REST"},{"floor":23,"key":"REST"},{"floor":25,"key":"REST"},{"data":"Flex","floor":29,"key":"SMITH"},{"data":"Inflame","floor":32,"key":"SMITH"},{"data":"Heavy Blade","floor":40,"key":"SMITH"},{"data":"Flame Barrier","floor":42,"key":"SMITH"},{"data":"Offering","floor":45,"key":"SMITH"},{"data":"Limit Break","floor":49,"key":"SMITH"}],"neow_cost":"NONE","seed_source_timestamp":15862952062818,"circlet_count":0,"master_deck":["Strike_R","Strike_R+1","Defend_R","Defend_R","Defend_R","Bash","Disarm","Pummel","Heavy Blade+1","Offering+1","Heavy Blade+1","Shrug It Off","Flex+1","Flame Barrier+1","Reaper","Dual Wield+1","Inflame","Heavy Blade+1","Inflame+1","Double Tap+1","Shrug It Off+1","Twin Strike+1","Limit Break+1"],"relics":["Burning Blood","Red Skull","Pear","Whetstone","Lizard Tail","Red Mask","Orichalcum","MawBank","Letter Opener","Tiny House","Brimstone","StoneCalendar","Omamori","Question Card"],"potions_floor_usage":[4,5,11,13,16,30,30,35,35,48,48],"damage_taken":[{"damage":0,"enemies":"2 Louse","floor":1,"turns":3},{"damage":1,"enemies":"Jaw Worm","floor":2,"turns":5},{"damage":3,"enemies":"Cultist","floor":3,"turns":4},{"damage":6,"enemies":"Blue Slaver","floor":4,"turns":4},{"damage":14,"enemies":"Large Slime","floor":5,"turns":9},{"damage":50,"enemies":"3 Sentries","floor":7,"turns":11},{"damage":0,"enemies":"Looter","floor":11,"turns":2},{"damage":14,"enemies":"Gremlin Nob","floor":13,"turns":3},{"damage":7,"enemies":"Blue Slaver","floor":14,"turns":2},{"damage":37,"enemies":"The Guardian","floor":16,"turns":16},{"damage":30,"enemies":"Chosen","floor":18,"turns":7},{"damage":79,"enemies":"Masked Bandits","floor":20,"turns":6},{"damage":6,"enemies":"Spheric Guardian","floor":21,"turns":3},{"damage":14,"enemies":"Centurion and Healer","floor":24,"turns":7},{"damage":28,"enemies":"Slavers","floor":30,"turns":6},{"damage":89,"enemies":"Champ","floor":33,"turns":9},{"damage":21,"enemies":"Orb Walker","floor":35,"turns":4},{"damage":11,"enemies":"3 Shapes","floor":37,"turns":4},{"damage":36,"enemies":"3 Darklings","floor":38,"turns":4},{"damage":6,"enemies":"Mind Bloom Boss Battle","floor":41,"turns":3},{"damage":20,"enemies":"Writhing Mass","floor":47,"turns":4},{"damage":4,"enemies":"Transient","floor":48,"turns":5},{"damage":116,"enemies":"Awakened One","floor":50,"turns":7}],"seed_played":"-286133549915709678","potions_obtained":[{"floor":3,"key":"Fire Potion"},{"floor":4,"key":"FearPotion"},{"floor":7,"key":"SkillPotion"},{"floor":11,"key":"PowerPotion"},{"floor":14,"key":"Regen Potion"},{"floor":18,"key":"FairyPotion"},{"floor":21,"key":"Explosive Potion"},{"floor":24,"key":"LiquidBronze"},{"floor":33,"key":"PowerPotion"},{"floor":34,"key":"Weak Potion"},{"floor":41,"key":"Swift Potion"},{"floor":47,"key":"Poison Potion"}],"is_trial":false,"path_per_floor":["M","M","M","M","M","$","E","?","T","?","M","R","E","M","R","B",null,"M","$","?","M","$","R","M","R","T","?","?","R","E","$","R","B",null,"M","$","M","M","?","R","?","R","T","T","R","$","M","M","R","B"],"character_chosen":"IRONCLAD","items_purchased":["Offering","Heavy Blade","Inflame","Brimstone"],"campfire_rested":4,"item_purchase_floors":[6,6,22,36],"current_hp_per_floor":[80,80,80,80,72,72,28,26,26,15,21,48,40,39,66,50,90,72,72,17,17,17,44,36,63,63,63,63,63,53,53,53,35,95,80,80,75,67,67,67,67,67,67,67,67,67,53,55,55,0],"gold":197,"neow_bonus":"HUNDRED_GOLD","is_prod":false,"is_daily":false,"chose_seed":false,"campfire_upgraded":6,"win_rate":0,"timestamp":1543543756,"path_taken":["M","M","M","M","M","$","E","?","T","?","?","R","E","M","R","BOSS","M","$","?","M","$","R","M","R","T","?","?","R","E","$","R","BOSS","M","$","M","M","?","R","?","R","T","?","R","$","M","M","R","BOSS"],"build_version":"2018-11-15","purchased_purges":4,"victory":false,"max_hp_per_floor":[80,80,80,80,80,80,80,90,90,90,90,90,90,90,90,90,90,90,90,90,90,90,90,90,90,90,90,90,90,90,90,90,90,95,95,95,95,95,95,95,95,95,95,95,95,95,95,95,95,95],"card_choices":[{"not_picked":["Iron Wave","Headbutt"],"picked":"Disarm","floor":1},{"not_picked":["Flex","Body Slam"],"picked":"Pummel","floor":2},{"not_picked":["Sword Boomerang","Cleave","Evolve"],"picked":"SKIP","floor":3},{"not_picked":["Hemokinesis","Pommel Strike"],"picked":"Heavy Blade","floor":4},{"not_picked":["Body Slam","Thunderclap","Clothesline"],"picked":"SKIP","floor":5},{"not_picked":["Warcry","Offering"],"picked":"Shrug It Off","floor":7},{"not_picked":["Clothesline","Cleave"],"picked":"Flex","floor":11},{"not_picked":["Juggernaut","Perfected Strike"],"picked":"Flame Barrier","floor":13},{"not_picked":["Cleave","Thunderclap","Sword Boomerang"],"picked":"SKIP","floor":14},{"not_picked":["Juggernaut","Dark Embrace"],"picked":"Reaper","floor":16},{"not_picked":["Hemokinesis","Power Through","Disarm"],"picked":"SKIP","floor":18},{"not_picked":["Heavy Blade","Burning Pact+1"],"picked":"Dual Wield+1","floor":21},{"not_picked":["Perfected Strike","Iron Wave"],"picked":"Heavy Blade+1","floor":24},{"not_picked":["Armaments","Rage"],"picked":"Inflame","floor":30},{"not_picked":["Feed","Berserk"],"picked":"Double Tap","floor":33},{"not_picked":["Dark Embrace","Thunderclap"],"picked":"Shrug It Off+1","floor":35},{"not_picked":["True Grit","Headbutt+1"],"picked":"Twin Strike+1","floor":37},{"not_picked":["Cleave+1","Sentinel","Heavy Blade"],"picked":"SKIP","floor":38},{"not_picked":["Sever Soul","Shrug It Off+1","Sword Boomerang","Thunderclap"],"picked":"SKIP","floor":47},{"not_picked":["Flex+1","Rampage","Battle Trance+1"],"picked":"Limit Break","floor":48}],"player_experience":294828,"relics_obtained":[{"floor":7,"key":"Red Skull"},{"floor":13,"key":"Whetstone"},{"floor":20,"key":"Red Mask"},{"floor":26,"key":"Orichalcum"},{"floor":30,"key":"Letter Opener"},{"floor":41,"key":"StoneCalendar"},{"floor":43,"key":"Omamori"},{"floor":44,"key":"Question Card"}],"event_choices":[{"damage_healed":0,"gold_gain":0,"player_choice":"Success","damage_taken":12,"relics_obtained":["Pear"],"max_hp_gain":0,"max_hp_loss":0,"event_name":"Scrap Ooze","floor":8,"gold_loss":0},{"damage_healed":0,"gold_gain":75,"player_choice":"Gather Gold","damage_taken":11,"max_hp_gain":0,"max_hp_loss":0,"event_name":"World of Goop","floor":10,"gold_loss":0},{"damage_healed":0,"gold_gain":0,"player_choice":"Fought Bandits","damage_taken":0,"max_hp_gain":0,"max_hp_loss":0,"event_name":"Masked Bandits","floor":20,"gold_loss":0},{"damage_healed":0,"gold_gain":0,"player_choice":"Ignored","damage_taken":0,"max_hp_gain":0,"max_hp_loss":0,"event_name":"Ghosts","floor":27,"gold_loss":0},{"damage_healed":0,"gold_gain":0,"player_choice":"Obtained Relic","damage_taken":0,"relics_obtained":["MawBank"],"max_hp_gain":0,"max_hp_loss":0,"event_name":"Addict","floor":28,"gold_loss":85},{"damage_healed":0,"gold_gain":0,"player_choice":"Ignored","damage_taken":0,"max_hp_gain":0,"max_hp_loss":0,"event_name":"Mysterious Sphere","floor":39,"gold_loss":0},{"damage_healed":0,"gold_gain":0,"player_choice":"Fight","damage_taken":0,"max_hp_gain":0,"max_hp_loss":0,"event_name":"MindBloom","floor":41,"gold_loss":0}],"is_beta":false,"boss_relics":[{"not_picked":["Calling Bell","Eternal Feather"],"picked":"Lizard Tail"},{"not_picked":["Sozu","Coffee Dripper"],"picked":"Tiny House"}],"items_purged_floors":[6,19,22,36],"is_endless":false,"potions_floor_spawned":[3,4,7,11,14,18,21,24,33,41,47],"killed_by":"Awakened One","ascension_level":0}