{"gold_per_floor":[119,119,144,167,13,13,13,56,56,56,72,105,105,145,145,264,264,283,307,322,345,365,365],"floor_reached":23,"playtime":1046,"items_purged":["Doubt"],"score":288,"play_id":"98dc4bfe-f1db-4419-9d76-a21e0e495173","local_time":"20190402121442","is_ascension_mode":true,"campfire_choices":[{"data":"Bash","floor":6,"key":"SMITH"},{"floor":10,"key":"REST"},{"data":"Uppercut","floor":13,"key":"SMITH"},{"data":"Immolate","floor":15,"key":"SMITH"}],"neow_cost":"CURSE","seed_source_timestamp":31875143139558,"circlet_count":0,"master_deck":["Strike_R","Strike_R","Strike_R","Strike_R","Strike_R","Defend_R","Defend_R","Defend_R","Defend_R","Bash+1","Wild Strike","Clothesline","Reaper","Armaments","Feel No Pain","Fiend Fire","Uppercut+1","Reckless Charge","Immolate+1","Demon Form","Sever Soul","Infernal Blade+1","Shrug It Off+1","Feel No Pain","Warcry+1"],"relics":["Burning Blood","Gambling Chip","Golden Idol","Self Forming Clay","Regal Pillow","Sundial","Paper Frog","Fusion Hammer"],"potions_floor_usage":[11,18,21,23,23,23],"damage_taken":[{"damage":9,"enemies":"Jaw Worm","floor":1,"turns":4},{"damage":0,"enemies":"Small Slimes","floor":3,"turns":3},{"damage":1,"enemies":"Cultist","floor":4,"turns":3},{"damage":36,"enemies":"Gremlin Nob","floor":8,"turns":5},{"damage":0,"enemies":"Lots of Slimes","floor":11,"turns":1},{"damage":24,"enemies":"3 Sentries","floor":12,"turns":9},{"damage":12,"enemies":"Gremlin Nob","floor":14,"turns":4},{"damage":24,"enemies":"Slime Boss","floor":16,"turns":9},{"damage":22,"enemies":"Spheric Guardian","floor":18,"turns":4},{"damage":30,"enemies":"3 Byrds","floor":19,"turns":5},{"damage":9,"enemies":"Centurion and Healer","floor":20,"turns":5},{"damage":7,"enemies":"3 Cultists","floor":21,"turns":4},{"damage":20,"enemies":"Snake Plant","floor":22,"turns":5},{"damage":42,"enemies":"Gremlin Leader","floor":23,"turns":4}],"seed_played":"-6730560343612122741","potions_obtained":[{"floor":3,"key":"Poison Potion"},{"floor":7,"key":"PowerPotion"},{"floor":7,"key":"Strength Potion"},{"floor":7,"key":"Explosive Potion"},{"floor":14,"key":"Poison Potion"},{"floor":18,"key":"FearPotion"},{"floor":22,"key":"GamblersBrew"}],"is_trial":false,"path_per_floor":["M","?","M","M","$","R","?","E","T","R","M","E","R","E","R","B",null,"M","M","M","M","M","E"],"character_chosen":"IRONCLAD","items_purchased":["Armaments","Feel No Pain"],"campfire_rested":1,"item_purchase_floors":[5,5],"current_hp_per_floor":[69,49,55,60,60,60,60,36,36,75,80,77,77,71,71,62,76,64,40,37,48,34,0],"gold":365,"neow_bonus":"ONE_RARE_RELIC","is_prod":false,"is_daily":false,"chose_seed":false,"campfire_upgraded":3,"win_rate":0,"timestamp":1554232482,"path_taken":["M","?","M","M","$","R","?","E","T","R","M","E","R","E","R","BOSS","M","?","M","?","?","E"],"build_version":"2019-01-23","purchased_purges":1,"victory":false,"max_hp_per_floor":[80,80,80,80,80,80,80,80,80,80,80,80,80,80,80,80,80,80,80,80,80,80,80],"card_choices":[{"not_picked":["Power Through","True Grit"],"picked":"Wild Strike","floor":1},{"not_picked":["Rage","Wild Strike"],"picked":"Clothesline","floor":3},{"not_picked":["Pommel Strike","Warcry"],"picked":"Reaper","floor":4},{"not_picked":["Shrug It Off","Limit Break"],"picked":"Fiend Fire","floor":8},{"not_picked":["Sever Soul","Pommel Strike"],"picked":"Uppercut","floor":11},{"not_picked":["Clothesline","Bloodletting"],"picked":"Reckless Charge","floor":12},{"not_picked":["Clash","Burning Pact"],"picked":"Immolate","floor":14},{"not_picked":["Reaper","Bludgeon"],"picked":"Demon Form","floor":16},{"not_picked":["Perfected Strike","Reckless Charge"],"picked":"Sever Soul","floor":18},{"not_picked":["Clash","Clothesline"],"picked":"Infernal Blade+1","floor":19},{"not_picked":["Headbutt","Thunderclap+1"],"picked":"Shrug It Off+1","floor":20},{"not_picked":["Body Slam","Perfected Strike"],"picked":"Feel No Pain","floor":21},{"not_picked":["Anger","Iron Wave"],"picked":"Warcry+1","floor":22}],"player_experience":352532,"relics_obtained":[{"floor":8,"key":"Self Forming Clay"},{"floor":9,"key":"Regal Pillow"},{"floor":12,"key":"Sundial"},{"floor":14,"key":"Paper Frog"}],"event_choices":[{"damage_healed":0,"gold_gain":0,"player_choice":"Take Damage","damage_taken":20,"relics_obtained":["Golden Idol"],"max_hp_gain":0,"max_hp_loss":0,"event_name":"Golden Idol","floor":2,"gold_loss":0},{"damage_healed":0,"gold_gain":0,"player_choice":"Got Potions","damage_taken":0,"max_hp_gain":0,"max_hp_loss":0,"event_name":"Lab","floor":7,"gold_loss":0}],"is_beta":false,"boss_relics":[{"not_picked":["Sozu","Black Star"],"picked":"Fusion Hammer"}],"items_purged_floors":[5],"is_endless":false,"potions_floor_spawned":[3,14,16,18,22],"killed_by":"Gremlin Leader","ascension_level":7}