{"gold_per_floor":[115,35,35,51,51,83,83,100,100,127,127,127],"floor_reached":12,"playtime":362,"items_purged":[],"score":144,"play_id":"f963ef53-a908-43eb-bb9a-9d116cf861cf","local_time":"20190427205448","is_ascension_mode":true,"campfire_choices":[],"neow_cost":"NONE","seed_source_timestamp":1550007362184800,"circlet_count":0,"master_deck":["Strike_R","Strike_R","Strike_R","Defend_R","Defend_R","Defend_R","Defend_R","Bash","Shockwave","Impervious","True Grit","Reaper","Body Slam","Body Slam"],"relics":["Burning Blood","NeowsBlessing","Question Card","Singing Bowl","Ancient Tea Set","Oddly Smooth Stone","Pantograph"],"potions_floor_usage":[12],"damage_taken":[{"damage":0,"enemies":"Small Slimes","floor":1,"turns":1},{"damage":0,"enemies":"Cultist","floor":4,"turns":1},{"damage":0,"enemies":"Gremlin Nob","floor":6,"turns":1},{"damage":3,"enemies":"2 Louse","floor":8,"turns":3},{"damage":41,"enemies":"3 Sentries","floor":10,"turns":12},{"damage":27,"enemies":"Lagavulin","floor":12,"turns":6}],"seed_played":"8408975248037367124","potions_obtained":[{"floor":1,"key":"GamblersBrew"},{"floor":10,"key":"Poison Potion"}],"is_trial":false,"path_per_floor":["M","$","?","M","?","E","?","M","T","E","T","E"],"character_chosen":"IRONCLAD","items_purchased":["Impervious"],"campfire_rested":0,"item_purchase_floors":[2],"current_hp_per_floor":[78,78,78,80,62,68,61,64,64,37,37,10],"gold":127,"neow_bonus":"THREE_ENEMY_KILL","is_prod":false,"is_daily":false,"chose_seed":false,"campfire_upgraded":0,"win_rate":0,"timestamp":1556391288,"path_taken":["M","$","?","?","?","E","?","M","T","E","?","E"],"build_version":"2019-01-23","purchased_purges":0,"victory":false,"max_hp_per_floor":[80,80,80,80,80,80,80,80,80,80,80,80],"card_choices":[{"not_picked":["Cleave","Iron Wave"],"picked":"Shockwave","floor":1},{"not_picked":["Iron Wave","Heavy Blade"],"picked":"True Grit","floor":4},{"not_picked":["Iron Wave","Heavy Blade","Cleave"],"picked":"Reaper","floor":6},{"not_picked":["Iron Wave","Warcry","Heavy Blade"],"picked":"Body Slam","floor":8},{"not_picked":["Bloodletting","Searing Blow","Rupture"],"picked":"Body Slam","floor":10}],"player_experience":809243,"relics_obtained":[{"floor":6,"key":"Singing Bowl"},{"floor":9,"key":"Ancient Tea Set"},{"floor":10,"key":"Oddly Smooth Stone"},{"floor":11,"key":"Pantograph"}],"event_choices":[{"cards_removed":["Strike_R"],"damage_healed":0,"gold_gain":0,"player_choice":"Offered Basic","damage_taken":0,"max_hp_gain":0,"max_hp_loss":0,"event_name":"Bonfire Elementals","floor":3,"gold_loss":0},{"damage_healed":0,"gold_gain":0,"player_choice":"Success","damage_taken":18,"relics_obtained":["Question Card"],"max_hp_gain":0,"max_hp_loss":0,"event_name":"Scrap Ooze","floor":5,"gold_loss":0},{"cards_removed":["Strike_R"],"damage_healed":0,"gold_gain":0,"player_choice":"Card Removal","damage_taken":7,"max_hp_gain":0,"max_hp_loss":0,"event_name":"Golden Wing","floor":7,"gold_loss":0}],"is_beta":false,"boss_relics":[],"items_purged_floors":[],"is_endless":false,"potions_floor_spawned":[1,10],"killed_by":"Lagavulin","ascension_level":6}