{"gold_per_floor":[110,110,120,132,52,83,83,113,113,125,125,24,37,68,68,68],"floor_reached":16,"playtime":864,"items_purged":["Strike_R"],"score":144,"play_id":"92ad6c69-7eca-48c1-939d-7e8283d9679f","local_time":"20190427163609","is_ascension_mode":true,"campfire_choices":[{"data":"Heavy Blade","floor":7,"key":"SMITH"},{"data":"Flame Barrier","floor":11,"key":"SMITH"},{"floor":15,"key":"REST"}],"neow_cost":"NONE","seed_source_timestamp":1533985787167000,"circlet_count":0,"master_deck":["Strike_R","Strike_R","Strike_R","Defend_R","Defend_R","Defend_R","Defend_R","Bash","Heavy Blade+1","Hemokinesis","Shrug It Off","Spot Weakness","Spot Weakness","Flame Barrier+1","Shrug It Off","Heavy Blade","Dual Wield","True Grit"],"relics":["Burning Blood","NeowsBlessing","Mango","Gremlin Horn","Bottled Lightning","Prayer Wheel"],"potions_floor_usage":[14,14,16],"damage_taken":[{"damage":0,"enemies":"Cultist","floor":1,"turns":1},{"damage":0,"enemies":"Small Slimes","floor":3,"turns":1},{"damage":3,"enemies":"Jaw Worm","floor":4,"turns":1},{"damage":25,"enemies":"3 Sentries","floor":6,"turns":6},{"damage":22,"enemies":"Gremlin Nob","floor":8,"turns":4},{"damage":4,"enemies":"Blue Slaver","floor":10,"turns":3},{"damage":15,"enemies":"2 Fungi Beasts","floor":13,"turns":3},{"damage":50,"enemies":"Lagavulin","floor":14,"turns":7},{"damage":47,"enemies":"The Guardian","floor":16,"turns":9}],"seed_played":"8825924887917562194","potions_obtained":[{"floor":3,"key":"FearPotion"},{"floor":8,"key":"Fire Potion"},{"floor":14,"key":"BloodPotion"}],"is_trial":false,"path_per_floor":["M","?","M","M","$","E","R","E","T","M","R","$","M","E","R","B"],"character_chosen":"IRONCLAD","items_purchased":["Spot Weakness","Heavy Blade"],"campfire_rested":1,"item_purchase_floors":[5,12],"current_hp_per_floor":[80,80,80,80,80,75,75,59,59,61,61,61,52,8,36,0],"gold":68,"neow_bonus":"THREE_ENEMY_KILL","is_prod":false,"is_daily":false,"chose_seed":false,"campfire_upgraded":2,"win_rate":0,"timestamp":1556375769,"path_taken":["M","?","M","?","$","E","R","E","T","M","R","$","M","E","R","BOSS"],"build_version":"2019-01-23","purchased_purges":1,"victory":false,"max_hp_per_floor":[80,80,80,80,80,94,94,94,94,94,94,94,94,94,94,94],"card_choices":[{"not_picked":["Havoc","Sword Boomerang"],"picked":"Heavy Blade","floor":1},{"not_picked":["Clothesline","Ghostly Armor"],"picked":"Shrug It Off","floor":3},{"not_picked":["Rage","Body Slam"],"picked":"Spot Weakness","floor":4},{"not_picked":["Heavy Blade","Double Tap"],"picked":"Flame Barrier","floor":6},{"not_picked":["Pommel Strike","Spot Weakness"],"picked":"Shrug It Off","floor":8},{"not_picked":["Headbutt","Twin Strike","Reckless Charge"],"picked":"SKIP","floor":10},{"not_picked":["Sword Boomerang","Twin Strike"],"picked":"Dual Wield","floor":13},{"not_picked":["Combust","Sword Boomerang"],"picked":"True Grit","floor":14}],"player_experience":793277,"relics_obtained":[{"floor":6,"key":"Mango"},{"floor":8,"key":"Gremlin Horn"},{"floor":9,"key":"Bottled Lightning"},{"floor":14,"key":"Prayer Wheel"}],"event_choices":[{"damage_healed":0,"gold_gain":0,"cards_transformed":["Strike_R"],"player_choice":"Transformed","damage_taken":0,"max_hp_gain":0,"max_hp_loss":0,"event_name":"Transmorgrifier","floor":2,"gold_loss":0,"cards_obtained":["Hemokinesis"]}],"is_beta":false,"boss_relics":[],"items_purged_floors":[12],"is_endless":false,"potions_floor_spawned":[3,8,14],"killed_by":"The Guardian","ascension_level":4}