{"gold_per_floor":[119,36,36,52,71,105,105,132,132,132,162,182,182,214,214,214],"floor_reached":16,"playtime":365,"items_purged":[],"score":212,"play_id":"313b59e8-512d-4e3a-8e52-6e20d9531f86","local_time":"20190505131824","is_ascension_mode":true,"campfire_choices":[{"data":"Cleave","floor":7,"key":"SMITH"},{"floor":10,"key":"REST"},{"data":"Sword Boomerang","floor":15,"key":"SMITH"}],"neow_cost":"NONE","seed_source_timestamp":480330022210900,"circlet_count":0,"master_deck":["AscendersBane","Strike_R","Strike_R","Strike_R","Strike_R","Strike_R","Defend_R","Defend_R","Defend_R","Defend_R","Bash","Ghostly Armor","Havoc","Cleave+1","Pummel","Sword Boomerang+1","Heavy Blade","Shrug It Off"],"relics":["Burning Blood","NeowsBlessing","Mercury Hourglass","Shuriken","Bottled Flame","Centennial Puzzle","The Courier"],"potions_floor_usage":[6,16,16],"damage_taken":[{"damage":0,"enemies":"Small Slimes","floor":1,"turns":1},{"damage":0,"enemies":"Cultist","floor":4,"turns":1},{"damage":0,"enemies":"2 Louse","floor":5,"turns":1},{"damage":25,"enemies":"Gremlin Nob","floor":6,"turns":4},{"damage":35,"enemies":"3 Sentries","floor":8,"turns":5},{"damage":9,"enemies":"Large Slime","floor":12,"turns":5},{"damage":30,"enemies":"Lagavulin","floor":14,"turns":5},{"damage":55,"enemies":"The Guardian","floor":16,"turns":8}],"seed_played":"-893527737335162114","potions_obtained":[{"floor":3,"key":"BloodPotion"},{"floor":3,"key":"Fire Potion"},{"floor":6,"key":"SneckoOil"}],"is_trial":false,"path_per_floor":["M","$","?","M","M","E","R","E","T","R","?","M","?","E","R","B"],"character_chosen":"IRONCLAD","items_purchased":["Ghostly Armor"],"campfire_rested":1,"item_purchase_floors":[2],"current_hp_per_floor":[74,74,74,75,75,56,56,27,27,49,49,46,71,47,47,0],"gold":214,"neow_bonus":"THREE_ENEMY_KILL","is_prod":false,"is_daily":false,"chose_seed":false,"campfire_upgraded":2,"win_rate":0,"timestamp":1557055104,"path_taken":["M","$","?","M","?","E","R","E","T","R","?","M","?","E","R","BOSS"],"build_version":"2019-01-23","purchased_purges":0,"victory":false,"max_hp_per_floor":[75,75,75,75,75,75,75,75,75,75,75,75,75,75,75,75],"card_choices":[{"not_picked":["Iron Wave","Anger","Fire Breathing"],"picked":"SKIP","floor":1},{"not_picked":["Headbutt","Body Slam"],"picked":"Havoc","floor":4},{"not_picked":["Flex","True Grit"],"picked":"Cleave","floor":5},{"not_picked":["Infernal Blade","Carnage"],"picked":"Pummel","floor":6},{"not_picked":["Clothesline","Pummel"],"picked":"Sword Boomerang","floor":8},{"not_picked":["Whirlwind","Warcry"],"picked":"Heavy Blade","floor":12},{"not_picked":["Searing Blow","Wild Strike"],"picked":"Shrug It Off","floor":14}],"player_experience":1105120,"relics_obtained":[{"floor":6,"key":"Mercury Hourglass"},{"floor":8,"key":"Shuriken"},{"floor":9,"key":"Bottled Flame"},{"floor":14,"key":"The Courier"}],"event_choices":[{"damage_healed":0,"gold_gain":0,"player_choice":"Got Potions","damage_taken":0,"max_hp_gain":0,"max_hp_loss":0,"event_name":"Lab","floor":3,"gold_loss":0},{"damage_healed":0,"gold_gain":30,"player_choice":"Searched \u00273\u0027 times","damage_taken":0,"relics_obtained":["Centennial Puzzle"],"max_hp_gain":0,"max_hp_loss":0,"event_name":"Dead Adventurer","floor":11,"gold_loss":0},{"damage_healed":25,"gold_gain":0,"player_choice":"Banana","damage_taken":0,"max_hp_gain":0,"max_hp_loss":0,"event_name":"Big Fish","floor":13,"gold_loss":0}],"is_beta":false,"boss_relics":[],"items_purged_floors":[],"is_endless":false,"potions_floor_spawned":[4,5,6,14],"killed_by":"The Guardian","ascension_level":16}