{"gold_per_floor":[118,118,143,293,312,350,109,153,153,153,1,22,37,73,73,73],"floor_reached":16,"playtime":959,"items_purged":["Doubt","Injury"],"score":222,"play_id":"1963e562-7673-40b0-bc6a-c006a3af44d8","local_time":"20190425203547","is_ascension_mode":true,"campfire_choices":[{"floor":10,"key":"REST"},{"floor":15,"key":"REST"}],"neow_cost":"NONE","seed_source_timestamp":35662923275856,"circlet_count":0,"master_deck":["AscendersBane","Strike_R","Strike_R","Strike_R","Strike_R","Strike_R","Defend_R","Defend_R","Defend_R","Defend_R","Bash","Hemokinesis","Metallicize","Shockwave","Flame Barrier","Spot Weakness","Feel No Pain","Pommel Strike","Shrug It Off","Spot Weakness","Shrug It Off","Disarm"],"relics":["Burning Blood","Golden Idol","Sundial","Frozen Egg 2","Shuriken","Ornamental Fan"],"potions_floor_usage":[6,6,14],"damage_taken":[{"damage":1,"enemies":"2 Louse","floor":1,"turns":4},{"damage":8,"enemies":"Small Slimes","floor":3,"turns":4},{"damage":12,"enemies":"Jaw Worm","floor":5,"turns":5},{"damage":22,"enemies":"Gremlin Nob","floor":6,"turns":5},{"damage":31,"enemies":"3 Sentries","floor":8,"turns":12},{"damage":16,"enemies":"Exordium Wildlife","floor":12,"turns":4},{"damage":21,"enemies":"3 Louse","floor":13,"turns":5},{"damage":28,"enemies":"Gremlin Nob","floor":14,"turns":5},{"damage":32,"enemies":"The Guardian","floor":16,"turns":9}],"seed_played":"3993269502478957435","potions_obtained":[{"floor":1,"key":"Block Potion"},{"floor":5,"key":"Poison Potion"},{"floor":13,"key":"GamblersBrew"}],"is_trial":false,"path_per_floor":["M","?","M","?","M","E","$","E","T","R","$","M","M","E","R","B"],"character_chosen":"IRONCLAD","items_purchased":["Spot Weakness","Feel No Pain","Shrug It Off"],"campfire_rested":2,"item_purchase_floors":[7,7,11],"current_hp_per_floor":[80,80,78,78,72,56,56,31,31,55,55,45,30,8,32,0],"gold":73,"neow_bonus":"TEN_PERCENT_HP_BONUS","is_prod":false,"is_daily":false,"chose_seed":false,"campfire_upgraded":0,"win_rate":0,"timestamp":1556249747,"path_taken":["M","?","M","?","M","E","$","E","T","R","?","?","M","E","R","BOSS"],"build_version":"2019-01-23","purchased_purges":2,"victory":false,"max_hp_per_floor":[82,82,82,82,82,82,82,82,82,82,82,82,82,82,82,82],"card_choices":[{"not_picked":["Metallicize","Evolve"],"picked":"Hemokinesis","floor":1},{"not_picked":["Ghostly Armor","Clash"],"picked":"Metallicize","floor":3},{"not_picked":["Shrug It Off","Carnage"],"picked":"Shockwave","floor":5},{"not_picked":["Heavy Blade","Perfected Strike"],"picked":"Flame Barrier","floor":6},{"not_picked":["Iron Wave","Berserk"],"picked":"Pommel Strike","floor":8},{"not_picked":["Warcry","Perfected Strike"],"picked":"Spot Weakness","floor":12},{"not_picked":["Twin Strike","Inflame+1"],"picked":"Shrug It Off","floor":13},{"not_picked":["Juggernaut+1","Havoc"],"picked":"Disarm","floor":14}],"player_experience":488589,"relics_obtained":[{"floor":6,"key":"Sundial"},{"floor":8,"key":"Frozen Egg 2"},{"floor":9,"key":"Shuriken"},{"floor":14,"key":"Ornamental Fan"}],"event_choices":[{"damage_healed":0,"gold_gain":0,"player_choice":"Take Wound","damage_taken":0,"relics_obtained":["Golden Idol"],"max_hp_gain":0,"max_hp_loss":0,"event_name":"Golden Idol","floor":2,"gold_loss":0,"cards_obtained":["Injury"]},{"damage_healed":0,"gold_gain":150,"player_choice":"AGREE","damage_taken":0,"max_hp_gain":0,"max_hp_loss":0,"event_name":"Liars Game","floor":4,"gold_loss":0,"cards_obtained":["Doubt"]}],"is_beta":false,"boss_relics":[],"items_purged_floors":[7,11],"is_endless":false,"potions_floor_spawned":[1,5,13],"killed_by":"The Guardian","ascension_level":17}