{"gold_per_floor":[110,126,144,156,231,259,259,284,354,388,388,406,406,433,433,530,530,542,554,554,568,586,586,613,613,613,648,648,666,666,677,677,772,772,791,807,818,818,818,818,378,378],"floor_reached":42,"playtime":1984,"items_purged":["Strike_B"],"score":706,"play_id":"83009bc7-e41b-4ea9-b075-ce93fc25a656","local_time":"20190401142242","is_ascension_mode":true,"campfire_choices":[{"floor":7,"key":"REST"},{"floor":11,"key":"REST"},{"data":"Double Energy","floor":13,"key":"SMITH"},{"floor":15,"key":"REST"},{"floor":23,"key":"REST"},{"data":"Defragment","floor":25,"key":"SMITH"},{"floor":32,"key":"REST"},{"floor":40,"key":"REST"}],"neow_cost":"NONE","seed_source_timestamp":152062010620436,"circlet_count":0,"master_deck":["Strike_B","Strike_B","Strike_B+1","Defend_B","Defend_B","Defend_B","Defend_B","Zap","Dualcast","Doom and Gloom+1","Ball Lightning","Turbo","Leap","Cold Snap","Double Energy+1","Sunder","Turbo","Genetic Algorithm","Leap","Meteor Strike","Coolheaded+1","Defragment+1","Coolheaded+1","Force Field","Multi-Cast","Force Field+1","Reinforced Body+1","Madness","Madness","Self Repair","Hologram"],"relics":["Cracked Core","Bronze Scales","Smiling Mask","Ice Cream","Pantograph","Dream Catcher","Orichalcum","Snecko Eye","Enchiridion","Darkstone Periapt","Whetstone","Bag of Marbles","Shuriken","Bag of Preparation","Velvet Choker","Molten Egg 2"],"potions_floor_usage":[6,6,8,16,21],"damage_taken":[{"damage":0,"enemies":"2 Louse","floor":1,"turns":2},{"damage":7,"enemies":"Jaw Worm","floor":2,"turns":3},{"damage":0,"enemies":"Small Slimes","floor":3,"turns":2},{"damage":6,"enemies":"Blue Slaver","floor":4,"turns":3},{"damage":40,"enemies":"Lagavulin","floor":6,"turns":4},{"damage":16,"enemies":"Gremlin Nob","floor":8,"turns":3},{"damage":15,"enemies":"Lagavulin","floor":10,"turns":5},{"damage":7,"enemies":"Gremlin Gang","floor":12,"turns":2},{"damage":8,"enemies":"3 Sentries","floor":14,"turns":4},{"damage":21,"enemies":"Hexaghost","floor":16,"turns":9},{"damage":12,"enemies":"2 Thieves","floor":18,"turns":2},{"damage":5,"enemies":"Chosen","floor":19,"turns":3},{"damage":13,"enemies":"Snake Plant","floor":21,"turns":3},{"damage":3,"enemies":"Centurion and Healer","floor":22,"turns":5},{"damage":8,"enemies":"Book of Stabbing","floor":24,"turns":3},{"damage":0,"enemies":"Gremlin Leader","floor":27,"turns":6},{"damage":0,"enemies":"Snecko","floor":29,"turns":4},{"damage":11,"enemies":"Snake Plant","floor":31,"turns":3},{"damage":0,"enemies":"Champ","floor":33,"turns":6},{"damage":0,"enemies":"Orb Walker","floor":35,"turns":2},{"damage":12,"enemies":"3 Darklings","floor":36,"turns":5},{"damage":17,"enemies":"Jaw Worm Horde","floor":37,"turns":3},{"damage":65,"enemies":"Reptomancer","floor":42,"turns":2}],"seed_played":"-1327283878433586621","potions_obtained":[{"floor":3,"key":"AttackPotion"},{"floor":4,"key":"FocusPotion"},{"floor":6,"key":"Regen Potion"},{"floor":8,"key":"GamblersBrew"},{"floor":19,"key":"Fruit Juice"},{"floor":22,"key":"Ancient Potion"},{"floor":27,"key":"Strength Potion"},{"floor":29,"key":"SkillPotion"},{"floor":37,"key":"Ancient Potion"}],"is_trial":false,"path_per_floor":["M","M","M","M","?","E","R","E","T","E","R","M","R","E","R","B",null,"M","M","?","M","M","R","E","R","T","E","?","M","?","M","R","B",null,"M","M","M","?","T","R","$","E"],"character_chosen":"DEFECT","items_purchased":["Molten Egg 2","Self Repair","Hologram","SpeedPotion"],"campfire_rested":6,"item_purchase_floors":[41,41,41,41],"current_hp_per_floor":[68,61,61,55,44,4,26,19,19,4,26,19,19,11,33,37,66,54,49,33,25,22,46,38,38,38,38,38,38,38,27,51,76,79,79,67,50,40,40,64,64,0],"gold":378,"neow_bonus":"RANDOM_COMMON_RELIC","is_prod":false,"is_daily":false,"chose_seed":false,"campfire_upgraded":2,"win_rate":0,"timestamp":1554153762,"path_taken":["M","M","M","M","?","E","R","E","T","E","R","M","R","E","R","BOSS","M","M","?","M","M","R","E","R","T","E","?","M","?","M","R","BOSS","M","?","M","?","?","R","$","E"],"build_version":"2019-01-23","purchased_purges":1,"victory":false,"max_hp_per_floor":[75,75,75,75,75,75,75,75,75,75,75,75,75,75,75,75,75,75,75,75,80,80,80,80,80,80,80,80,80,80,80,80,80,80,80,80,80,80,80,80,80,80],"card_choices":[{"not_picked":["Sweeping Beam","Recycle"],"picked":"Doom and Gloom","floor":1},{"not_picked":["Conserve Battery","Redo"],"picked":"Ball Lightning","floor":2},{"not_picked":["Scrape","Skim"],"picked":"Turbo","floor":3},{"not_picked":["Leap","Fusion","Gash"],"picked":"SKIP","floor":4},{"not_picked":["Barrage","Redo"],"picked":"Leap","floor":6},{"not_picked":["Doom and Gloom","Leap"],"picked":"Cold Snap","floor":8},{"not_picked":["Ball Lightning","Hyperbeam"],"picked":"Double Energy","floor":10},{"not_picked":["Darkness","FTL"],"picked":"Sunder","floor":11},{"not_picked":["Coolheaded","Force Field"],"picked":"Turbo","floor":12},{"not_picked":["Storm","Compile Driver"],"picked":"Genetic Algorithm","floor":14},{"not_picked":["Lockon","Rebound"],"picked":"Leap","floor":15},{"not_picked":["Machine Learning","Amplify"],"picked":"Meteor Strike","floor":16},{"not_picked":["Stack","Loop"],"picked":"Coolheaded+1","floor":18},{"not_picked":["Compile Driver","Conserve Battery","Doom and Gloom"],"picked":"SKIP","floor":19},{"not_picked":["Turbo","Static Discharge","Scrape"],"picked":"SKIP","floor":21},{"not_picked":["Beam Cell+1","Conserve Battery"],"picked":"Defragment","floor":22},{"not_picked":["BootSequence+1","Rebound"],"picked":"Coolheaded+1","floor":23},{"not_picked":["Ball Lightning","Beam Cell+1"],"picked":"Force Field","floor":24},{"not_picked":["Rainbow","Rebound","Steam"],"picked":"SKIP","floor":27},{"not_picked":["FTL+1","Leap","Consume"],"picked":"SKIP","floor":29},{"not_picked":["Compile Driver+1","Chaos+1","Lockon"],"picked":"SKIP","floor":31},{"not_picked":["Seek","Thunder Strike"],"picked":"Multi-Cast","floor":33},{"not_picked":["Sweeping Beam+1","Streamline+1"],"picked":"Force Field+1","floor":35},{"not_picked":["Sweeping Beam+1","Go for the Eyes","Conserve Battery"],"picked":"SKIP","floor":36},{"not_picked":["Turbo+1","Ball Lightning"],"picked":"Reinforced Body+1","floor":37}],"player_experience":118441,"relics_obtained":[{"floor":6,"key":"Smiling Mask"},{"floor":8,"key":"Ice Cream"},{"floor":9,"key":"Pantograph"},{"floor":10,"key":"Dream Catcher"},{"floor":14,"key":"Orichalcum"},{"floor":20,"key":"Enchiridion"},{"floor":24,"key":"Darkstone Periapt"},{"floor":26,"key":"Whetstone"},{"floor":27,"key":"Bag of Marbles"}],"event_choices":[{"damage_healed":0,"gold_gain":75,"player_choice":"Gather Gold","damage_taken":11,"max_hp_gain":0,"max_hp_loss":0,"event_name":"World of Goop","floor":5,"gold_loss":0},{"damage_healed":0,"gold_gain":0,"player_choice":"Obtained Book","damage_taken":16,"max_hp_gain":0,"max_hp_loss":0,"event_name":"Cursed Tome","floor":20,"gold_loss":0},{"damage_healed":0,"gold_gain":0,"player_choice":"Opened","damage_taken":0,"relics_obtained":["Shuriken"],"max_hp_gain":0,"max_hp_loss":0,"event_name":"The Mausoleum","floor":28,"gold_loss":0},{"damage_healed":0,"gold_gain":0,"player_choice":"Gave Potion","damage_taken":0,"relics_obtained":["Bag of Preparation"],"max_hp_gain":0,"max_hp_loss":0,"event_name":"WeMeetAgain","floor":30,"gold_loss":0},{"damage_healed":0,"gold_gain":0,"player_choice":"Embrace Madness","damage_taken":10,"max_hp_gain":0,"max_hp_loss":0,"event_name":"Winding Halls","floor":38,"gold_loss":0,"cards_obtained":["Madness","Madness"]}],"is_beta":false,"boss_relics":[{"not_picked":["Nuclear Battery","Sozu"],"picked":"Snecko Eye"},{"not_picked":["Philosopher\u0027s Stone","Tiny House"],"picked":"Velvet Choker"}],"items_purged_floors":[41],"is_endless":false,"potions_floor_spawned":[3,4,6,8,19,22,27,29,37],"killed_by":"Reptomancer","ascension_level":6}