{"gold_per_floor":[119,119,119,69,69,87,87,87,113,143,143,154,104,115,115,218,218,232,232,30,30,48,48,72,86,112,139,159,159,179,191,191,296,296,314,328,328,328,328,328,345,345,394,394,52,17,35,35,35,35],"floor_reached":50,"playtime":6849,"items_purged":["Strike_G","Strike_G","Strike_G"],"score":600,"play_id":"e4052109-19dd-4bc3-899d-9767f8fd6d0f","local_time":"20190319223517","is_ascension_mode":true,"campfire_choices":[{"data":"Neutralize","floor":7,"key":"SMITH"},{"data":"Dash","floor":11,"key":"SMITH"},{"data":"Blade Dance","floor":15,"key":"SMITH"},{"floor":23,"key":"REST"},{"floor":29,"key":"REST"},{"data":"Footwork","floor":32,"key":"SMITH"},{"data":"Bane","floor":40,"key":"SMITH"},{"data":"Well Laid Plans","floor":49,"key":"SMITH"}],"neow_cost":"NONE","seed_source_timestamp":531486895123088,"circlet_count":0,"master_deck":["Defend_G","Defend_G+1","Defend_G","Defend_G","Defend_G","Strike_G","Survivor+1","Neutralize+1","Infinite Blades","Dash+1","Blade Dance+1","Backflip","Footwork+1","Corpse Explosion","Deadly Poison","Writhe","Cloak And Dagger","Predator","Acrobatics+1","Bane+1","Bullet Time","Skewer+1","Deadly Poison+1","Clumsy","Violence","Well Laid Plans+1","Cloak And Dagger"],"relics":["Ring of the Snake","Pen Nib","Smiling Mask","Blue Candle","Oddly Smooth Stone","Sundial","Busted Crown","Pantograph","TwistedFunnel","War Paint","Regal Pillow","Juzu Bracelet","Cursed Key","Blood Vial","Torii"],"potions_floor_usage":[16,25,27,33,33,42,47,50,50],"damage_taken":[{"damage":0,"enemies":"Cultist","floor":1,"turns":3},{"damage":0,"enemies":"Jaw Worm","floor":6,"turns":4},{"damage":9,"enemies":"3 Sentries","floor":10,"turns":9},{"damage":2,"enemies":"2 Louse","floor":12,"turns":2},{"damage":0,"enemies":"Looter","floor":14,"turns":3},{"damage":16,"enemies":"Slime Boss","floor":16,"turns":8},{"damage":5,"enemies":"Chosen","floor":18,"turns":6},{"damage":3,"enemies":"Spheric Guardian","floor":22,"turns":6},{"damage":1,"enemies":"3 Cultists","floor":25,"turns":3},{"damage":20,"enemies":"Gremlin Leader","floor":27,"turns":6},{"damage":1,"enemies":"Centurion and Healer","floor":28,"turns":4},{"damage":1,"enemies":"Snecko","floor":30,"turns":4},{"damage":1,"enemies":"Cultist and Chosen","floor":31,"turns":4},{"damage":77,"enemies":"Collector","floor":33,"turns":12},{"damage":15,"enemies":"Orb Walker","floor":35,"turns":4},{"damage":6,"enemies":"3 Darklings","floor":36,"turns":3},{"damage":13,"enemies":"Transient","floor":41,"turns":5},{"damage":0,"enemies":"Jaw Worm Horde","floor":42,"turns":1},{"damage":4,"enemies":"Sphere and 2 Shapes","floor":47,"turns":5},{"damage":79,"enemies":"Time Eater","floor":50,"turns":7}],"seed_played":"-8830270984005259228","potions_obtained":[{"floor":1,"key":"SkillPotion"},{"floor":10,"key":"AttackPotion"},{"floor":14,"key":"Strength Potion"},{"floor":22,"key":"Poison Potion"},{"floor":25,"key":"SmokeBomb"},{"floor":28,"key":"SneckoOil"},{"floor":31,"key":"Regen Potion"},{"floor":33,"key":"GhostInAJar"},{"floor":41,"key":"Fire Potion"},{"floor":47,"key":"GamblersBrew"}],"is_trial":false,"path_per_floor":["?","?","$","?","T","?","?","T","M","?","?","?","?","$","?"],"character_chosen":"THE_SILENT","items_purchased":["TwistedFunnel","Torii","Well Laid Plans"],"campfire_rested":2,"item_purchase_floors":[20,45,46],"current_hp_per_floor":[70,67,67,67,72,72,72,72,72,63,63,61,61,61,61,45,68,63,63,63,49,46,70,70,69,69,49,48,80,79,78,78,18,65,50,44,44,44,44,44,31,31,31,31,31,31,29,29,29,0],"gold":35,"neow_bonus":"RANDOM_COMMON_RELIC","is_prod":false,"is_daily":false,"chose_seed":false,"campfire_upgraded":6,"win_rate":0,"timestamp":1553056517,"path_taken":["M","?","?","?","?","M","R","?","T","E","R","M","$","M","R","BOSS","M","?","$","?","M","R","?","?","T","E","M","R","M","M","R","BOSS","M","M","?","?","?","R","M","M","T","?","?","$","M","?","R","BOSS"],"build_version":"2019-01-23","purchased_purges":3,"victory":false,"max_hp_per_floor":[70,70,70,70,75,75,75,75,75,75,75,75,75,75,75,75,75,75,75,75,80,80,80,80,80,80,80,80,80,80,80,80,80,80,80,80,80,76,76,76,76,76,76,76,76,76,76,76,76,76],"card_choices":[{"not_picked":["Cloak And Dagger","Deflect"],"picked":"Infinite Blades","floor":1},{"not_picked":["Catalyst","Bane"],"picked":"Dagger Throw","floor":6},{"not_picked":["Endless Agony","Prepared"],"picked":"Blade Dance","floor":10},{"not_picked":["Dodge and Roll","Dagger Spray"],"picked":"Backflip","floor":12},{"not_picked":["Noxious Fumes","Blade Dance"],"picked":"Footwork","floor":14},{"not_picked":["Grand Finale","Bullet Time"],"picked":"Corpse Explosion","floor":16},{"not_picked":[],"picked":"Deadly Poison","floor":18},{"not_picked":["Escape Plan"],"picked":"SKIP","floor":22},{"not_picked":[],"picked":"Cloak And Dagger","floor":25},{"not_picked":[],"picked":"Predator","floor":27},{"not_picked":[],"picked":"Acrobatics+1","floor":28},{"not_picked":[],"picked":"Bane","floor":30},{"not_picked":["Riddle With Holes"],"picked":"SKIP","floor":31},{"not_picked":[],"picked":"Bullet Time","floor":33},{"not_picked":[],"picked":"Skewer+1","floor":35},{"not_picked":["Dagger Throw"],"picked":"SKIP","floor":36},{"not_picked":[],"picked":"Deadly Poison+1","floor":41},{"not_picked":[],"picked":"Violence","floor":44},{"not_picked":[],"picked":"Cloak And Dagger","floor":47}],"player_experience":340102,"relics_obtained":[{"floor":8,"key":"Blue Candle"},{"floor":9,"key":"Oddly Smooth Stone"},{"floor":10,"key":"Sundial"},{"floor":24,"key":"War Paint"},{"floor":26,"key":"Regal Pillow"},{"floor":27,"key":"Juzu Bracelet"},{"floor":43,"key":"Blood Vial"}],"event_choices":[{"damage_healed":0,"gold_gain":0,"player_choice":"Success","damage_taken":3,"relics_obtained":["Smiling Mask"],"max_hp_gain":0,"max_hp_loss":0,"event_name":"Scrap Ooze","floor":2,"gold_loss":0},{"damage_healed":0,"gold_gain":0,"cards_transformed":["Strike_G"],"player_choice":"Change","damage_taken":0,"max_hp_gain":0,"max_hp_loss":0,"event_name":"Living Wall","floor":3,"gold_loss":0,"cards_obtained":["Dash"]},{"damage_healed":0,"gold_gain":0,"player_choice":"Donut","damage_taken":0,"max_hp_gain":5,"max_hp_loss":0,"event_name":"Big Fish","floor":5,"gold_loss":0},{"damage_healed":0,"gold_gain":0,"player_choice":"Opened","damage_taken":0,"relics_obtained":["Pantograph"],"max_hp_gain":0,"max_hp_loss":0,"event_name":"The Mausoleum","floor":19,"gold_loss":0,"cards_obtained":["Writhe"]},{"damage_healed":0,"gold_gain":0,"player_choice":"Shed Blood","damage_taken":19,"max_hp_gain":5,"max_hp_loss":0,"event_name":"Forgotten Altar","floor":21,"gold_loss":0},{"damage_healed":0,"gold_gain":0,"player_choice":"Ignored","damage_taken":0,"max_hp_gain":0,"max_hp_loss":0,"event_name":"Tomb of Lord Red Mask","floor":37,"gold_loss":0},{"damage_healed":0,"gold_gain":0,"player_choice":"Max HP","damage_taken":0,"max_hp_gain":0,"max_hp_loss":4,"event_name":"Winding Halls","floor":38,"gold_loss":0},{"cards_removed":["Dagger Throw"],"damage_healed":0,"gold_gain":0,"player_choice":"Removed Attack","damage_taken":0,"max_hp_gain":0,"max_hp_loss":0,"event_name":"Falling","floor":39,"gold_loss":0},{"damage_healed":0,"gold_gain":0,"player_choice":"Memory 1","damage_taken":0,"max_hp_gain":0,"max_hp_loss":0,"event_name":"SensoryStone","floor":44,"gold_loss":0},{"damage_healed":0,"gold_gain":0,"player_choice":"Ignored","damage_taken":0,"max_hp_gain":0,"max_hp_loss":0,"event_name":"SecretPortal","floor":48,"gold_loss":0}],"is_beta":false,"boss_relics":[{"not_picked":["HoveringKite","Runic Dome"],"picked":"Busted Crown"},{"not_picked":["White Beast Statue","Coffee Dripper"],"picked":"Cursed Key"}],"items_purged_floors":[4,13,45],"is_endless":false,"potions_floor_spawned":[1,10,14,22,25,28,31,33,41,47],"killed_by":"Time Eater","ascension_level":5}