{"gold_per_floor":[19,19,34,34,34,34,49,67,94,113,113,123,198,123,123,219,219,238,115,115,133,152,152,170,184,184,184,184,184,59,70,70,70],"floor_reached":33,"playtime":1035,"items_purged":["Defend_B","Defend_B","Defend_B"],"score":289,"play_id":"c4952c34-473c-4a28-9452-16e2165705d0","local_time":"20190222175153","is_ascension_mode":false,"campfire_choices":[{"data":"Beam Cell","floor":6,"key":"SMITH"},{"data":"Conserve Battery","floor":11,"key":"SMITH"},{"data":"Conserve Battery","floor":15,"key":"SMITH"},{"data":"Cold Snap","floor":23,"key":"SMITH"},{"floor":27,"key":"REST"},{"floor":29,"key":"REST"},{"floor":32,"key":"REST"}],"neow_cost":"NO_GOLD","seed_source_timestamp":174605087104291,"circlet_count":0,"master_deck":["Strike_B","Strike_B","Strike_B","Zap","Dualcast","Beam Cell+1","Conserve Battery+1","Conserve Battery+1","Cold Snap+1","Cold Snap+1"],"relics":["Cracked Core","Emotion Chip","Bag of Preparation","Runic Dome","Nloth\u0027s Gift"],"potions_floor_usage":[16,31,33,33],"damage_taken":[{"damage":0,"enemies":"Small Slimes","floor":1,"turns":3},{"damage":0,"enemies":"2 Louse","floor":3,"turns":1},{"damage":0,"enemies":"Cultist","floor":7,"turns":4},{"damage":0,"enemies":"Exordium Wildlife","floor":8,"turns":3},{"damage":4,"enemies":"Large Slime","floor":10,"turns":7},{"damage":0,"enemies":"3 Louse","floor":12,"turns":3},{"damage":0,"enemies":"Slime Boss","floor":16,"turns":11},{"damage":14,"enemies":"Chosen","floor":18,"turns":5},{"damage":10,"enemies":"2 Thieves","floor":21,"turns":3},{"damage":4,"enemies":"Centurion and Healer","floor":22,"turns":7},{"damage":13,"enemies":"Snake Plant","floor":24,"turns":4},{"damage":24,"enemies":"Shelled Parasite and Fungi","floor":25,"turns":5},{"damage":7,"enemies":"Cultist and Chosen","floor":31,"turns":5},{"damage":70,"enemies":"Automaton","floor":33,"turns":10}],"seed_played":"2553436233975925816","potions_obtained":[{"floor":1,"key":"Swift Potion"},{"floor":3,"key":"PowerPotion"},{"floor":18,"key":"Swift Potion"},{"floor":21,"key":"Explosive Potion"},{"floor":24,"key":"Explosive Potion"}],"is_trial":false,"path_per_floor":["M","?","M","?","?","R","M","M","T","M","R","M","?","$","R","B",null,"M","$","?","M","M","R","M","M","T","R","?","R","$","M","R","B"],"character_chosen":"DEFECT","items_purchased":["Cold Snap"],"campfire_rested":3,"item_purchase_floors":[19],"current_hp_per_floor":[75,75,75,75,75,75,75,75,75,71,71,71,60,60,60,60,75,61,61,61,51,47,47,34,10,10,32,32,54,54,47,69,0],"gold":70,"neow_bonus":"ONE_RARE_RELIC","is_prod":false,"is_daily":false,"chose_seed":false,"campfire_upgraded":4,"win_rate":0,"timestamp":1550886713,"path_taken":["M","?","M","?","?","R","?","M","T","M","R","M","?","$","R","BOSS","M","$","?","M","M","R","M","M","T","R","?","R","$","M","R","BOSS"],"build_version":"2019-01-23","purchased_purges":3,"victory":false,"max_hp_per_floor":[75,75,75,75,75,75,75,75,75,75,75,75,75,75,75,75,75,75,75,75,75,75,75,75,75,75,75,75,75,75,75,75,75],"card_choices":[{"not_picked":["Reinforced Body","Blizzard"],"picked":"Beam Cell","floor":1},{"not_picked":["Steam","Streamline"],"picked":"Conserve Battery","floor":3},{"not_picked":["FTL","Chill","Sweeping Beam"],"picked":"SKIP","floor":7},{"not_picked":["Aggregate","Stack","Beam Cell"],"picked":"SKIP","floor":8},{"not_picked":["Blizzard","Aggregate","Undo"],"picked":"SKIP","floor":10},{"not_picked":["Double Energy","Sunder"],"picked":"Conserve Battery","floor":12},{"not_picked":["Genetic Algorithm","Force Field","Beam Cell"],"picked":"SKIP","floor":18},{"not_picked":["Steam","Ball Lightning","Streamline"],"picked":"SKIP","floor":21},{"not_picked":["Aggregate","Double Energy","Hello World"],"picked":"SKIP","floor":22},{"not_picked":["Go for the Eyes","Hello World+1","Stack"],"picked":"SKIP","floor":24},{"not_picked":["Go for the Eyes+1","Turbo","Beam Cell"],"picked":"SKIP","floor":25},{"not_picked":["Double Energy+1","Compile Driver"],"picked":"Cold Snap+1","floor":31}],"player_experience":437162,"relics_obtained":[{"floor":9,"key":"Bag of Preparation"},{"floor":26,"key":"Bird Faced Urn"}],"event_choices":[{"cards_removed":["Strike_B"],"damage_healed":0,"gold_gain":0,"player_choice":"Forget","damage_taken":0,"max_hp_gain":0,"max_hp_loss":0,"event_name":"Living Wall","floor":2,"gold_loss":0},{"damage_healed":0,"gold_gain":0,"player_choice":"Leave","damage_taken":0,"max_hp_gain":0,"max_hp_loss":0,"event_name":"The Cleric","floor":4,"gold_loss":0},{"damage_healed":0,"gold_gain":0,"player_choice":"Ignored","damage_taken":0,"max_hp_gain":0,"max_hp_loss":0,"event_name":"NoteForYourself","floor":5,"gold_loss":0},{"damage_healed":0,"gold_gain":75,"player_choice":"Gather Gold","damage_taken":11,"max_hp_gain":0,"max_hp_loss":0,"event_name":"World of Goop","floor":13,"gold_loss":0},{"cards_removed":["Defend_B"],"damage_healed":0,"gold_gain":0,"player_choice":"Elegance","damage_taken":0,"max_hp_gain":0,"max_hp_loss":0,"event_name":"Back to Basics","floor":20,"gold_loss":0},{"damage_healed":0,"gold_gain":0,"player_choice":"Traded Relic","damage_taken":0,"relics_obtained":["Nloth\u0027s Gift"],"max_hp_gain":0,"max_hp_loss":0,"event_name":"N\u0027loth","floor":28,"relics_lost":["Bird Faced Urn"],"gold_loss":0}],"is_beta":false,"boss_relics":[{"not_picked":["Cursed Key","Velvet Choker"],"picked":"Runic Dome"}],"items_purged_floors":[14,19,30],"is_endless":false,"potions_floor_spawned":[1,3,18,21,24],"killed_by":"Automaton","ascension_level":0}