{"gold_per_floor":[112,187,201,212,21,21,40,83,83,83],"floor_reached":10,"playtime":469,"items_purged":["Strike_R"],"score":122,"play_id":"1a4478d0-2e0b-4461-87fe-3dcaf4439ccd","local_time":"20190423164708","is_ascension_mode":true,"campfire_choices":[],"neow_cost":"NONE","seed_source_timestamp":164548651441826,"circlet_count":0,"master_deck":["AscendersBane","Strike_R","Strike_R","Strike_R","Defend_R","Defend_R","Defend_R","Defend_R","Bash","Battle Trance","Spot Weakness","Twin Strike","Rampage","Battle Trance","Injury","Combust"],"relics":["Burning Blood","Golden Idol","Mummified Hand","Matryoshka"],"potions_floor_usage":[7,10],"damage_taken":[{"damage":1,"enemies":"Cultist","floor":1,"turns":3},{"damage":8,"enemies":"Jaw Worm","floor":3,"turns":5},{"damage":12,"enemies":"Small Slimes","floor":4,"turns":5},{"damage":10,"enemies":"3 Louse","floor":7,"turns":2},{"damage":29,"enemies":"3 Sentries","floor":8,"turns":7},{"damage":42,"enemies":"Lagavulin","floor":10,"turns":7}],"seed_played":"6861441992584330607","potions_obtained":[{"floor":1,"key":"AttackPotion"},{"floor":8,"key":"EssenceOfSteel"}],"is_trial":false,"path_per_floor":["M","?","M","M","$","?","M","E","T","E"],"character_chosen":"IRONCLAD","items_purchased":["Rampage","Battle Trance"],"campfire_rested":0,"item_purchase_floors":[5,5],"current_hp_per_floor":[73,62,60,54,54,54,50,27,27,0],"gold":83,"neow_bonus":"REMOVE_CARD","is_prod":false,"is_daily":false,"chose_seed":false,"campfire_upgraded":0,"win_rate":0,"timestamp":1556063228,"path_taken":["M","?","M","M","$","?","?","E","T","E"],"build_version":"2019-01-23","purchased_purges":1,"victory":false,"max_hp_per_floor":[75,75,75,75,75,75,75,75,75,75],"card_choices":[{"not_picked":["Pommel Strike","Wild Strike"],"picked":"Battle Trance","floor":1},{"not_picked":["Cleave","Thunderclap"],"picked":"Spot Weakness","floor":3},{"not_picked":["Dropkick","Reckless Charge"],"picked":"Twin Strike","floor":4},{"not_picked":["Hemokinesis","Perfected Strike"],"picked":"Combust","floor":7},{"not_picked":["Perfected Strike","Dropkick","Wild Strike"],"picked":"SKIP","floor":8}],"player_experience":468936,"relics_obtained":[{"floor":8,"key":"Mummified Hand"},{"floor":9,"key":"Matryoshka"}],"event_choices":[{"damage_healed":0,"gold_gain":75,"player_choice":"Gather Gold","damage_taken":11,"max_hp_gain":0,"max_hp_loss":0,"event_name":"World of Goop","floor":2,"gold_loss":0},{"damage_healed":0,"gold_gain":0,"player_choice":"Take Wound","damage_taken":0,"relics_obtained":["Golden Idol"],"max_hp_gain":0,"max_hp_loss":0,"event_name":"Golden Idol","floor":6,"gold_loss":0,"cards_obtained":["Injury"]}],"is_beta":false,"boss_relics":[],"items_purged_floors":[5],"is_endless":false,"potions_floor_spawned":[1,8],"killed_by":"Lagavulin","ascension_level":16}