{"gold_per_floor":[112,131,141,161,179,205,205,232,259,259,259],"floor_reached":11,"playtime":357,"items_purged":[],"score":94,"play_id":"b039d68b-6d23-427d-8277-c6cded44f301","local_time":"20190409121735","is_ascension_mode":true,"campfire_choices":[{"data":"Havoc","floor":7,"key":"SMITH"},{"data":"Havoc","floor":10,"key":"SMITH"}],"neow_cost":"NONE","seed_source_timestamp":1565349069200900,"circlet_count":0,"master_deck":["Strike_R","Strike_R","Strike_R","Strike_R","Strike_R+1","Defend_R","Defend_R","Defend_R","Defend_R","Bash","Power Through","Flex","Searing Blow","Rupture","Havoc+1","Seeing Red","Havoc+1"],"relics":["Burning Blood","Matryoshka","Pen Nib","Bronze Scales","Omamori"],"potions_floor_usage":[6,8],"damage_taken":[{"damage":6,"enemies":"Cultist","floor":1,"turns":4},{"damage":14,"enemies":"Jaw Worm","floor":2,"turns":3},{"damage":1,"enemies":"Small Slimes","floor":3,"turns":3},{"damage":25,"enemies":"3 Louse","floor":4,"turns":4},{"damage":0,"enemies":"2 Fungi Beasts","floor":5,"turns":3},{"damage":37,"enemies":"Gremlin Nob","floor":6,"turns":5},{"damage":30,"enemies":"3 Sentries","floor":8,"turns":8},{"damage":2,"enemies":"Exordium Wildlife","floor":11,"turns":3}],"seed_played":"2312502738764485841","potions_obtained":[{"floor":1,"key":"Fire Potion"},{"floor":2,"key":"Ancient Potion"},{"floor":5,"key":"SmokeBomb"},{"floor":6,"key":"AttackPotion"}],"is_trial":false,"path_per_floor":["M","M","M","M","M","E","R","E","T","R","M"],"character_chosen":"IRONCLAD","items_purchased":[],"campfire_rested":0,"item_purchase_floors":[],"current_hp_per_floor":[80,72,77,58,64,33,33,9,9,9,7],"gold":259,"neow_bonus":"UPGRADE_CARD","is_prod":false,"is_daily":false,"chose_seed":false,"campfire_upgraded":2,"win_rate":0,"timestamp":1554805055,"path_taken":["M","M","M","M","M","E","R","E","T","R","?"],"build_version":"2019-01-23","purchased_purges":0,"victory":false,"max_hp_per_floor":[80,80,80,80,80,80,80,80,80,80,80],"card_choices":[{"not_picked":["Second Wind","True Grit"],"picked":"Power Through","floor":1},{"not_picked":["Warcry","Sword Boomerang"],"picked":"Flex","floor":2},{"not_picked":["Headbutt","Disarm"],"picked":"Searing Blow","floor":3},{"not_picked":["Armaments","Cleave"],"picked":"Rupture","floor":4},{"not_picked":["True Grit","Pummel"],"picked":"Havoc","floor":5},{"not_picked":["Whirlwind","Carnage"],"picked":"Seeing Red","floor":6},{"not_picked":["Pummel","Carnage"],"picked":"Havoc","floor":8}],"player_experience":299494,"relics_obtained":[{"floor":6,"key":"Matryoshka"},{"floor":8,"key":"Pen Nib"},{"floor":9,"key":"Bronze Scales"},{"floor":9,"key":"Omamori"}],"event_choices":[],"is_beta":false,"boss_relics":[],"items_purged_floors":[],"is_endless":false,"potions_floor_spawned":[1,2,5,6],"killed_by":"Exordium Wildlife","ascension_level":2}