{"gold_per_floor":[111,61,61,136,149,175,186,186,186,214,214,197,197,197,197,197],"floor_reached":16,"playtime":328,"items_purged":[],"score":219,"play_id":"f78f5299-5a26-40be-8ab5-890bf20a4e95","local_time":"20190503115131","is_ascension_mode":true,"campfire_choices":[{"data":"Shockwave","floor":8,"key":"SMITH"},{"data":"True Grit","floor":11,"key":"SMITH"},{"floor":15,"key":"REST"}],"neow_cost":"NONE","seed_source_timestamp":302354551554300,"circlet_count":0,"master_deck":["AscendersBane","Strike_R","Strike_R","Strike_R","Strike_R","Strike_R","Defend_R","Defend_R","Defend_R+1","Bash+1","True Grit+1","Shockwave+1","Pummel","Ghostly Armor","Clothesline"],"relics":["Burning Blood","NeowsBlessing","Champion Belt","Magic Flower","Matryoshka","Question Card"],"potions_floor_usage":[10],"damage_taken":[{"damage":0,"enemies":"2 Louse","floor":1,"turns":1},{"damage":0,"enemies":"Jaw Worm","floor":5,"turns":1},{"damage":0,"enemies":"Lagavulin","floor":6,"turns":1},{"damage":8,"enemies":"Small Slimes","floor":7,"turns":4},{"damage":33,"enemies":"Gremlin Nob","floor":10,"turns":5},{"damage":9,"enemies":"Exordium Thugs","floor":12,"turns":4},{"damage":71,"enemies":"The Guardian","floor":16,"turns":16}],"seed_played":"-5235057421986863911","potions_obtained":[{"floor":1,"key":"Block Potion"},{"floor":12,"key":"GamblersBrew"}],"is_trial":false,"path_per_floor":["M","?","?","?","M","E","M","R","T","E","R","M","?","?","R","B"],"character_chosen":"IRONCLAD","items_purchased":[],"campfire_rested":1,"item_purchase_floors":[],"current_hp_per_floor":[78,78,62,51,57,63,61,61,61,37,37,37,19,45,69,0],"gold":197,"neow_bonus":"THREE_ENEMY_KILL","is_prod":false,"is_daily":false,"chose_seed":false,"campfire_upgraded":2,"win_rate":0,"timestamp":1556877091,"path_taken":["M","?","?","?","?","E","M","R","T","E","R","M","?","?","R","BOSS"],"build_version":"2019-01-23","purchased_purges":0,"victory":false,"max_hp_per_floor":[80,80,80,80,80,80,80,80,80,80,80,80,80,80,80,80],"card_choices":[{"not_picked":["Fire Breathing","Headbutt"],"picked":"True Grit","floor":1},{"not_picked":["Flex","Thunderclap","Anger"],"picked":"SKIP","floor":5},{"not_picked":["Clash","Headbutt"],"picked":"Shockwave","floor":6},{"not_picked":["Clash","Blood for Blood"],"picked":"Pummel","floor":7},{"not_picked":["True Grit","Evolve"],"picked":"Ghostly Armor","floor":10},{"not_picked":["Twin Strike","Warcry"],"picked":"Clothesline","floor":12}],"player_experience":1015668,"relics_obtained":[{"floor":6,"key":"Champion Belt"},{"floor":9,"key":"Magic Flower"},{"floor":10,"key":"Matryoshka"}],"event_choices":[{"cards_removed":["Defend_R"],"damage_healed":0,"gold_gain":0,"player_choice":"Card Removal","damage_taken":0,"max_hp_gain":0,"max_hp_loss":0,"event_name":"The Cleric","floor":2,"gold_loss":50},{"damage_healed":0,"gold_gain":0,"player_choice":"Entered Light","damage_taken":16,"max_hp_gain":0,"max_hp_loss":0,"event_name":"Shining Light","floor":3,"gold_loss":0,"cards_upgraded":["Defend_R","Bash"]},{"damage_healed":0,"gold_gain":75,"player_choice":"Gather Gold","damage_taken":11,"max_hp_gain":0,"max_hp_loss":0,"event_name":"World of Goop","floor":4,"gold_loss":0},{"damage_healed":0,"gold_gain":0,"player_choice":"Success","damage_taken":18,"relics_obtained":["Question Card"],"max_hp_gain":0,"max_hp_loss":0,"event_name":"Scrap Ooze","floor":13,"gold_loss":0},{"damage_healed":26,"gold_gain":0,"player_choice":"Banana","damage_taken":0,"max_hp_gain":0,"max_hp_loss":0,"event_name":"Big Fish","floor":14,"gold_loss":0}],"is_beta":false,"boss_relics":[],"items_purged_floors":[],"is_endless":false,"potions_floor_spawned":[1,12],"killed_by":"The Guardian","ascension_level":13}