{"gold_per_floor":[109,121,132,143,162,162,174,192,192,39,39,4,16,16,16,112,112,129,129,140,140,154,180,180,210,210,221,247,247,147,166,166,266,266,279,45,45,62,76,76,102,102,181,196,211,224,224,237,237,237],"floor_reached":51,"playtime":2545,"items_purged":["Strike_R","Strike_R"],"score":810,"play_id":"0a9dc365-bf59-4c59-8e10-de1963f2f970","local_time":"20180911195220","is_ascension_mode":false,"campfire_choices":[{"data":"Body Slam","floor":6.0,"key":"SMITH"},{"data":"Shockwave","floor":11.0,"key":"SMITH"},{"data":"Flame Barrier","floor":15.0,"key":"SMITH"},{"data":"True Grit","floor":24,"key":"SMITH"},{"data":"Feel No Pain","floor":29,"key":"SMITH"},{"data":"Fiend Fire","floor":32,"key":"SMITH"},{"data":"Barricade","floor":40,"key":"SMITH"},{"floor":47,"key":"REST"},{"floor":49,"key":"REST"}],"neow_cost":"NONE","seed_source_timestamp":0,"circlet_count":0,"master_deck":["Strike_R","Strike_R","Strike_R","Defend_R","Defend_R","Defend_R","Defend_R","Bash","Cleave","Iron Wave","Flame Barrier+1","Body Slam+1","Clothesline","Shockwave+1","Metallicize","Juggernaut","Body Slam+1","True Grit+1","Fiend Fire+1","Shrug It Off","Feel No Pain+1","Barricade+1","Entrench","Panacea","Bandage Up","Panacea","Shrug It Off","Normality","Feel No Pain"],"special_seed":0,"relics":["Burning Blood","NeowsBlessing","Dodecahedron","PreservedInsect","Velvet Choker","MutagenicStrength","Dead Branch","Bottled Lightning","Darkstone Periapt","Letter Opener","Cursed Key","Medical Kit","Potion Belt","Shuriken"],"potions_floor_usage":[25,31,31,38,50,50,50,50],"damage_taken":[{"damage":0.0,"enemies":"Cultist","floor":1.0,"turns":1.0},{"damage":0.0,"enemies":"Small Slimes","floor":2.0,"turns":1.0},{"damage":0.0,"enemies":"2 Louse","floor":3.0,"turns":1.0},{"damage":13.0,"enemies":"Large Slime","floor":4.0,"turns":6.0},{"damage":5.0,"enemies":"Looter","floor":5.0,"turns":3.0},{"damage":10.0,"enemies":"3 Louse","floor":7.0,"turns":3.0},{"damage":9.0,"enemies":"Gremlin Gang","floor":8.0,"turns":4.0},{"damage":4.0,"enemies":"Red Slaver","floor":13.0,"turns":3.0},{"damage":0.0,"enemies":"The Guardian","floor":16.0,"turns":12.0},{"damage":0.0,"enemies":"Spheric Guardian","floor":18.0,"turns":4.0},{"damage":18.0,"enemies":"Colosseum Slavers","floor":19.0,"turns":4.0},{"damage":9.0,"enemies":"Shell Parasite","floor":20.0,"turns":5.0},{"damage":11,"enemies":"Snake Plant","floor":22,"turns":4},{"damage":8,"enemies":"Book of Stabbing","floor":23,"turns":5},{"damage":1,"enemies":"Slavers","floor":25,"turns":4},{"damage":1,"enemies":"Chosen and Byrds","floor":27,"turns":4},{"damage":20,"enemies":"Gremlin Leader","floor":28,"turns":6},{"damage":0,"enemies":"Centurion and Healer","floor":31,"turns":4},{"damage":44,"enemies":"Collector","floor":33,"turns":9},{"damage":1,"enemies":"Orb Walker","floor":35,"turns":2},{"damage":20,"enemies":"3 Darklings","floor":38,"turns":5},{"damage":7,"enemies":"Sphere and 2 Shapes","floor":39,"turns":6},{"damage":25,"enemies":"Nemesis","floor":41,"turns":7},{"damage":21,"enemies":"Reptomancer","floor":44,"turns":6},{"damage":9,"enemies":"Maw","floor":45,"turns":5},{"damage":28,"enemies":"Spire Growth","floor":46,"turns":5},{"damage":10,"enemies":"3 Darklings","floor":48,"turns":6},{"damage":26,"enemies":"Donu and Deca","floor":50,"turns":12}],"seed_played":"-1256024274786578669","potions_obtained":[{"floor":3.0,"key":"PowerPotion"},{"floor":8.0,"key":"Energy Potion"},{"floor":13.0,"key":"Weak Potion"},{"floor":16.0,"key":"GamblersBrew"},{"floor":23,"key":"Energy Potion"},{"floor":27,"key":"Energy Potion"},{"floor":28,"key":"Swift Potion"},{"floor":33,"key":"Regen Potion"},{"floor":41,"key":"GamblersBrew"},{"floor":44,"key":"Block Potion"},{"floor":45,"key":"Swift Potion"},{"floor":46,"key":"Block Potion"}],"is_trial":false,"path_per_floor":["M","M","M","M","M","R","M","M","T","$","R","?","M","?","R","B",null,"M","?","M","?","M","E","R","E","T","M","E","R","$","M","R","B",null,"M","$","?","M","M","R","E","?","T","M","M","M","R","M","R","B"],"character_chosen":"IRONCLAD","items_purchased":["Metallicize","Medical Kit","Entrench"],"campfire_rested":2,"item_purchase_floors":[10,36,36],"current_hp_per_floor":[80,80,80,73,74,74,70,67,67,67,67,80,80,80,80,80,80,80,68,65,65,60,58,58,63,63,68,54,54,54,60,60,22,80,80,80,70,72,75,75,60,60,66,55,56,40,65,65,86,66],"gold":237,"neow_bonus":"THREE_ENEMY_KILL","is_prod":false,"is_daily":false,"chose_seed":false,"campfire_upgraded":7,"win_rate":0,"timestamp":1536720740,"path_taken":["M","M","M","M","M","R","M","M","T","$","R","?","M","?","R","BOSS","M","?","M","?","?","E","R","E","T","M","E","R","$","M","R","BOSS","M","$","?","M","M","R","E","?","T","M","M","M","R","M","R","BOSS"],"build_version":"2018-09-06","purchased_purges":2,"victory":true,"max_hp_per_floor":[80,80,80,80,80,80,80,80,80,80,80,80,80,80,80,80,80,80,80,80,80,80,80,80,80,80,80,80,80,80,80,80,80,80,80,80,80,80,80,80,80,80,86,86,86,86,86,86,86,86],"card_choices":[{"not_picked":["Flex","Rupture"],"picked":"Cleave","floor":1.0},{"not_picked":["Bloodletting","Wild Strike"],"picked":"Iron Wave","floor":2.0},{"not_picked":["Headbutt","Havoc"],"picked":"Flame Barrier","floor":3.0},{"not_picked":["Feel No Pain","Double Tap"],"picked":"Body Slam","floor":4.0},{"not_picked":["Twin Strike","Warcry"],"picked":"Clothesline","floor":5.0},{"not_picked":["Warcry","Body Slam"],"picked":"Shockwave","floor":7.0},{"not_picked":["Wild Strike","Anger","Burning Pact"],"picked":"SKIP","floor":8.0},{"not_picked":["Heavy Blade","Intimidate","Feel No Pain"],"picked":"SKIP","floor":13.0},{"not_picked":["Offering","Fiend Fire"],"picked":"Juggernaut","floor":16.0},{"not_picked":["Reckless Charge","Havoc"],"picked":"Body Slam+1","floor":18.0},{"not_picked":["Anger","Wild Strike"],"picked":"True Grit","floor":20.0},{"not_picked":["Carnage+1","Spot Weakness","Wild Strike"],"picked":"SKIP","floor":22},{"not_picked":["Perfected Strike","Cleave+1"],"picked":"Fiend Fire","floor":23},{"not_picked":["Disarm","Body Slam"],"picked":"Shrug It Off","floor":25},{"not_picked":["Havoc","Clash","Spot Weakness"],"picked":"SKIP","floor":27},{"not_picked":["Clash","Pommel Strike"],"picked":"Feel No Pain","floor":28},{"not_picked":["Twin Strike","Pummel","Hemokinesis"],"picked":"SKIP","floor":31},{"not_picked":["Limit Break","Brutality"],"picked":"Barricade","floor":33},{"not_picked":["Whirlwind+1","Clash","Twin Strike"],"picked":"SKIP","floor":35},{"not_picked":["Purity","Swift Strike"],"picked":"Panacea","floor":37},{"not_picked":["Impatience","Purity"],"picked":"Bandage Up","floor":37},{"not_picked":["Blind","Finesse"],"picked":"Panacea","floor":37},{"not_picked":["Combust","Iron Wave","Sever Soul+1"],"picked":"SKIP","floor":38},{"not_picked":["Armaments","Flex","Carnage"],"picked":"SKIP","floor":39},{"not_picked":["Clothesline+1","Pommel Strike+1"],"picked":"Shrug It Off","floor":41},{"not_picked":["Clothesline+1","Carnage","Anger+1"],"picked":"SKIP","floor":44},{"not_picked":["Clothesline","Headbutt"],"picked":"Feel No Pain","floor":45},{"not_picked":["Fire Breathing+1","Dropkick+1","Searing Blow"],"picked":"SKIP","floor":46},{"not_picked":["Power Through","Heavy Blade","Reckless Charge"],"picked":"SKIP","floor":48}],"player_experience":205911,"relics_obtained":[{"floor":9.0,"key":"Dodecahedron"},{"floor":23,"key":"Dead Branch"},{"floor":25,"key":"Bottled Lightning"},{"floor":26,"key":"Darkstone Periapt"},{"floor":28,"key":"Letter Opener"},{"floor":41,"key":"Potion Belt"},{"floor":43,"key":"Shuriken"}],"event_choices":[{"event_name":"The Cleric","player_choice":"Healed","floor":12.0,"damage_taken":0.0},{"event_name":"Dead Adventurer","player_choice":"Searched \u00271\u0027 times","floor":14.0,"damage_taken":0.0},{"event_name":"Colosseum","player_choice":"Fight","floor":19.0,"damage_taken":0.0},{"event_name":"Colosseum","player_choice":"Fled From Nobs","floor":19.0,"damage_taken":0.0},{"event_name":"Drug Dealer","player_choice":"Inject Mutagens","floor":21,"damage_taken":0},{"event_name":"SensoryStone","player_choice":"Memory 3","floor":37,"damage_taken":0},{"event_name":"SecretPortal","player_choice":"Rejected Portal.","floor":42,"damage_taken":0}],"is_beta":false,"boss_relics":[{"not_picked":["Black Blood","Busted Crown"],"picked":"Velvet Choker"},{"not_picked":["Runic Pyramid","Coffee Dripper"],"picked":"Cursed Key"}],"items_purged_floors":[10,30],"is_endless":false,"potions_floor_spawned":[3,8,13,16,19,23,27,28,33,41,44,45,46],"ascension_level":0}