{"gold_per_floor":[116,116,38,58,72,104,124,124,124,29,29,41,57,88,88,192,192,212,222,322,28,28,28,28,62,62,62,95,108,126,161,161,265,265,275,33,33,49,49,82,82,82,163,193,193,193],"floor_reached":46,"playtime":5685,"items_purged":[],"score":594,"play_id":"9cbcd2a4-a99d-48c6-8188-67818cf23a9c","local_time":"20190404115253","is_ascension_mode":false,"campfire_choices":[{"data":"Consume","floor":11,"key":"SMITH"},{"data":"Conserve Battery","floor":15,"key":"SMITH"},{"data":"Creative AI","floor":23,"key":"SMITH"},{"data":"White Noise","floor":27,"key":"SMITH"},{"data":"Machine Learning","floor":32,"key":"SMITH"},{"data":"Echo Form","floor":42,"key":"SMITH"}],"neow_cost":"NONE","seed_source_timestamp":1126544086437200,"circlet_count":0,"master_deck":["Defend_B","Defend_B","Defend_B","Defend_B","Zap","White Noise+1","Capacitor","Cold Snap","Hologram","Consume+1","Conserve Battery+1","Capacitor","Cold Snap","Machine Learning+1","Sweeping Beam","Self Repair","Creative AI+1","Turbo+1","Self Repair","Stack+1","Bite","Bite","Bite","Bite","Consume+1","FTL+1","Biased Cognition","Stack+1","Compile Driver","Compile Driver+1","Echo Form+1","Streamline+1","Mayhem","Capacitor","FTL+1","Rebound+1","Madness","Madness","Beam Cell+1","Blind","Master of Strategy","Dramatic Entrance+1"],"relics":["Cracked Core","FossilizedHelix","Pantograph","Bottled Lightning","Nuclear Battery","Sundial","Thread and Needle","Torii","Pen Nib","WingedGreaves","Ancient Tea Set","Molten Egg 2","Sozu","Pear","Darkstone Periapt","Dodecahedron"],"potions_floor_usage":[20,25,25,40,44,44],"damage_taken":[{"damage":7,"enemies":"2 Louse","floor":1,"turns":3},{"damage":1,"enemies":"Cultist","floor":4,"turns":4},{"damage":0,"enemies":"Small Slimes","floor":5,"turns":3},{"damage":15,"enemies":"3 Sentries","floor":6,"turns":9},{"damage":12,"enemies":"Exordium Thugs","floor":7,"turns":6},{"damage":6,"enemies":"Large Slime","floor":12,"turns":6},{"damage":0,"enemies":"Exordium Wildlife","floor":13,"turns":4},{"damage":29,"enemies":"Gremlin Nob","floor":14,"turns":5},{"damage":8,"enemies":"Hexaghost","floor":16,"turns":11},{"damage":0,"enemies":"Shell Parasite","floor":18,"turns":7},{"damage":26,"enemies":"2 Thieves","floor":19,"turns":4},{"damage":14,"enemies":"Colosseum Slavers","floor":20,"turns":6},{"damage":38,"enemies":"Colosseum Nobs","floor":20,"turns":5},{"damage":45,"enemies":"Gremlin Leader","floor":25,"turns":7},{"damage":8,"enemies":"Book of Stabbing","floor":28,"turns":7},{"damage":10,"enemies":"Snecko","floor":29,"turns":5},{"damage":3,"enemies":"Snake Plant","floor":30,"turns":7},{"damage":1,"enemies":"Gremlin Leader","floor":31,"turns":9},{"damage":37,"enemies":"Collector","floor":33,"turns":11},{"damage":0,"enemies":"3 Shapes","floor":35,"turns":4},{"damage":32,"enemies":"3 Darklings","floor":38,"turns":6},{"damage":25,"enemies":"Nemesis","floor":40,"turns":8},{"damage":20,"enemies":"Reptomancer","floor":44,"turns":8},{"damage":33,"enemies":"Nemesis","floor":46,"turns":3}],"seed_played":"8833286642547528527","potions_obtained":[{"floor":1,"key":"EssenceOfSteel"},{"floor":7,"key":"EssenceOfSteel"},{"floor":12,"key":"Ancient Potion"},{"floor":19,"key":"AttackPotion"},{"floor":28,"key":"SpeedPotion"},{"floor":29,"key":"Weak Potion"},{"floor":33,"key":"Dexterity Potion"}],"is_trial":false,"path_per_floor":["M","?","$","M","M","E","M","?","T","$","R","M","M","E","R","B",null,"M","M","?","$","?","R","?","E","T","R","E","M","M","E","R","B",null,"M","$","?","M","$","E","?","R","T","E","?","E"],"character_chosen":"DEFECT","items_purchased":["Capacitor","Capacitor","Cold Snap","Torii","Mayhem","Capacitor"],"campfire_rested":0,"item_purchase_floors":[3,10,10,21,36,36],"current_hp_per_floor":[75,75,75,74,74,59,47,47,47,47,47,41,41,12,12,29,82,82,63,39,39,39,39,39,18,18,18,29,29,35,51,51,42,57,57,57,57,29,29,42,34,34,34,40,30,0],"gold":193,"neow_bonus":"TEN_PERCENT_HP_BONUS","is_prod":false,"is_daily":false,"chose_seed":false,"campfire_upgraded":6,"win_rate":0.0,"timestamp":1554371573,"path_taken":["M","?","?","M","M","E","M","?","T","$","R","M","?","E","R","BOSS","M","M","?","$","?","R","?","E","T","R","E","?","M","E","R","BOSS","M","?","?","M","$","E","?","R","T","E","?","E"],"build_version":"2019-01-23","purchased_purges":0,"victory":false,"max_hp_per_floor":[82,82,82,82,82,82,82,82,82,82,82,82,82,82,82,82,82,82,82,82,82,57,57,57,57,57,57,57,57,57,57,57,57,57,57,57,57,57,57,67,67,67,67,67,67,67],"card_choices":[{"not_picked":["Force Field","Stack"],"picked":"White Noise","floor":1},{"not_picked":["Undo","Glacier"],"picked":"Cold Snap","floor":4},{"not_picked":["Doom and Gloom","Fusion"],"picked":"Hologram","floor":5},{"not_picked":["White Noise","Reprogram"],"picked":"Consume","floor":6},{"not_picked":["Barrage","Compile Driver"],"picked":"Conserve Battery","floor":7},{"not_picked":["Stack","Streamline"],"picked":"Machine Learning","floor":12},{"not_picked":["Reprogram","Melter"],"picked":"Sweeping Beam","floor":13},{"not_picked":["Barrage","Steam Power"],"picked":"Self Repair","floor":14},{"not_picked":["Meteor Strike","Fission"],"picked":"Creative AI","floor":16},{"not_picked":["Doom and Gloom","Glacier+1"],"picked":"Turbo+1","floor":18},{"not_picked":["Compile Driver","Storm"],"picked":"Self Repair","floor":19},{"not_picked":["Turbo+1","Coolheaded"],"picked":"Stack+1","floor":20},{"not_picked":["Leap","Coolheaded+1"],"picked":"FTL+1","floor":25},{"not_picked":["Scrape","Rebound"],"picked":"Biased Cognition","floor":28},{"not_picked":["Cold Snap","Leap"],"picked":"Stack+1","floor":29},{"not_picked":["Melter+1","Genetic Algorithm"],"picked":"Compile Driver","floor":30},{"not_picked":["Force Field","Sweeping Beam"],"picked":"Compile Driver+1","floor":31},{"not_picked":["All For One+1","Multi-Cast"],"picked":"Echo Form","floor":33},{"not_picked":["Compile Driver+1","Rebound+1"],"picked":"Streamline+1","floor":35},{"not_picked":["Rebound+1","Coolheaded"],"picked":"FTL+1","floor":38},{"not_picked":["Self Repair+1","Ball Lightning+1"],"picked":"Rebound+1","floor":40},{"not_picked":["Barrage+1","Ball Lightning+1"],"picked":"Beam Cell+1","floor":44},{"not_picked":["Trip","Forethought"],"picked":"Blind","floor":45},{"not_picked":["Panacea","Bandage Up"],"picked":"Master of Strategy","floor":45},{"not_picked":["Thinking Ahead","Mind Blast+1"],"picked":"Dramatic Entrance+1","floor":45}],"player_experience":23328,"relics_obtained":[{"floor":6,"key":"FossilizedHelix"},{"floor":9,"key":"Pantograph"},{"floor":14,"key":"Bottled Lightning"},{"floor":20,"key":"Sundial"},{"floor":20,"key":"Thread and Needle"},{"floor":25,"key":"Pen Nib"},{"floor":26,"key":"WingedGreaves"},{"floor":28,"key":"Ancient Tea Set"},{"floor":31,"key":"Molten Egg 2"},{"floor":40,"key":"Pear"},{"floor":43,"key":"Darkstone Periapt"},{"floor":44,"key":"Dodecahedron"}],"event_choices":[{"cards_removed":["Dualcast"],"damage_healed":0,"gold_gain":0,"player_choice":"Offered Basic","damage_taken":0,"max_hp_gain":0,"max_hp_loss":0,"event_name":"Bonfire Elementals","floor":2,"gold_loss":0},{"cards_removed":["Strike_B"],"damage_healed":0,"gold_gain":0,"player_choice":"Purged","damage_taken":0,"max_hp_gain":0,"max_hp_loss":0,"event_name":"Purifier","floor":8,"gold_loss":0},{"damage_healed":0,"gold_gain":0,"player_choice":"Fight","damage_taken":0,"max_hp_gain":0,"max_hp_loss":0,"event_name":"Colosseum","floor":20,"gold_loss":0},{"damage_healed":0,"gold_gain":0,"player_choice":"Fought Nobs","damage_taken":0,"max_hp_gain":0,"max_hp_loss":0,"event_name":"Colosseum","floor":20,"gold_loss":0},{"damage_healed":0,"gold_gain":0,"player_choice":"Became a vampire","damage_taken":0,"max_hp_gain":0,"max_hp_loss":25,"event_name":"Vampires","floor":22,"gold_loss":0,"cards_obtained":["Bite","Bite","Bite","Bite","Bite"]},{"damage_healed":0,"gold_gain":0,"player_choice":"Copied","damage_taken":0,"max_hp_gain":0,"max_hp_loss":0,"event_name":"Duplicator","floor":24,"gold_loss":0,"cards_obtained":["Consume"]},{"cards_removed":["Bite"],"damage_healed":0,"gold_gain":0,"player_choice":"Removed Attack","damage_taken":0,"max_hp_gain":0,"max_hp_loss":0,"event_name":"Falling","floor":37,"gold_loss":0},{"damage_healed":0,"gold_gain":0,"player_choice":"Embrace Madness","damage_taken":8,"max_hp_gain":0,"max_hp_loss":0,"event_name":"Winding Halls","floor":41,"gold_loss":0,"cards_obtained":["Madness","Madness"]},{"damage_healed":0,"gold_gain":0,"player_choice":"Memory 3","damage_taken":10,"max_hp_gain":0,"max_hp_loss":0,"event_name":"SensoryStone","floor":45,"gold_loss":0}],"is_beta":false,"boss_relics":[{"not_picked":["Calling Bell","Fusion Hammer"],"picked":"Nuclear Battery"},{"not_picked":["Runic Dome","Velvet Choker"],"picked":"Sozu"}],"items_purged_floors":[],"is_endless":false,"potions_floor_spawned":[1,7,12,16,18,19,28,29,33,35,40],"killed_by":"Nemesis","ascension_level":0}