{"gold_per_floor":[114,131,131,145,220,245,245,278,278,453,453],"floor_reached":11,"playtime":420,"items_purged":[],"score":93,"play_id":"3e37ddfe-45e2-4ca5-aa32-eb30efd79310","local_time":"20190506152822","is_ascension_mode":true,"campfire_choices":[{"data":"Footwork","floor":7,"key":"SMITH"}],"neow_cost":"NONE","seed_source_timestamp":574474081555100,"circlet_count":0,"master_deck":["Defend_G","Defend_G","Defend_G","Defend_G","Defend_G","Strike_G","Strike_G","Strike_G","Strike_G","Strike_G","Survivor","Neutralize","Footwork+1","Bouncing Flask","Deadly Poison","Wraith Form v2","Prepared","Doubt"],"relics":["Ring of the Snake","NeowsBlessing","Strawberry","Bottled Tornado","Bag of Preparation"],"potions_floor_usage":[8,11,11],"damage_taken":[{"damage":0,"enemies":"Cultist","floor":1,"turns":1},{"damage":0,"enemies":"Small Slimes","floor":2,"turns":1},{"damage":0,"enemies":"2 Louse","floor":4,"turns":1},{"damage":23,"enemies":"3 Sentries","floor":6,"turns":10},{"damage":18,"enemies":"Gremlin Nob","floor":8,"turns":3},{"damage":23,"enemies":"3 Sentries","floor":11,"turns":13}],"seed_played":"-2233732819165712426","potions_obtained":[{"floor":1,"key":"GamblersBrew"},{"floor":3,"key":"Ancient Potion"},{"floor":3,"key":"AttackPotion"},{"floor":8,"key":"EssenceOfSteel"}],"is_trial":false,"path_per_floor":["M","M","?","M","?","E","R","E","T","?","E"],"character_chosen":"THE_SILENT","items_purchased":[],"campfire_rested":0,"item_purchase_floors":[],"current_hp_per_floor":[70,70,70,70,59,43,43,25,25,25,2],"gold":453,"neow_bonus":"THREE_ENEMY_KILL","is_prod":false,"is_daily":false,"chose_seed":false,"campfire_upgraded":1,"win_rate":0,"timestamp":1557149302,"path_taken":["M","M","?","?","?","E","R","E","T","?","E"],"build_version":"2019-01-23","purchased_purges":0,"victory":false,"max_hp_per_floor":[70,70,70,70,70,77,77,77,77,77,77],"card_choices":[{"not_picked":["Skewer","Underhanded Strike"],"picked":"Footwork","floor":1},{"not_picked":["Sucker Punch","Deadly Poison"],"picked":"Bouncing Flask","floor":2},{"not_picked":["Sucker Punch","Bane"],"picked":"Deadly Poison","floor":4},{"not_picked":["Finisher","Dagger Throw"],"picked":"Wraith Form v2","floor":6},{"not_picked":["Caltrops","Quick Slash"],"picked":"Prepared","floor":8}],"player_experience":1148760,"relics_obtained":[{"floor":6,"key":"Strawberry"},{"floor":8,"key":"Bottled Tornado"},{"floor":9,"key":"Bag of Preparation"}],"event_choices":[{"damage_healed":0,"gold_gain":0,"player_choice":"Got Potions","damage_taken":0,"max_hp_gain":0,"max_hp_loss":0,"event_name":"Lab","floor":3,"gold_loss":0},{"damage_healed":0,"gold_gain":75,"player_choice":"Gather Gold","damage_taken":11,"max_hp_gain":0,"max_hp_loss":0,"event_name":"World of Goop","floor":5,"gold_loss":0},{"damage_healed":0,"gold_gain":175,"player_choice":"AGREE","damage_taken":0,"max_hp_gain":0,"max_hp_loss":0,"event_name":"Liars Game","floor":10,"gold_loss":0,"cards_obtained":["Doubt"]}],"is_beta":false,"boss_relics":[],"items_purged_floors":[],"is_endless":false,"potions_floor_spawned":[1,8],"killed_by":"3 Sentries","ascension_level":3}