{"gold_per_floor":[116,416,430,430,450,450,479,497,523,537,537,310,330,348,348,453,453,472,486,172,187,203,203,303,303,303,321,332,332,207,219,219,318,318,329,343,343,193,193,193,213,223,246,246,71,82,101,134,146,158],"floor_reached":50,"playtime":1996,"items_purged":["Strike_R","Strike_R","Regret","Shame","Parasite"],"score":580,"play_id":"8727b204-4c49-4f51-84d1-90bebeb3a841","local_time":"20180913175331","is_ascension_mode":false,"campfire_choices":[{"data":"Bash","floor":6,"key":"SMITH"},{"data":"True Grit","floor":11,"key":"SMITH"},{"data":"Rampage","floor":15,"key":"SMITH"},{"data":"Double Tap","floor":29,"key":"SMITH"},{"data":"Pummel","floor":32,"key":"SMITH"},{"data":"Fire Breathing","floor":40,"key":"SMITH"},{"data":"Pommel Strike","floor":49,"key":"SMITH"}],"neow_cost":"NONE","seed_source_timestamp":939810961659593,"circlet_count":0,"master_deck":["Strike_R","Strike_R","Strike_R","Defend_R","Defend_R","Defend_R","Bash+1","True Grit+1","Pummel+1","Pommel Strike+1","Rampage+1","Double Tap+1","Offering","Fire Breathing+1","Double Tap+1","Shrug It Off+1"],"relics":["Burning Blood","Old Coin","Kunai","Singing Bowl","Boot","Orichalcum","Cursed Key","Oddly Smooth Stone","Pocketwatch","Mercury Hourglass","Bottled Tornado","Bag of Preparation","Busted Crown","Strawberry","MawBank"],"potions_floor_usage":[14,24,33,48,50,50],"damage_taken":[{"damage":8,"enemies":"Jaw Worm","floor":1,"turns":3},{"damage":8,"enemies":"Small Slimes","floor":3,"turns":3},{"damage":0,"enemies":"Cultist","floor":5,"turns":3},{"damage":15,"enemies":"Gremlin Nob","floor":7,"turns":4},{"damage":11,"enemies":"Red Slaver","floor":8,"turns":3},{"damage":11,"enemies":"Exordium Thugs","floor":10,"turns":6},{"damage":4,"enemies":"Looter","floor":13,"turns":2},{"damage":3,"enemies":"2 Fungi Beasts","floor":14,"turns":2},{"damage":27,"enemies":"The Guardian","floor":16,"turns":7},{"damage":6,"enemies":"Spheric Guardian","floor":18,"turns":3},{"damage":12,"enemies":"Shell Parasite","floor":19,"turns":3},{"damage":6,"enemies":"3 Cultists","floor":21,"turns":6},{"damage":0,"enemies":"Snecko","floor":22,"turns":5},{"damage":12,"enemies":"Colosseum Slavers","floor":24,"turns":3},{"damage":26,"enemies":"Colosseum Nobs","floor":24,"turns":5},{"damage":6,"enemies":"Chosen and Byrds","floor":27,"turns":4},{"damage":10,"enemies":"Cultist and Chosen","floor":28,"turns":4},{"damage":17,"enemies":"Snake Plant","floor":31,"turns":4},{"damage":40,"enemies":"Automaton","floor":33,"turns":7},{"damage":7,"enemies":"3 Shapes","floor":35,"turns":5},{"damage":1,"enemies":"3 Darklings","floor":36,"turns":5},{"damage":6,"enemies":"Reptomancer","floor":41,"turns":3},{"damage":6,"enemies":"Transient","floor":42,"turns":5},{"damage":11,"enemies":"4 Shapes","floor":46,"turns":3},{"damage":21,"enemies":"3 Darklings","floor":47,"turns":6},{"damage":6,"enemies":"Giant Head","floor":48,"turns":5},{"damage":113,"enemies":"Time Eater","floor":50,"turns":9}],"seed_played":"-3946675238272491112","potions_obtained":[{"floor":3,"key":"LiquidBronze"},{"floor":7,"key":"AttackPotion"},{"floor":14,"key":"Ancient Potion"},{"floor":16,"key":"FearPotion"},{"floor":24,"key":"Energy Potion"},{"floor":28,"key":"Regen Potion"},{"floor":33,"key":"Weak Potion"}],"is_trial":false,"path_per_floor":["M","?","M","T","M","R","E","M","T","M","R","$","M","M","R","B",null,"M","M","$","M","M","?","?","T","T","M","M","R","$","M","R","B",null,"M","M","?","$","?","R","M","M","T","?","$","M","M","E","R"],"character_chosen":"IRONCLAD","items_purchased":["Orichalcum","Oddly Smooth Stone","Flame Barrier"],"campfire_rested":0,"item_purchase_floors":[12,20,20],"current_hp_per_floor":[78,71,69,69,75,75,66,61,61,58,58,58,62,67,67,46,86,88,84,84,86,94,94,70,70,70,72,70,70,70,61,61,29,104,105,108,108,108,108,108,110,112,119,119,116,113,100,112,112,0],"gold":158,"neow_bonus":"REMOVE_CARD","is_prod":false,"is_daily":false,"chose_seed":false,"campfire_upgraded":7,"win_rate":0,"timestamp":1536886411,"path_taken":["M","?","?","?","M","R","E","M","T","M","R","$","M","?","R","BOSS","M","M","$","M","M","?","?","?","T","M","?","R","$","M","R","BOSS","M","M","?","?","?","R","M","M","T","?","$","?","?","E","R","BOSS"],"build_version":"2018-09-06","purchased_purges":5,"victory":false,"max_hp_per_floor":[80,80,80,80,80,80,80,80,80,82,82,82,84,86,86,86,86,88,90,90,92,94,94,96,96,96,98,100,100,100,102,102,104,104,106,108,108,108,108,108,110,112,119,119,116,118,120,120,120,120],"card_choices":[{"not_picked":["Iron Wave","Heavy Blade"],"picked":"True Grit","floor":1},{"not_picked":["Twin Strike","Thunderclap"],"picked":"Pummel","floor":3},{"not_picked":["Headbutt","Armaments"],"picked":"Pommel Strike","floor":5},{"not_picked":["Hemokinesis","Power Through"],"picked":"Rampage","floor":7},{"not_picked":["Sword Boomerang","Heavy Blade"],"picked":"Double Tap","floor":8},{"not_picked":["Blood for Blood","Dropkick","Combust"],"picked":"Singing Bowl","floor":10},{"not_picked":["True Grit","Pommel Strike","Sword Boomerang"],"picked":"Singing Bowl","floor":13},{"not_picked":["Sentinel","Cleave","Wild Strike"],"picked":"Singing Bowl","floor":14},{"not_picked":["Fiend Fire","Berserk"],"picked":"Offering","floor":16},{"not_picked":["Clothesline","Twin Strike","Combust"],"picked":"Singing Bowl","floor":18},{"not_picked":["Battle Trance","Flex","Rampage"],"picked":"Singing Bowl","floor":19},{"not_picked":["Body Slam","Shrug It Off","Clash"],"picked":"Singing Bowl","floor":21},{"not_picked":["Carnage","Cleave","Havoc+1"],"picked":"Singing Bowl","floor":22},{"not_picked":["Thunderclap","Iron Wave","Dual Wield"],"picked":"Singing Bowl","floor":24},{"not_picked":["Twin Strike+1","Dropkick+1","Shrug It Off+1"],"picked":"Singing Bowl","floor":27},{"not_picked":["Headbutt","Bludgeon","Second Wind+1"],"picked":"Singing Bowl","floor":28},{"not_picked":["Thunderclap","Hemokinesis","Whirlwind+1"],"picked":"Singing Bowl","floor":31},{"not_picked":["Barricade","Impervious","Berserk"],"picked":"Singing Bowl","floor":33},{"not_picked":["Whirlwind+1"],"picked":"Singing Bowl","floor":35},{"not_picked":["Warcry"],"picked":"Singing Bowl","floor":36},{"not_picked":["Clash+1"],"picked":"Singing Bowl","floor":41},{"not_picked":["Flex"],"picked":"Singing Bowl","floor":42},{"not_picked":["Limit Break"],"picked":"Singing Bowl","floor":46},{"not_picked":["Warcry"],"picked":"Singing Bowl","floor":47},{"not_picked":[],"picked":"Shrug It Off+1","floor":48}],"player_experience":218352,"relics_obtained":[{"floor":4,"key":"Kunai"},{"floor":7,"key":"Singing Bowl"},{"floor":9,"key":"Boot"},{"floor":24,"key":"Pocketwatch"},{"floor":24,"key":"Mercury Hourglass"},{"floor":25,"key":"Bottled Tornado"},{"floor":26,"key":"Bag of Preparation"},{"floor":43,"key":"Strawberry"},{"floor":48,"key":"MawBank"}],"event_choices":[{"event_name":"Scrap Ooze","player_choice":"success","floor":2,"damage_taken":7},{"event_name":"The Library","player_choice":"Read","floor":23,"damage_taken":0},{"event_name":"Colosseum","player_choice":"Fight","floor":24,"damage_taken":0},{"event_name":"Colosseum","player_choice":"Fought Nobs","floor":24,"damage_taken":0},{"event_name":"Falling","player_choice":"Removed Skill","floor":37,"damage_taken":0},{"event_name":"Duplicator","player_choice":"One dupe","floor":39,"damage_taken":0},{"event_name":"Tomb of Lord Red Mask","player_choice":"Ignored","floor":44,"damage_taken":0}],"is_beta":false,"boss_relics":[{"not_picked":["Pandora\u0027s Box","Tiny House"],"picked":"Cursed Key"},{"not_picked":["Coffee Dripper","Runic Cube"],"picked":"Busted Crown"}],"items_purged_floors":[12,20,30,38,45],"is_endless":false,"potions_floor_spawned":[3,7,14,16,18,21,24,28,33,46],"killed_by":"Time Eater","ascension_level":0}