{"gold_per_floor":[115,135,146,156,173,173,186,186,186,186,199,199,234,249,249,344,344,364,364,364,49,49,49,82,58,58,74,90,90,102,120,120,120],"floor_reached":33,"playtime":1523,"items_purged":["Strike_B"],"score":393,"play_id":"04da7b61-229d-4d21-9c8e-a4c8fdf55f7f","local_time":"20190424214238","is_ascension_mode":true,"campfire_choices":[{"data":"Defragment","floor":6.0,"key":"SMITH"},{"data":"Fission","floor":8.0,"key":"SMITH"},{"data":"Fusion","floor":10.0,"key":"SMITH"},{"data":"Coolheaded","floor":15.0,"key":"SMITH"},{"floor":29.0,"key":"REST"},{"floor":32.0,"key":"REST"}],"neow_cost":"NONE","seed_source_timestamp":993663489110369,"circlet_count":0,"master_deck":["Defend_B","Defend_B","Defend_B","Defend_B","Zap","Dualcast","Fission+1","FTL","Fusion+1","Defragment+1","Hologram","Rebound","Ball Lightning","Coolheaded+1","Recycle","Cold Snap","Core Surge","Turbo","Core Surge","Defragment","Leap","Go for the Eyes","Self Repair","BootSequence"],"special_seed":0,"relics":["Cracked Core","Bottled Lightning","Pen Nib","Empty Cage","Blue Candle"],"potions_floor_usage":[],"damage_taken":[{"damage":0.0,"enemies":"Cultist","floor":1.0,"turns":4.0},{"damage":0.0,"enemies":"Small Slimes","floor":2.0,"turns":3.0},{"damage":1.0,"enemies":"2 Louse","floor":3.0,"turns":2.0},{"damage":0.0,"enemies":"Large Slime","floor":4.0,"turns":5.0},{"damage":4.0,"enemies":"Exordium Wildlife","floor":5.0,"turns":3.0},{"damage":6.0,"enemies":"2 Fungi Beasts","floor":7.0,"turns":4.0},{"damage":6.0,"enemies":"Blue Slaver","floor":11.0,"turns":3.0},{"damage":20.0,"enemies":"3 Sentries","floor":13.0,"turns":5.0},{"damage":2.0,"enemies":"3 Louse","floor":14.0,"turns":3.0},{"damage":14.0,"enemies":"The Guardian","floor":16.0,"turns":9.0},{"damage":26.0,"enemies":"2 Thieves","floor":18.0,"turns":5.0},{"damage":46.0,"enemies":"Book of Stabbing","floor":24.0,"turns":6.0},{"damage":14.0,"enemies":"Spheric Guardian","floor":27.0,"turns":6.0},{"damage":6.0,"enemies":"Snake Plant","floor":28.0,"turns":3.0},{"damage":7.0,"enemies":"Centurion and Healer","floor":30.0,"turns":11.0},{"damage":17.0,"enemies":"Chosen and Byrds","floor":31.0,"turns":7.0},{"damage":57,"enemies":"Automaton","floor":33,"turns":6}],"seed_played":"-5379098368720409370","potions_obtained":[{"floor":1.0,"key":"Energy Potion"},{"floor":3.0,"key":"Fire Potion"},{"floor":7.0,"key":"Strength Potion"},{"floor":14.0,"key":"FairyPotion"},{"floor":27.0,"key":"AttackPotion"},{"floor":28.0,"key":"Weak Potion"},{"floor":31.0,"key":"Ancient Potion"}],"is_trial":false,"path_per_floor":["M","M","M","M","M","R","M","R","T","R","M","?","E","M","R","B",null,"M","?","?","$","?","?","E","$","T","M","M","R","M","M","R","B"],"character_chosen":"DEFECT","items_purchased":["Turbo","Core Surge","Block Potion","Leap"],"campfire_rested":2,"item_purchase_floors":[21,21,21,25],"current_hp_per_floor":[68,68,67,67,63,63,57,57,57,57,51,56,36,34,34,20,65,39,39,65,65,65,65,19,19,19,5,8,32,25,15,39,0],"gold":120,"neow_bonus":"ONE_RANDOM_RARE_CARD","is_prod":false,"is_daily":false,"chose_seed":false,"campfire_upgraded":4,"win_rate":0,"timestamp":1556109758,"path_taken":["M","M","M","M","?","R","M","R","T","R","M","?","E","M","R","BOSS","M","?","?","$","?","?","E","$","T","M","M","R","?","M","R","BOSS"],"build_version":"2019-01-23","purchased_purges":1,"victory":false,"max_hp_per_floor":[75,75,75,75,75,75,75,75,75,75,75,80,80,80,80,80,80,80,80,80,80,80,80,80,80,80,80,80,80,80,80,80,80],"card_choices":[{"not_picked":["Chaos","Go for the Eyes"],"picked":"FTL","floor":1.0},{"not_picked":["Compile Driver","Storm"],"picked":"Fusion","floor":2.0},{"not_picked":["Reprogram","Compile Driver"],"picked":"Defragment","floor":3.0},{"not_picked":["Heatsinks","Rebound"],"picked":"Hologram","floor":4.0},{"not_picked":["Aggregate","Rainbow"],"picked":"Rebound","floor":5.0},{"not_picked":["Scrape","Gash"],"picked":"Ball Lightning","floor":7.0},{"not_picked":["Hologram","Redo"],"picked":"Coolheaded","floor":11.0},{"not_picked":["Force Field","Steam Power"],"picked":"Recycle","floor":13.0},{"not_picked":["Stack","Coolheaded"],"picked":"Cold Snap","floor":14.0},{"not_picked":["Hyperbeam","All For One"],"picked":"Core Surge","floor":16.0},{"not_picked":["Coolheaded","Ball Lightning","Heatsinks+1"],"picked":"SKIP","floor":18.0},{"not_picked":["Double Energy+1","Static Discharge"],"picked":"Defragment","floor":24.0},{"not_picked":["Sweeping Beam","Turbo","Rebound"],"picked":"SKIP","floor":27.0},{"not_picked":["Turbo","Sweeping Beam"],"picked":"Go for the Eyes","floor":28.0},{"not_picked":["Sweeping Beam","Hello World+1"],"picked":"Self Repair","floor":30.0},{"not_picked":["Steam+1","Defragment"],"picked":"BootSequence","floor":31.0}],"player_experience":422174,"relics_obtained":[{"floor":9.0,"key":"Bottled Lightning"},{"floor":13.0,"key":"Pen Nib"},{"floor":24.0,"key":"Blue Candle"}],"event_choices":[{"damage_healed":0.0,"max_hp_gain":5.0,"max_hp_loss":0.0,"gold_gain":0.0,"event_name":"Big Fish","player_choice":"Donut","floor":12.0,"gold_loss":0.0,"damage_taken":0.0},{"cards_removed":["Strike_B"],"damage_healed":0.0,"max_hp_gain":0.0,"max_hp_loss":0.0,"gold_gain":0.0,"event_name":"Back to Basics","player_choice":"Elegance","floor":19.0,"gold_loss":0.0,"damage_taken":0.0},{"damage_healed":26.0,"max_hp_gain":0.0,"max_hp_loss":0.0,"gold_gain":0.0,"event_name":"The Library","player_choice":"Heal","floor":20.0,"gold_loss":0.0,"damage_taken":0.0},{"damage_healed":0.0,"max_hp_gain":0.0,"max_hp_loss":0.0,"gold_gain":0.0,"event_name":"Ghosts","player_choice":"Ignored","floor":22.0,"gold_loss":0.0,"damage_taken":0.0},{"damage_healed":0.0,"max_hp_gain":0.0,"max_hp_loss":0.0,"gold_gain":0.0,"event_name":"Vampires","player_choice":"Ignored","floor":23.0,"gold_loss":0.0,"damage_taken":0.0}],"is_beta":false,"boss_relics":[{"not_picked":["Fusion Hammer","Tiny House"],"picked":"Empty Cage"}],"items_purged_floors":[21],"is_endless":false,"potions_floor_spawned":[1,3,7,14,27,28,31],"killed_by":"Automaton","ascension_level":9}