{"gold_per_floor":[114,124,140,150,163,188,33,33,33,51,64,64,108,108,108,234,234,248,152,252,277,302,302,343,343,343,58,81,115,115,115,115,244,244,260,278,278,278,292,292],"floor_reached":40,"playtime":7884,"items_purged":["Strike_B"],"score":635,"play_id":"437ea94b-d364-4ccf-b18b-22c5cbdc6c52","local_time":"20190427092015","is_ascension_mode":true,"campfire_choices":[{"floor":15,"key":"REST"},{"data":"Creative AI","floor":23,"key":"SMITH"},{"data":"Chill","floor":25,"key":"SMITH"},{"floor":32,"key":"REST"}],"neow_cost":"NONE","seed_source_timestamp":1470929416424500,"circlet_count":0,"master_deck":["Strike_B","Strike_B","Defend_B","Defend_B","Defend_B","Defend_B","Zap","Dualcast","Defragment","Ball Lightning","Glacier","Redo","Reprogram","Core Surge","Reinforced Body","Defragment+1","Cold Snap+1","Creative AI+1","White Noise","Conserve Battery","Self Repair+1","Defragment","Chill+1","Magnetism","Conserve Battery","Defragment","Glacier","Writhe","Core Surge","BootSequence+1","Chill+1"],"relics":["FrozenCore","Omamori","DataDisk","WarpedTongs","Cables","Golden Idol","Turnip","Nuclear Battery","Question Card","Potion Belt","Smiling Mask"],"potions_floor_usage":[18,21,22,24,33,40,40],"damage_taken":[{"damage":11,"enemies":"Small Slimes","floor":1,"turns":4},{"damage":0,"enemies":"Cultist","floor":2,"turns":4},{"damage":7,"enemies":"2 Louse","floor":3,"turns":2},{"damage":0,"enemies":"Large Slime","floor":4,"turns":4},{"damage":20,"enemies":"Lots of Slimes","floor":5,"turns":4},{"damage":9,"enemies":"3 Sentries","floor":6,"turns":8},{"damage":0,"enemies":"Exordium Thugs","floor":10,"turns":3},{"damage":0,"enemies":"2 Fungi Beasts","floor":11,"turns":3},{"damage":16,"enemies":"Gremlin Nob","floor":13,"turns":3},{"damage":0,"enemies":"Hexaghost","floor":16,"turns":9},{"damage":17,"enemies":"2 Thieves","floor":18,"turns":3},{"damage":3,"enemies":"Spheric Guardian","floor":21,"turns":5},{"damage":9,"enemies":"Centurion and Healer","floor":22,"turns":8},{"damage":30,"enemies":"Book of Stabbing","floor":24,"turns":4},{"damage":1,"enemies":"Shelled Parasite and Fungi","floor":28,"turns":7},{"damage":48,"enemies":"Slavers","floor":29,"turns":7},{"damage":16,"enemies":"Collector","floor":33,"turns":12},{"damage":12,"enemies":"3 Shapes","floor":35,"turns":9},{"damage":7,"enemies":"3 Darklings","floor":36,"turns":10},{"damage":0,"enemies":"4 Shapes","floor":39,"turns":9},{"damage":76,"enemies":"Reptomancer","floor":40,"turns":11}],"seed_played":"-6087306995518627508","potions_obtained":[{"floor":3,"key":"SpeedPotion"},{"floor":5,"key":"Fire Potion"},{"floor":10,"key":"GamblersBrew"},{"floor":18,"key":"SneckoOil"},{"floor":21,"key":"Regen Potion"},{"floor":24,"key":"Swift Potion"},{"floor":35,"key":"SkillPotion"}],"is_trial":false,"path_per_floor":["M","M","M","M","M","E","$","?","T","M","M","?","E","?","R","B",null,"M","$","?","M","M","R","E","R","T","$","M","E","?","?","R","B",null,"M","M","?","?","M","E"],"character_chosen":"DEFECT","items_purchased":["DataDisk","Conserve Battery","PowerPotion","Magnetism","Conserve Battery"],"campfire_rested":2,"item_purchase_floors":[7,19,19,27,27],"current_hp_per_floor":[71,71,64,64,44,35,35,35,35,35,35,35,19,3,27,27,68,51,51,51,48,74,74,54,54,54,54,63,25,25,25,49,43,72,70,73,73,63,73,0],"gold":292,"neow_bonus":"TEN_PERCENT_HP_BONUS","is_prod":false,"is_daily":false,"chose_seed":false,"campfire_upgraded":2,"win_rate":0,"timestamp":1556349615,"path_taken":["M","M","M","M","M","E","$","?","T","M","?","?","E","?","R","BOSS","M","$","?","M","M","R","E","R","T","$","?","E","?","?","R","BOSS","M","M","?","?","M","E"],"build_version":"2019-01-23","purchased_purges":1,"victory":false,"max_hp_per_floor":[82,82,82,82,82,82,82,82,82,82,82,82,82,82,82,82,82,82,82,82,82,82,82,82,82,82,82,82,82,82,82,82,82,82,82,82,82,82,82,82],"card_choices":[{"not_picked":["Cold Snap","Ball Lightning"],"picked":"Defragment","floor":1},{"not_picked":["FTL","Double Energy"],"picked":"Ball Lightning","floor":2},{"not_picked":["Barrage","Go for the Eyes"],"picked":"Glacier","floor":3},{"not_picked":["Sweeping Beam","Undo"],"picked":"Redo","floor":4},{"not_picked":["Coolheaded","Sweeping Beam"],"picked":"Reprogram","floor":5},{"not_picked":["Darkness","Chaos"],"picked":"Core Surge","floor":6},{"not_picked":["Chaos","Rebound"],"picked":"Reinforced Body","floor":10},{"not_picked":["Beam Cell","Streamline"],"picked":"Defragment","floor":11},{"not_picked":["Go for the Eyes","Machine Learning"],"picked":"Cold Snap","floor":13},{"not_picked":["Fission","Thunder Strike"],"picked":"Creative AI","floor":16},{"not_picked":["Leap","Steam"],"picked":"White Noise","floor":18},{"not_picked":["Sweeping Beam","Undo"],"picked":"Self Repair+1","floor":21},{"not_picked":["Rebound+1","Ball Lightning"],"picked":"Defragment","floor":22},{"not_picked":["Lockon+1","Tempest+1"],"picked":"Chill","floor":24},{"not_picked":["Recycle","Beam Cell","Cold Snap+1"],"picked":"Defragment","floor":28},{"not_picked":["Redo+1","Reprogram","Coolheaded+1"],"picked":"Glacier","floor":29},{"not_picked":["Hyperbeam","Meteor Strike","Fission"],"picked":"Core Surge","floor":33},{"not_picked":["Compile Driver+1","Rebound+1","Cold Snap"],"picked":"BootSequence+1","floor":35},{"not_picked":["Beam Cell","Fusion","Redo","Turbo+1"],"picked":"SKIP","floor":36},{"not_picked":["Go for the Eyes+1","Rebound+1","Steam"],"picked":"Chill+1","floor":39}],"player_experience":760260,"relics_obtained":[{"floor":6,"key":"Omamori"},{"floor":9,"key":"Cables"},{"floor":13,"key":"Turnip"},{"floor":24,"key":"Question Card"},{"floor":29,"key":"Potion Belt"}],"event_choices":[{"damage_healed":0,"gold_gain":0,"player_choice":"Rummage","damage_taken":0,"relics_obtained":["WarpedTongs"],"max_hp_gain":0,"max_hp_loss":0,"event_name":"Accursed Blacksmith","floor":8,"gold_loss":0,"cards_obtained":["Pain"]},{"damage_healed":0,"gold_gain":0,"player_choice":"Take Wound","damage_taken":0,"relics_obtained":["Golden Idol"],"max_hp_gain":0,"max_hp_loss":0,"event_name":"Golden Idol","floor":12,"gold_loss":0,"cards_obtained":["Injury"]},{"damage_healed":0,"gold_gain":0,"player_choice":"Entered Light","damage_taken":16,"max_hp_gain":0,"max_hp_loss":0,"event_name":"Shining Light","floor":14,"gold_loss":0,"cards_upgraded":["Cold Snap","Defragment"]},{"damage_healed":0,"gold_gain":100,"player_choice":"Pray","damage_taken":0,"max_hp_gain":0,"max_hp_loss":0,"event_name":"Golden Shrine","floor":20,"gold_loss":0},{"damage_healed":0,"gold_gain":0,"player_choice":"Opened","damage_taken":0,"relics_obtained":["Smiling Mask"],"max_hp_gain":0,"max_hp_loss":0,"event_name":"The Mausoleum","floor":30,"gold_loss":0,"cards_obtained":["Writhe"]},{"damage_healed":0,"gold_gain":0,"player_choice":"Ignored","damage_taken":0,"max_hp_gain":0,"max_hp_loss":0,"event_name":"Vampires","floor":31,"gold_loss":0},{"cards_removed":["Strike_B"],"damage_healed":0,"gold_gain":0,"player_choice":"Removed Attack","damage_taken":0,"max_hp_gain":0,"max_hp_loss":0,"event_name":"Falling","floor":37,"gold_loss":0},{"damage_healed":0,"gold_gain":0,"player_choice":"Memory 3","damage_taken":10,"max_hp_gain":0,"max_hp_loss":0,"event_name":"SensoryStone","floor":38,"gold_loss":0}],"is_beta":false,"boss_relics":[{"not_picked":["Velvet Choker","Eternal Feather"],"picked":"Nuclear Battery"},{"not_picked":["Empty Cage","Lizard Tail"],"picked":"FrozenCore"}],"items_purged_floors":[27],"is_endless":false,"potions_floor_spawned":[3,5,10,18,21,24,35],"killed_by":"Reptomancer","ascension_level":5}