{"gold_per_floor":[115,135,155,155,7,7,182,182,182,209,159,175,200,214,214,309,309,326,344,39,55,66,66,97,97,124,142,155,175,275,291,291,389,389,403,62,62,80,80,80,137,137,215,231,241,252,552,552,552,552],"floor_reached":51,"playtime":2001,"items_purged":["Strike_R","Defend_R"],"score":761,"play_id":"0a8a70fc-9a9a-405e-9677-4e433ad7a61b","local_time":"20180905185251","is_ascension_mode":false,"campfire_choices":[{"data":"Bash","floor":6,"key":"SMITH"},{"data":"Inflame","floor":8,"key":"SMITH"},{"data":"Clash","floor":15,"key":"SMITH"},{"data":"Strike_R","floor":23,"key":"PURGE"},{"data":"Strike_R","floor":25,"key":"PURGE"},{"data":"Strike_R","floor":32,"key":"PURGE"},{"data":"Defend_R","floor":40,"key":"PURGE"},{"floor":42,"key":"REST"},{"data":"Bludgeon+1","floor":49,"key":"PURGE"}],"neow_cost":"NONE","seed_source_timestamp":252128969097432,"circlet_count":0,"master_deck":["Defend_R","Defend_R","Bash+1","Clash+1","Inflame+1","Pommel Strike+1","Headbutt+1","Feed+1","Spot Weakness+1","Clash+1","Shrug It Off","Metallicize+1","Clash+1"],"relics":["Burning Blood","Centennial Puzzle","Molten Egg 2","Bottled Flame","Kunai","Fusion Hammer","Peace Pipe","Unceasing Top","Boot","White Beast Statue","Ornamental Fan","Tiny Chest","Darkstone Periapt","Old Coin"],"potions_floor_usage":[13,16,31,33,33,35,38,41,46,50,50,50],"damage_taken":[{"damage":3,"enemies":"2 Louse","floor":1,"turns":4},{"damage":0,"enemies":"Small Slimes","floor":2,"turns":3},{"damage":6,"enemies":"Cultist","floor":3,"turns":3},{"damage":28,"enemies":"Gremlin Nob","floor":10,"turns":4},{"damage":4,"enemies":"Blue Slaver","floor":12,"turns":5},{"damage":11,"enemies":"Lagavulin","floor":13,"turns":4},{"damage":1,"enemies":"3 Louse","floor":14,"turns":2},{"damage":55,"enemies":"The Guardian","floor":16,"turns":9},{"damage":5,"enemies":"Chosen","floor":18,"turns":2},{"damage":5,"enemies":"2 Thieves","floor":19,"turns":3},{"damage":0,"enemies":"Snecko","floor":21,"turns":2},{"damage":5,"enemies":"Chosen and Byrds","floor":22,"turns":3},{"damage":19,"enemies":"Slavers","floor":24,"turns":5},{"damage":16,"enemies":"Snake Plant","floor":27,"turns":2},{"damage":0,"enemies":"Snecko","floor":28,"turns":2},{"damage":3,"enemies":"Centurion and Healer","floor":29,"turns":3},{"damage":9,"enemies":"Shelled Parasite and Fungi","floor":31,"turns":7},{"damage":29,"enemies":"Champ","floor":33,"turns":9},{"damage":6,"enemies":"Orb Walker","floor":35,"turns":2},{"damage":3,"enemies":"3 Shapes","floor":38,"turns":3},{"damage":113,"enemies":"Nemesis","floor":41,"turns":9},{"damage":0,"enemies":"Transient","floor":44,"turns":5},{"damage":12,"enemies":"Reptomancer","floor":45,"turns":4},{"damage":12,"enemies":"Maw","floor":46,"turns":5},{"damage":0,"enemies":"Mind Bloom Boss Battle","floor":47,"turns":7},{"damage":27,"enemies":"Awakened One","floor":50,"turns":10}],"seed_played":"1268833099162366325","potions_obtained":[{"floor":2,"key":"EssenceOfSteel"},{"floor":12,"key":"AttackPotion"},{"floor":13,"key":"Regen Potion"},{"floor":18,"key":"SpeedPotion"},{"floor":19,"key":"SpeedPotion"},{"floor":27,"key":"Energy Potion"},{"floor":31,"key":"Explosive Potion"},{"floor":33,"key":"GamblersBrew"},{"floor":35,"key":"Energy Potion"},{"floor":38,"key":"Poison Potion"},{"floor":41,"key":"SneckoOil"},{"floor":44,"key":"Energy Potion"},{"floor":46,"key":"Block Potion"},{"floor":47,"key":"Dexterity Potion"}],"is_trial":false,"path_per_floor":["M","M","M","?","$","R","?","R","T","E","?","M","E","M","R","B",null,"M","M","$","M","M","R","E","R","T","M","M","M","?","M","R","B",null,"M","$","?","M","?","R","E","R","T","M","M","M","?","?","R","B"],"character_chosen":"IRONCLAD","items_purchased":["Inflame","Peace Pipe","Ornamental Fan"],"campfire_rested":1,"item_purchase_floors":[5,20,36],"current_hp_per_floor":[80,80,80,73,73,73,73,73,73,51,51,53,48,57,57,12,88,92,92,92,92,96,96,87,87,87,81,91,98,98,110,110,91,116,116,116,116,120,114,114,7,41,41,47,45,39,45,103,103,86],"gold":552,"neow_bonus":"RANDOM_COMMON_RELIC","is_prod":false,"is_daily":false,"chose_seed":false,"campfire_upgraded":3,"win_rate":0,"timestamp":1536198771,"path_taken":["M","M","M","?","$","R","?","R","T","E","?","M","E","?","R","BOSS","M","M","$","M","?","R","E","R","T","M","M","M","?","?","R","BOSS","M","$","?","M","?","R","E","R","T","?","M","M","?","?","R","BOSS"],"build_version":"2018-08-30","purchased_purges":2,"victory":true,"max_hp_per_floor":[80,80,80,80,80,80,80,80,80,80,80,80,80,84,84,88,88,92,92,92,92,96,96,100,100,100,104,108,112,112,112,112,116,116,116,116,116,120,114,114,114,114,114,114,118,118,118,103,103,107],"card_choices":[{"not_picked":["Twin Strike","Warcry"],"picked":"Clash","floor":1},{"not_picked":["Seeing Red","Wild Strike","Body Slam"],"picked":"SKIP","floor":2},{"not_picked":["Pommel Strike","Thunderclap","Rage"],"picked":"SKIP","floor":3},{"not_picked":["Perfected Strike+1","Rage"],"picked":"Pommel Strike+1","floor":10},{"not_picked":["Sever Soul+1","Iron Wave+1"],"picked":"Headbutt+1","floor":12},{"not_picked":["Armaments","Clothesline+1"],"picked":"Feed+1","floor":13},{"not_picked":["Burning Pact","Twin Strike+1","Headbutt+1"],"picked":"SKIP","floor":14},{"not_picked":["Dark Embrace","Berserk"],"picked":"Bludgeon+1","floor":16},{"not_picked":["Clothesline+1","Sever Soul+1","Twin Strike+1"],"picked":"SKIP","floor":18},{"not_picked":["Corruption+1","Feel No Pain"],"picked":"Spot Weakness+1","floor":19},{"not_picked":["True Grit","Evolve+1"],"picked":"Clash+1","floor":21},{"not_picked":["Headbutt+1","Body Slam+1","Armaments+1"],"picked":"SKIP","floor":22},{"not_picked":["Spot Weakness","Wild Strike+1","Searing Blow+1"],"picked":"SKIP","floor":24},{"not_picked":["Perfected Strike+1","Hemokinesis+1"],"picked":"Shrug It Off","floor":27},{"not_picked":["Intimidate","Armaments+1","Flame Barrier"],"picked":"SKIP","floor":28},{"not_picked":["Havoc","Wild Strike+1"],"picked":"Metallicize+1","floor":29},{"not_picked":["True Grit","Heavy Blade+1"],"picked":"Clash+1","floor":31},{"not_picked":["Headbutt+1","Iron Wave+1","Clothesline+1"],"picked":"SKIP","floor":35},{"not_picked":["Body Slam+1","Flame Barrier","Heavy Blade+1"],"picked":"SKIP","floor":38},{"not_picked":["Bloodletting","Wild Strike+1","Perfected Strike+1"],"picked":"SKIP","floor":41},{"not_picked":["Iron Wave+1","Disarm","Uppercut+1"],"picked":"SKIP","floor":44},{"not_picked":["Perfected Strike+1","Feel No Pain+1","Cleave+1"],"picked":"SKIP","floor":45},{"not_picked":["Armaments","Searing Blow+1","Battle Trance+1"],"picked":"SKIP","floor":46}],"player_experience":178750,"relics_obtained":[{"floor":9,"key":"Molten Egg 2"},{"floor":10,"key":"Bottled Flame"},{"floor":13,"key":"Kunai"},{"floor":24,"key":"Unceasing Top"},{"floor":26,"key":"Boot"},{"floor":41,"key":"Tiny Chest"},{"floor":43,"key":"Darkstone Periapt"},{"floor":47,"key":"Old Coin"}],"event_choices":[{"event_name":"Golden Wing","player_choice":"Card Removal","floor":4,"damage_taken":0},{"event_name":"Liars Game","player_choice":"agreed","floor":7,"damage_taken":0},{"event_name":"The Cleric","player_choice":"Card Removal","floor":11,"damage_taken":0},{"event_name":"Golden Shrine","player_choice":"Pray","floor":30,"damage_taken":0},{"event_name":"SensoryStone","player_choice":"Memory 1","floor":37,"damage_taken":0},{"event_name":"Winding Halls","player_choice":"Max HP","floor":39,"damage_taken":0},{"event_name":"MindBloom","player_choice":"Fight","floor":47,"damage_taken":0},{"event_name":"The Moai Head","player_choice":"Heal","floor":48,"damage_taken":0}],"is_beta":false,"boss_relics":[{"not_picked":["Lizard Tail","Philosopher\u0027s Stone"],"picked":"Fusion Hammer"},{"not_picked":["Runic Pyramid","Velvet Choker"],"picked":"White Beast Statue"}],"items_purged_floors":[5,36],"is_endless":false,"potions_floor_spawned":[2,12,13,18,19,27,29,31,33,35,38,41,44,45,46,47],"ascension_level":0}