{"gold_per_floor":[114,126,126,126,144,144,163,195,195,195,370,390,422,422,422,422],"floor_reached":16,"playtime":505,"items_purged":[],"score":127,"play_id":"872c578c-1e1f-4834-9123-7ced0838ded2","local_time":"20190501222022","is_ascension_mode":true,"campfire_choices":[{"data":"Coolheaded","floor":6,"key":"SMITH"},{"floor":10,"key":"REST"},{"floor":15,"key":"REST"}],"neow_cost":"NONE","seed_source_timestamp":385955025602202,"circlet_count":0,"master_deck":["Strike_B","Strike_B+1","Strike_B","Strike_B","Defend_B","Defend_B","Defend_B","Defend_B","Zap+1","Dualcast","Coolheaded+1","Tempest+1","Self Repair","Defragment","Redo","Glacier","Buffer"],"relics":["Cracked Core","NeowsBlessing","Boot","The Courier"],"potions_floor_usage":[7,13],"damage_taken":[{"damage":0,"enemies":"Jaw Worm","floor":1,"turns":1},{"damage":0,"enemies":"2 Louse","floor":2,"turns":1},{"damage":0,"enemies":"Small Slimes","floor":5,"turns":1},{"damage":16,"enemies":"Exordium Thugs","floor":7,"turns":4},{"damage":34,"enemies":"3 Sentries","floor":8,"turns":7},{"damage":13,"enemies":"Blue Slaver","floor":12,"turns":2},{"damage":24,"enemies":"Lagavulin","floor":13,"turns":9},{"damage":38,"enemies":"Hexaghost","floor":16,"turns":14}],"seed_played":"6991276525269397081","potions_obtained":[{"floor":2,"key":"EssenceOfSteel"},{"floor":5,"key":"SteroidPotion"},{"floor":12,"key":"Ancient Potion"}],"is_trial":false,"path_per_floor":["M","M","?","?","M","R","M","E","T","R","?","M","E","?","R","B"],"character_chosen":"DEFECT","items_purchased":[],"campfire_rested":2,"item_purchase_floors":[],"current_hp_per_floor":[75,75,60,60,60,60,51,24,24,46,46,33,16,16,38,0],"gold":422,"neow_bonus":"THREE_ENEMY_KILL","is_prod":false,"is_daily":false,"chose_seed":false,"campfire_upgraded":1,"win_rate":0,"timestamp":1556774422,"path_taken":["M","M","?","?","M","R","M","E","T","R","?","M","E","?","R","BOSS"],"build_version":"2019-01-23","purchased_purges":0,"victory":false,"max_hp_per_floor":[75,75,75,75,75,75,75,75,75,75,75,75,75,75,75,75],"card_choices":[{"not_picked":["Gash","Double Energy"],"picked":"Coolheaded","floor":1},{"not_picked":["Hello World","Streamline"],"picked":"Tempest","floor":2},{"not_picked":["Reinforced Body","Reprogram"],"picked":"Self Repair","floor":5},{"not_picked":["Conserve Battery","Barrage"],"picked":"Defragment","floor":7},{"not_picked":["Fission","Streamline"],"picked":"Redo","floor":8},{"not_picked":["Leap","Go for the Eyes"],"picked":"Glacier","floor":12},{"not_picked":["Gash","Leap"],"picked":"Buffer","floor":13}],"player_experience":526384,"relics_obtained":[{"floor":8,"key":"Boot"},{"floor":13,"key":"The Courier"}],"event_choices":[{"damage_healed":0,"gold_gain":0,"player_choice":"Entered Light","damage_taken":15,"max_hp_gain":0,"max_hp_loss":0,"event_name":"Shining Light","floor":3,"gold_loss":0,"cards_upgraded":["Zap","Strike_B"]},{"damage_healed":0,"gold_gain":0,"player_choice":"Grow","damage_taken":0,"max_hp_gain":0,"max_hp_loss":0,"event_name":"Living Wall","floor":4,"gold_loss":0,"cards_upgraded":["Tempest"]},{"damage_healed":0,"gold_gain":175,"player_choice":"AGREE","damage_taken":0,"max_hp_gain":0,"max_hp_loss":0,"event_name":"Liars Game","floor":11,"gold_loss":0,"cards_obtained":["Doubt"]},{"cards_removed":["Doubt"],"damage_healed":0,"gold_gain":0,"player_choice":"Removed Curses","damage_taken":0,"max_hp_gain":0,"max_hp_loss":0,"event_name":"Fountain of Cleansing","floor":14,"gold_loss":0}],"is_beta":false,"boss_relics":[],"items_purged_floors":[],"is_endless":false,"potions_floor_spawned":[2,5,12],"killed_by":"Hexaghost","ascension_level":3}