{"gold_per_floor":[109,109,129,304,304,330,344,371,443,408,280,280,305,320,320,320],"floor_reached":16,"playtime":10019,"items_purged":[],"score":164,"play_id":"546fdb6d-d6fb-4d70-bb91-795317f90b70","local_time":"20190423221618","is_ascension_mode":true,"campfire_choices":[{"floor":12,"key":"REST"},{"data":"Zap","floor":15,"key":"SMITH"}],"neow_cost":"NONE","seed_source_timestamp":1199627394346400,"circlet_count":0,"master_deck":["Strike_B","Strike_B","Strike_B","Strike_B","Defend_B","Defend_B","Defend_B","Defend_B","Zap+1","Dualcast","Conserve Battery","FTL","Buffer","Conserve Battery","BootSequence","Storm+1","Loop+1"],"relics":["Cracked Core","NeowsBlessing","WingedGreaves","Bag of Marbles","Frozen Egg 2","Nunchaku"],"potions_floor_usage":[13,13],"damage_taken":[{"damage":0,"enemies":"Cultist","floor":1,"turns":1},{"damage":0,"enemies":"2 Louse","floor":3,"turns":1},{"damage":0,"enemies":"Gremlin Nob","floor":6,"turns":1},{"damage":0,"enemies":"Small Slimes","floor":7,"turns":3},{"damage":59,"enemies":"3 Sentries","floor":8,"turns":17},{"damage":15,"enemies":"Lagavulin","floor":13,"turns":4},{"damage":1,"enemies":"Blue Slaver","floor":14,"turns":4},{"damage":35,"enemies":"The Guardian","floor":16,"turns":6}],"seed_played":"7259739381338341399","potions_obtained":[{"floor":6,"key":"FocusPotion"},{"floor":13,"key":"Energy Potion"},{"floor":14,"key":"SteroidPotion"}],"is_trial":false,"path_per_floor":["M","$","M","?","?","E","M","E","T","?","$","R","E","M","R","B"],"character_chosen":"DEFECT","items_purchased":["Storm+1","AttackPotion"],"campfire_rested":1,"item_purchase_floors":[11,11],"current_hp_per_floor":[75,75,75,75,68,68,68,9,9,27,27,49,34,33,33,0],"gold":320,"neow_bonus":"THREE_ENEMY_KILL","is_prod":false,"is_daily":false,"chose_seed":false,"campfire_upgraded":1,"win_rate":0,"timestamp":1556050578,"path_taken":["M","$","M","?","?","E","M","E","T","?","$","R","E","M","R","BOSS"],"build_version":"2019-01-23","purchased_purges":0,"victory":false,"max_hp_per_floor":[75,75,75,75,75,75,75,75,75,75,75,75,75,75,75,75],"card_choices":[{"not_picked":["Barrage","Steam Power"],"picked":"Conserve Battery","floor":1},{"not_picked":["Stack","Beam Cell"],"picked":"FTL","floor":3},{"not_picked":["Hologram","Turbo"],"picked":"Buffer","floor":6},{"not_picked":["Stack","Hologram"],"picked":"Conserve Battery","floor":7},{"not_picked":["Steam Power","Hologram"],"picked":"BootSequence","floor":8},{"not_picked":["FTL","Hologram"],"picked":"Loop+1","floor":13},{"not_picked":["Fusion","Redo","Thunder Strike"],"picked":"SKIP","floor":14}],"player_experience":644575,"relics_obtained":[{"floor":6,"key":"WingedGreaves"},{"floor":8,"key":"Bag of Marbles"},{"floor":9,"key":"Frozen Egg 2"},{"floor":13,"key":"Nunchaku"}],"event_choices":[{"damage_healed":0,"gold_gain":175,"player_choice":"AGREE","damage_taken":0,"max_hp_gain":0,"max_hp_loss":0,"event_name":"Liars Game","floor":4,"gold_loss":0,"cards_obtained":["Doubt"]},{"cards_removed":["Doubt"],"damage_healed":0,"gold_gain":0,"player_choice":"Card Removal","damage_taken":7,"max_hp_gain":0,"max_hp_loss":0,"event_name":"Golden Wing","floor":5,"gold_loss":0},{"damage_healed":18,"gold_gain":0,"player_choice":"Healed","damage_taken":0,"max_hp_gain":0,"max_hp_loss":0,"event_name":"The Cleric","floor":10,"gold_loss":35}],"is_beta":false,"boss_relics":[],"items_purged_floors":[],"is_endless":false,"potions_floor_spawned":[6,13,14],"killed_by":"The Guardian","ascension_level":3}