{"gold_per_floor":[111,111,121,196,85,85,119,135,160,160],"floor_reached":10,"playtime":321,"items_purged":[],"score":92,"play_id":"f21ac9d7-3630-485e-9a5b-0d9bb396ad6a","local_time":"20190411165542","is_ascension_mode":true,"campfire_choices":[{"data":"Skewer","floor":6,"key":"SMITH"}],"neow_cost":"NONE","seed_source_timestamp":11729548242962,"circlet_count":0,"master_deck":["Defend_G","Defend_G","Defend_G","Defend_G","Defend_G","Strike_G","Strike_G","Strike_G","Strike_G","Strike_G","Survivor","Neutralize","Skewer+1","Quick Slash","Endless Agony","Caltrops","Poisoned Stab"],"relics":["Ring of the Snake","Dream Catcher","Lantern","Matryoshka","Pen Nib","Ancient Tea Set"],"potions_floor_usage":[10],"damage_taken":[{"damage":0,"enemies":"2 Louse","floor":1,"turns":3},{"damage":2,"enemies":"Jaw Worm","floor":3,"turns":4},{"damage":25,"enemies":"3 Sentries","floor":7,"turns":7},{"damage":0,"enemies":"Cultist","floor":8,"turns":2},{"damage":22,"enemies":"Lagavulin","floor":10,"turns":4}],"seed_played":"4404741818374350004","potions_obtained":[{"floor":1,"key":"LiquidBronze"},{"floor":7,"key":"SteroidPotion"}],"is_trial":false,"path_per_floor":["M","?","M","?","$","R","E","M","T","E"],"character_chosen":"THE_SILENT","items_purchased":["Endless Agony","Caltrops"],"campfire_rested":0,"item_purchase_floors":[5,5],"current_hp_per_floor":[63,60,58,47,47,47,22,22,22,0],"gold":160,"neow_bonus":"RANDOM_COMMON_RELIC","is_prod":false,"is_daily":false,"chose_seed":false,"campfire_upgraded":1,"win_rate":0,"timestamp":1555026942,"path_taken":["M","?","M","?","$","R","E","M","T","E"],"build_version":"2019-01-23","purchased_purges":0,"victory":false,"max_hp_per_floor":[70,70,70,70,70,70,70,70,70,70],"card_choices":[{"not_picked":["Heel Hook","Catalyst"],"picked":"Skewer","floor":1},{"not_picked":["Prepared","Cloak And Dagger"],"picked":"Quick Slash","floor":3},{"not_picked":["Reflex","Riddle With Holes"],"picked":"Poisoned Stab","floor":7},{"not_picked":["Deflect","Acrobatics","Escape Plan"],"picked":"SKIP","floor":8}],"player_experience":209589,"relics_obtained":[{"floor":7,"key":"Matryoshka"},{"floor":9,"key":"Pen Nib"},{"floor":9,"key":"Ancient Tea Set"}],"event_choices":[{"damage_healed":0,"gold_gain":0,"player_choice":"Success","damage_taken":3,"relics_obtained":["Lantern"],"max_hp_gain":0,"max_hp_loss":0,"event_name":"Scrap Ooze","floor":2,"gold_loss":0},{"damage_healed":0,"gold_gain":75,"player_choice":"Gather Gold","damage_taken":11,"max_hp_gain":0,"max_hp_loss":0,"event_name":"World of Goop","floor":4,"gold_loss":0}],"is_beta":false,"boss_relics":[],"items_purged_floors":[],"is_endless":false,"potions_floor_spawned":[1,7],"killed_by":"Lagavulin","ascension_level":8}