{"gold_per_floor":[119,130,150,163,163,163,196,196,242,285,285,285,318,7,7,128,128,153,171,192,215,240,275,293,293,320,359,5,21,21,21],"floor_reached":31,"playtime":1597,"items_purged":["Strike_B"],"score":370,"play_id":"2a798f12-1786-402b-a5a1-a68c49b529b6","local_time":"20180814101625","is_ascension_mode":true,"campfire_choices":[{"data":"Rainbow","floor":6,"key":"SMITH"},{"floor":8,"key":"REST"},{"floor":12,"key":"REST"},{"floor":15,"key":"REST"},{"floor":25,"key":"REST"}],"neow_cost":"NONE","seed_source_timestamp":68868524996158,"circlet_count":0,"master_deck":["Strike_B","Strike_B","Strike_B","Defend_B","Defend_B+1","Defend_B","Defend_B+1","Zap","Dualcast","Rainbow+1","All For One","Ball Lightning","Cold Snap","Go for the Eyes","Beam Cell","Sunder","Conserve Battery","Fission","Conserve Battery+1","Doom and Gloom+1","Conserve Battery","Ball Lightning","Capacitor","Gash","Hologram+1","Beam Cell","Doubt","Turbo","Gash","Fusion","Stack"],"relics":["Cracked Core","Golden Idol","Darkstone Periapt","Dream Catcher","War Paint","Ice Cream","Calipers","Cursed Key","Torii","Orichalcum","Peace Pipe","Bronze Scales"],"potions_floor_usage":[23,23,27,29,31],"damage_taken":[{"damage":0,"enemies":"Cultist","floor":1,"turns":4},{"damage":0,"enemies":"Small Slimes","floor":2,"turns":3},{"damage":2,"enemies":"2 Louse","floor":3,"turns":4},{"damage":5,"enemies":"Large Slime","floor":4,"turns":4},{"damage":32,"enemies":"Gremlin Nob","floor":7,"turns":4},{"damage":20,"enemies":"3 Sentries","floor":10,"turns":6},{"damage":15,"enemies":"Lagavulin","floor":13,"turns":6},{"damage":26,"enemies":"Slime Boss","floor":16,"turns":6},{"damage":2,"enemies":"Spheric Guardian","floor":18,"turns":4},{"damage":1,"enemies":"Shell Parasite","floor":19,"turns":6},{"damage":4,"enemies":"Snecko","floor":20,"turns":3},{"damage":40,"enemies":"Cultist and Chosen","floor":21,"turns":7},{"damage":0,"enemies":"Centurion and Healer","floor":22,"turns":5},{"damage":0,"enemies":"Gremlin Leader","floor":23,"turns":5},{"damage":12,"enemies":"Sentry and Sphere","floor":24,"turns":4},{"damage":31,"enemies":"Slavers","floor":27,"turns":5},{"damage":2,"enemies":"Chosen and Byrds","floor":29,"turns":6},{"damage":18,"enemies":"Book of Stabbing","floor":31,"turns":4}],"seed_played":"-5676765965972307876","potions_obtained":[{"floor":2,"key":"SteroidPotion"},{"floor":3,"key":"LiquidBronze"},{"floor":10,"key":"SneckoOil"},{"floor":19,"key":"Explosive Potion"},{"floor":20,"key":"Dexterity Potion"},{"floor":23,"key":"SkillPotion"},{"floor":29,"key":"Strength Potion"}],"is_trial":false,"path_per_floor":["M","M","M","M","?","R","E","R","T","E","?","R","E","$","R","B",null,"M","M","M","M","M","E","M","R","T","E","$","M","$"],"character_chosen":"DEFECT","items_purchased":["Calipers","Bronze Scales","Gash","Fusion","Fire Potion"],"campfire_rested":4,"item_purchase_floors":[14,28,28,28,28],"current_hp_per_floor":[75,75,73,68,50,50,18,40,40,20,25,49,34,34,58,32,80,78,77,73,33,33,33,21,45,51,20,20,18,18,0],"gold":21,"neow_bonus":"ONE_RANDOM_RARE_CARD","is_prod":false,"is_daily":false,"chose_seed":false,"campfire_upgraded":1,"win_rate":0,"timestamp":1534266985,"path_taken":["M","M","M","M","?","R","E","R","T","E","?","R","E","?","R","BOSS","M","?","M","M","M","E","M","R","T","E","$","M","$","E"],"build_version":"2018-08-09","purchased_purges":1,"victory":false,"max_hp_per_floor":[75,75,75,75,75,75,75,75,75,75,80,80,80,80,80,80,80,80,80,80,80,80,80,80,80,86,86,86,86,86,86],"card_choices":[{"not_picked":["Redo","Barrage","Stack"],"picked":"SKIP","floor":1},{"not_picked":["Stack","Rebound","Barrage"],"picked":"SKIP","floor":2},{"not_picked":["Stack","Coolheaded"],"picked":"All For One","floor":3},{"not_picked":["Chaos","Fusion"],"picked":"Ball Lightning","floor":4},{"not_picked":["Barrage","Leap"],"picked":"Cold Snap","floor":7},{"not_picked":["BootSequence","Storm"],"picked":"Go for the Eyes","floor":10},{"not_picked":["Blizzard","Compile Driver"],"picked":"Beam Cell","floor":12},{"not_picked":["Steam Power","Hologram"],"picked":"Sunder","floor":13},{"not_picked":["Melter","Stack"],"picked":"Conserve Battery","floor":15},{"not_picked":["Machine Learning","Rainbow"],"picked":"Fission","floor":16},{"not_picked":["Compile Driver","Stack"],"picked":"Conserve Battery+1","floor":18},{"not_picked":["Lockon","Stack"],"picked":"Doom and Gloom+1","floor":19},{"not_picked":["Coolheaded","Loop"],"picked":"Conserve Battery","floor":20},{"not_picked":["Aggregate+1","Blizzard"],"picked":"Ball Lightning","floor":21},{"not_picked":["Force Field","White Noise"],"picked":"Capacitor","floor":22},{"not_picked":["Rip and Tear","Reprogram+1"],"picked":"Gash","floor":23},{"not_picked":["Buffer","Sweeping Beam+1"],"picked":"Hologram+1","floor":24},{"not_picked":["Cold Snap","Hello World"],"picked":"Beam Cell","floor":25},{"not_picked":["Force Field","Machine Learning"],"picked":"Turbo","floor":27},{"not_picked":["Ball Lightning","Streamline+1"],"picked":"Stack","floor":29}],"player_experience":54293,"relics_obtained":[{"floor":7,"key":"Darkstone Periapt"},{"floor":9,"key":"Dream Catcher"},{"floor":10,"key":"War Paint"},{"floor":13,"key":"Ice Cream"},{"floor":23,"key":"Torii"},{"floor":26,"key":"Orichalcum"},{"floor":27,"key":"Peace Pipe"}],"event_choices":[{"event_name":"Golden Idol","player_choice":"Take Damage","floor":5,"damage_taken":0},{"event_name":"Big Fish","player_choice":"Donut","floor":11,"damage_taken":0}],"is_beta":false,"boss_relics":[{"not_picked":["FrozenCore","Runic Pyramid"],"picked":"Cursed Key"}],"items_purged_floors":[28],"is_endless":false,"potions_floor_spawned":[2,3,10,13,19,20,23,29],"killed_by":"Book of Stabbing","ascension_level":3}