{"gold_per_floor":[219,239,254,269,53,78,78,109,109,127,5,80,91,103,103,206,206,219,232,243,261,261,261,287,287,313,345,345,379,409,424,424,520,520,535,550,117,133,133,133,159,188,227,273,285,297,326,372,384,396,408,420,79,110,110],"floor_reached":55,"playtime":4348,"items_purged":["Strike_R","Strike_R"],"score":1212,"play_id":"6df506f7-59fe-4af8-8ab0-111485451346","local_time":"20190417220715","is_ascension_mode":true,"campfire_choices":[{"floor":7.0,"key":"REST"},{"data":"Demon Form","floor":15.0,"key":"SMITH"},{"floor":23.0,"key":"REST"},{"data":"Bash","floor":25.0,"key":"SMITH"},{"floor":28.0,"key":"REST"},{"floor":32.0,"key":"REST"},{"floor":40,"key":"RECALL"},{"data":"Pummel","floor":45,"key":"SMITH"},{"data":"Shrug It Off","floor":49,"key":"SMITH"},{"floor":52,"key":"REST"}],"neow_cost":"NONE","seed_source_timestamp":0,"circlet_count":0,"master_deck":["Defend_R","Defend_R","Bash+1","Clothesline+1","Headbutt+1","Clash","Shrug It Off+1","Offering","Battle Trance+1","Demon Form+1","Shockwave+1","True Grit+1","Shrug It Off+1","Offering+1","Exhume+1","Corruption+1","Disarm+1","Cleave+1","Seeing Red+1","Entrench+1","Infernal Blade+1","Power Through+1","Warcry+1","Reaper","Violence+1","Pummel+1","Infernal Blade+1","Pummel+1"],"special_seed":0,"relics":["Black Blood","Orichalcum","Toxic Egg 2","Gremlin Horn","The Courier","Astrolabe","Pen Nib","Whetstone","Bottled Tornado","Juzu Bracelet","Red Mask","ClockworkSouvenir","MawBank","Centennial Puzzle","Boot","Ginger","Bottled Flame"],"potions_floor_usage":[41,50,50,55,55,55],"damage_taken":[{"damage":12.0,"enemies":"Jaw Worm","floor":1.0,"turns":3.0},{"damage":7.0,"enemies":"Small Slimes","floor":2.0,"turns":3.0},{"damage":1.0,"enemies":"Cultist","floor":3.0,"turns":3.0},{"damage":12.0,"enemies":"Exordium Wildlife","floor":4.0,"turns":3.0},{"damage":22.0,"enemies":"3 Sentries","floor":6.0,"turns":8.0},{"damage":20.0,"enemies":"Lagavulin","floor":8.0,"turns":5.0},{"damage":4.0,"enemies":"Red Slaver","floor":10.0,"turns":4.0},{"damage":4.0,"enemies":"Looter","floor":13.0,"turns":3.0},{"damage":6.0,"enemies":"2 Fungi Beasts","floor":14.0,"turns":2.0},{"damage":20.0,"enemies":"Hexaghost","floor":16.0,"turns":7.0},{"damage":21.0,"enemies":"Spheric Guardian","floor":18.0,"turns":4.0},{"damage":10.0,"enemies":"3 Byrds","floor":19.0,"turns":4.0},{"damage":6.0,"enemies":"3 Cultists","floor":20.0,"turns":4.0},{"damage":12.0,"enemies":"Snake Plant","floor":21.0,"turns":4.0},{"damage":21.0,"enemies":"Book of Stabbing","floor":24.0,"turns":5.0},{"damage":31.0,"enemies":"Slavers","floor":27.0,"turns":4.0},{"damage":6.0,"enemies":"Gremlin Leader","floor":29.0,"turns":5.0},{"damage":6.0,"enemies":"Masked Bandits","floor":30.0,"turns":2.0},{"damage":26.0,"enemies":"Shelled Parasite and Fungi","floor":31.0,"turns":3.0},{"damage":45.0,"enemies":"Automaton","floor":33.0,"turns":8.0},{"damage":12,"enemies":"Orb Walker","floor":35,"turns":4},{"damage":16,"enemies":"3 Shapes","floor":36,"turns":4},{"damage":20,"enemies":"3 Darklings","floor":38,"turns":3},{"damage":22,"enemies":"Reptomancer","floor":41,"turns":3},{"damage":34,"enemies":"4 Shapes","floor":42,"turns":3},{"damage":21,"enemies":"Giant Head","floor":44,"turns":3},{"damage":12,"enemies":"Maw","floor":47,"turns":5},{"damage":18,"enemies":"Reptomancer","floor":48,"turns":3},{"damage":92,"enemies":"Awakened One","floor":50,"turns":10},{"damage":44,"enemies":"Shield and Spear","floor":54,"turns":4},{"damage":117,"enemies":"The Heart","floor":55,"turns":8}],"seed_played":"5831949130459331108","potions_obtained":[{"floor":3.0,"key":"Poison Potion"},{"floor":6.0,"key":"Strength Potion"},{"floor":8.0,"key":"Fire Potion"},{"floor":10.0,"key":"Strength Potion"},{"floor":13.0,"key":"GamblersBrew"},{"floor":18.0,"key":"SpeedPotion"},{"floor":19.0,"key":"Block Potion"},{"floor":21.0,"key":"AttackPotion"},{"floor":24.0,"key":"SpeedPotion"},{"floor":29.0,"key":"Swift Potion"},{"floor":31.0,"key":"Ancient Potion"},{"floor":36,"key":"Dexterity Potion"},{"floor":38,"key":"GamblersBrew"},{"floor":44,"key":"Poison Potion"}],"is_trial":false,"path_per_floor":["M","M","M","M","$","E","R","E","T","M","$","?","M","M","R","B",null,"M","M","M","M","?","R","E","R","T","E","R","E","?","M","R","B",null,"M","M","$","M","?","R","E","M","T","E","R","?","M","E","R","B",null,"R","$","E","B"],"character_chosen":"IRONCLAD","items_purchased":["Offering","Orichalcum","Shockwave+1","Violence+1","Pummel","ClockworkSouvenir","Ginger","LiquidBronze","FearPotion"],"campfire_rested":5,"item_purchase_floors":[5,5,11,37,37,37,53,53,53],"current_hp_per_floor":[66,65,70,64,64,48,72,58,58,60,60,49,51,51,51,37,69,54,50,50,44,44,68,53,53,53,28,52,52,52,32,56,17,64,73,80,80,80,80,80,74,80,80,80,80,80,80,78,78,31,68,80,80,58,0],"gold":110,"neow_bonus":"HUNDRED_GOLD","is_prod":false,"is_daily":false,"chose_seed":false,"campfire_upgraded":4,"win_rate":0,"timestamp":1555506435,"path_taken":["M","M","M","M","$","E","R","E","T","M","$","?","M","M","R","BOSS","M","M","M","M","?","R","E","R","T","E","R","E","?","M","R","BOSS","M","M","$","M","?","R","E","M","T","E","R","?","M","E","R","BOSS","R","$","E","BOSS"],"build_version":"2019-01-23","purchased_purges":2,"victory":false,"max_hp_per_floor":[80,80,80,80,80,80,80,80,80,80,80,80,80,80,80,80,80,80,80,80,80,80,80,80,80,80,80,80,80,80,80,80,80,80,80,80,80,80,80,80,80,80,80,80,80,80,80,80,80,80,80,80,80,80,80],"card_choices":[{"not_picked":["Iron Wave","Seeing Red"],"picked":"Clothesline","floor":1.0},{"not_picked":["Shrug It Off","Clothesline"],"picked":"Headbutt","floor":2.0},{"not_picked":["Combust","Twin Strike"],"picked":"Clash","floor":3.0},{"not_picked":["Metallicize","Body Slam"],"picked":"Shrug It Off","floor":4.0},{"not_picked":["Thunderclap","Headbutt"],"picked":"Battle Trance","floor":6.0},{"not_picked":["Reckless Charge","Cleave","Headbutt"],"picked":"SKIP","floor":8.0},{"not_picked":["Fire Breathing","Twin Strike"],"picked":"Demon Form","floor":10.0},{"not_picked":["Corruption","Clothesline"],"picked":"True Grit+1","floor":13.0},{"not_picked":["Wild Strike","Havoc+1"],"picked":"Shrug It Off+1","floor":14.0},{"not_picked":["Dark Embrace","Demon Form"],"picked":"Offering+1","floor":16.0},{"not_picked":["Rupture+1","Ghostly Armor+1"],"picked":"Cleave+1","floor":18.0},{"not_picked":["Evolve","Clash","True Grit+1"],"picked":"SKIP","floor":19.0},{"not_picked":["Clash","Iron Wave"],"picked":"Seeing Red+1","floor":20.0},{"not_picked":["Clothesline","Wild Strike","Carnage"],"picked":"SKIP","floor":21.0},{"not_picked":["Thunderclap","Reckless Charge+1","Armaments+1"],"picked":"SKIP","floor":24.0},{"not_picked":["Entrench+1","Fire Breathing"],"picked":"Infernal Blade+1","floor":27.0},{"not_picked":["Armaments+1","True Grit+1","Shrug It Off+1"],"picked":"SKIP","floor":29.0},{"not_picked":["Twin Strike","Infernal Blade+1"],"picked":"Power Through+1","floor":30.0},{"not_picked":["Wild Strike","Headbutt+1"],"picked":"Warcry+1","floor":31.0},{"not_picked":["Feed","Juggernaut"],"picked":"Reaper","floor":33.0},{"not_picked":["Twin Strike+1","Perfected Strike","Headbutt"],"picked":"SKIP","floor":35},{"not_picked":["Entrench+1","True Grit+1","Thunderclap"],"picked":"SKIP","floor":36},{"not_picked":["Rage+1","Clash","Heavy Blade"],"picked":"SKIP","floor":38},{"not_picked":["Shockwave+1","Intimidate+1","Carnage+1"],"picked":"SKIP","floor":41},{"not_picked":["Sever Soul+1","Perfected Strike+1","Headbutt"],"picked":"SKIP","floor":42},{"not_picked":["Dropkick+1","True Grit+1","Rage+1"],"picked":"SKIP","floor":44},{"not_picked":["Pommel Strike+1","Barricade","Clash+1"],"picked":"SKIP","floor":47},{"not_picked":["Iron Wave+1","Hemokinesis"],"picked":"Infernal Blade+1","floor":48},{"not_picked":["Body Slam","Entrench+1"],"picked":"Pummel+1","floor":54}],"player_experience":351458,"relics_obtained":[{"floor":6.0,"key":"Toxic Egg 2"},{"floor":8.0,"key":"Gremlin Horn"},{"floor":9.0,"key":"The Courier"},{"floor":24.0,"key":"Pen Nib"},{"floor":26.0,"key":"Whetstone"},{"floor":27.0,"key":"Bottled Tornado"},{"floor":29.0,"key":"Juzu Bracelet"},{"floor":30.0,"key":"Red Mask"},{"floor":41,"key":"MawBank"},{"floor":44,"key":"Centennial Puzzle"},{"floor":48,"key":"Boot"},{"floor":54,"key":"Bottled Flame"}],"event_choices":[{"damage_healed":0.0,"max_hp_gain":0.0,"max_hp_loss":0.0,"gold_gain":75.0,"event_name":"World of Goop","player_choice":"Gather Gold","floor":12.0,"gold_loss":0.0,"damage_taken":11.0},{"damage_healed":0.0,"max_hp_gain":0.0,"max_hp_loss":0.0,"gold_gain":0.0,"cards_transformed":["Strike_R"],"event_name":"Transmorgrifier","player_choice":"Transformed","floor":22.0,"gold_loss":0.0,"damage_taken":0.0,"cards_obtained":["Entrench"]},{"damage_healed":0.0,"max_hp_gain":0.0,"max_hp_loss":0.0,"gold_gain":0.0,"event_name":"Masked Bandits","player_choice":"Fought Bandits","floor":30.0,"gold_loss":0.0,"damage_taken":0.0},{"cards_removed":["Defend_R"],"damage_healed":0,"gold_gain":0,"player_choice":"Removed Skill","damage_taken":0,"max_hp_gain":0,"max_hp_loss":0,"event_name":"Falling","floor":39,"gold_loss":0},{"damage_healed":0,"gold_gain":0,"player_choice":"0 cards matched","damage_taken":0,"max_hp_gain":0,"max_hp_loss":0,"event_name":"Match and Keep!","floor":46,"gold_loss":0,"cards_obtained":[]}],"is_beta":false,"boss_relics":[{"not_picked":["Runic Cube","White Beast Statue"],"picked":"Astrolabe"},{"not_picked":["Calling Bell","Black Star"],"picked":"Black Blood"}],"items_purged_floors":[11,37],"is_endless":false,"potions_floor_spawned":[3,6,8,10,13,18,19,21,24,29,31,36,38,44,54],"killed_by":"The Heart","ascension_level":7}