{"gold_per_floor":[113,113,138,138,118,118,157,171,197,210,210,225,225,238,238,328,328,353,353,478,478],"floor_reached":21,"playtime":935,"items_purged":[],"score":401,"play_id":"1764e47c-29d6-4b5b-91d2-622970ad0b64","local_time":"20190503122829","is_ascension_mode":true,"campfire_choices":[{"floor":6,"key":"REST"},{"data":"Malaise","floor":11,"key":"SMITH"},{"data":"Neutralize","floor":13,"key":"SMITH"},{"data":"Noxious Fumes","floor":15,"key":"SMITH"}],"neow_cost":"NONE","seed_source_timestamp":1732018990628349,"circlet_count":0,"master_deck":["AscendersBane","Defend_G+1","Defend_G","Defend_G","Defend_G","Defend_G","Strike_G","Strike_G","Strike_G","Strike_G","Strike_G","Survivor+1","Neutralize+1","Deadly Poison","Noxious Fumes+1","Malaise+1","PiercingWail","Poisoned Stab","Night Terror","Dodge and Roll","Catalyst"],"relics":["Ring of the Snake","Golden Idol","Bronze Scales","PreservedInsect","Sozu","Tingsha","Meat on the Bone"],"potions_floor_usage":[7,20,20],"damage_taken":[{"damage":2,"enemies":"Small Slimes","floor":1,"turns":5},{"damage":0,"enemies":"2 Louse","floor":3,"turns":3},{"damage":12,"enemies":"Gremlin Nob","floor":7,"turns":4},{"damage":0,"enemies":"Cultist","floor":8,"turns":5},{"damage":0,"enemies":"Exordium Wildlife","floor":10,"turns":5},{"damage":0,"enemies":"2 Fungi Beasts","floor":12,"turns":4},{"damage":0,"enemies":"Looter","floor":14,"turns":4},{"damage":0,"enemies":"Hexaghost","floor":16,"turns":10},{"damage":0,"enemies":"Shell Parasite","floor":18,"turns":5},{"damage":30,"enemies":"Colosseum Slavers","floor":20,"turns":7},{"damage":17,"enemies":"Colosseum Nobs","floor":20,"turns":5},{"damage":15,"enemies":"3 Byrds","floor":21,"turns":2}],"seed_played":"-8741014816827638805","potions_obtained":[{"floor":3,"key":"Ancient Potion"},{"floor":5,"key":"SkillPotion"},{"floor":7,"key":"Fire Potion"},{"floor":16,"key":"Strength Potion"}],"is_trial":false,"path_per_floor":["M","?","M","?","?","R","E","M","T","M","R","M","R","M","R","B",null,"M","?","?","M"],"character_chosen":"THE_SILENT","items_purchased":[],"campfire_rested":1,"item_purchase_floors":[],"current_hp_per_floor":[63,38,38,16,16,37,25,25,25,25,25,25,25,25,25,25,60,60,60,13,0],"gold":478,"neow_bonus":"TEN_PERCENT_HP_BONUS","is_prod":false,"is_daily":false,"chose_seed":false,"campfire_upgraded":3,"win_rate":0,"timestamp":1556911709,"path_taken":["M","?","M","?","?","R","E","M","T","?","R","M","R","M","R","BOSS","M","?","?","M"],"build_version":"2019-01-23","purchased_purges":0,"victory":false,"max_hp_per_floor":[72,72,72,72,72,72,72,72,72,72,72,72,72,72,72,72,72,72,72,72,72],"card_choices":[{"not_picked":["Underhanded Strike","Predator"],"picked":"Deadly Poison","floor":1},{"not_picked":["Eviscerate","Dodge and Roll"],"picked":"Noxious Fumes","floor":3},{"not_picked":["Eviscerate","Blade Dance"],"picked":"Malaise","floor":7},{"not_picked":["Flechettes","Dagger Spray"],"picked":"PiercingWail","floor":8},{"not_picked":["Prepared","Riddle With Holes"],"picked":"Poisoned Stab","floor":10},{"not_picked":["Setup","Finisher","Slice"],"picked":"SKIP","floor":12},{"not_picked":["Deflect","Prepared","Outmaneuver"],"picked":"SKIP","floor":14},{"not_picked":["Unload","A Thousand Cuts"],"picked":"Night Terror","floor":16},{"not_picked":["Dagger Throw","All Out Attack"],"picked":"Dodge and Roll","floor":18}],"player_experience":385299,"relics_obtained":[{"floor":7,"key":"Bronze Scales"},{"floor":9,"key":"PreservedInsect"},{"floor":20,"key":"Tingsha"},{"floor":20,"key":"Meat on the Bone"}],"event_choices":[{"damage_healed":0,"gold_gain":0,"player_choice":"Take Damage","damage_taken":25,"relics_obtained":["Golden Idol"],"max_hp_gain":0,"max_hp_loss":0,"event_name":"Golden Idol","floor":2,"gold_loss":0},{"damage_healed":0,"gold_gain":0,"player_choice":"Entered Light","damage_taken":22,"max_hp_gain":0,"max_hp_loss":0,"event_name":"Shining Light","floor":4,"gold_loss":0,"cards_upgraded":["Survivor","Defend_G"]},{"damage_healed":0,"gold_gain":0,"player_choice":"Bought 1 Potion","damage_taken":0,"max_hp_gain":0,"max_hp_loss":0,"event_name":"The Woman in Blue","floor":5,"gold_loss":0},{"damage_healed":0,"gold_gain":0,"player_choice":"Read","damage_taken":0,"max_hp_gain":0,"max_hp_loss":0,"event_name":"The Library","floor":19,"gold_loss":0,"cards_obtained":["Catalyst"]},{"damage_healed":0,"gold_gain":0,"player_choice":"Fight","damage_taken":0,"max_hp_gain":0,"max_hp_loss":0,"event_name":"Colosseum","floor":20,"gold_loss":0},{"damage_healed":0,"gold_gain":0,"player_choice":"Fought Nobs","damage_taken":0,"max_hp_gain":0,"max_hp_loss":0,"event_name":"Colosseum","floor":20,"gold_loss":0}],"is_beta":false,"boss_relics":[{"not_picked":["Empty Cage","Calling Bell"],"picked":"Sozu"}],"items_purged_floors":[],"is_endless":false,"potions_floor_spawned":[3,7,10,16],"killed_by":"3 Byrds","ascension_level":15}