{"gold_per_floor":[118,129,129,129,143,178,197,197,246,271,271,283,302,54,54,158,158,178,189,204,215,265,265,285,298,298,298,348,378,428,438,438,535,535,552,531,581,238,255,284,299,299,299,299],"floor_reached":44,"playtime":2807,"items_purged":[],"score":654,"play_id":"085c5049-bd57-4400-b433-2b2258ed277d","local_time":"20190415193809","is_ascension_mode":true,"campfire_choices":[{"data":"Blade Dance","floor":8,"key":"SMITH"},{"data":"Blade Dance","floor":11,"key":"SMITH"},{"data":"Footwork","floor":15,"key":"SMITH"},{"floor":23,"key":"REST"},{"floor":27,"key":"REST"},{"floor":32,"key":"REST"},{"data":"Choke","floor":42,"key":"SMITH"}],"neow_cost":"NONE","seed_source_timestamp":506162484238900,"circlet_count":0,"master_deck":["Defend_G+1","Defend_G+1","Defend_G+1","Defend_G+1","Defend_G+1","Strike_G+1","Strike_G+1","Survivor","Neutralize+1","Dash+1","Well Laid Plans+1","Storm of Steel+1","Calculated Gamble","Calculated Gamble","Regret","Acrobatics","Blade Dance+1","Blade Dance+1","Flying Knee","Footwork+1","Backstab","Phantasmal Killer","Backstab","Choke+1","Footwork","Underhanded Strike+1","Reflex+1","Distraction+1","Accuracy+1","Cloak And Dagger+1","Tools of the Trade","Outmaneuver+1","Madness","Madness","Underhanded Strike+1","Infinite Blades","Sucker Punch+1"],"relics":["Astrolabe","Mercury Hourglass","SsserpentHead","PreservedInsect","Whetstone","Juzu Bracelet","Bottled Tornado","Sozu","Enchiridion","Meat on the Bone","Darkstone Periapt","MutagenicStrength","WristBlade","Gremlin Horn","Vajra","ClockworkSouvenir","Ancient Tea Set"],"potions_floor_usage":[6,6,24],"damage_taken":[{"damage":4,"enemies":"2 Louse","floor":1,"turns":4},{"damage":4,"enemies":"Small Slimes","floor":2,"turns":5},{"damage":0,"enemies":"Cultist","floor":5,"turns":3},{"damage":17,"enemies":"Gremlin Nob","floor":6,"turns":4},{"damage":0,"enemies":"3 Louse","floor":7,"turns":2},{"damage":10,"enemies":"Lagavulin","floor":10,"turns":5},{"damage":0,"enemies":"Large Slime","floor":12,"turns":3},{"damage":5,"enemies":"Red Slaver","floor":13,"turns":2},{"damage":2,"enemies":"The Guardian","floor":16,"turns":13},{"damage":23,"enemies":"2 Thieves","floor":18,"turns":5},{"damage":6,"enemies":"Spheric Guardian","floor":19,"turns":3},{"damage":22,"enemies":"Snecko","floor":20,"turns":4},{"damage":2,"enemies":"Chosen and Byrds","floor":21,"turns":4},{"damage":11,"enemies":"Snake Plant","floor":24,"turns":4},{"damage":2,"enemies":"Snecko","floor":25,"turns":3},{"damage":0,"enemies":"Gremlin Leader","floor":29,"turns":4},{"damage":0,"enemies":"Cultist and Chosen","floor":31,"turns":4},{"damage":46,"enemies":"Collector","floor":33,"turns":8},{"damage":32,"enemies":"3 Darklings","floor":35,"turns":3},{"damage":1,"enemies":"3 Shapes","floor":39,"turns":2},{"damage":32,"enemies":"Reptomancer","floor":40,"turns":4},{"damage":3,"enemies":"3 Darklings","floor":41,"turns":2},{"damage":31,"enemies":"Jaw Worm Horde","floor":44,"turns":2}],"seed_played":"-1142067075808045051","potions_obtained":[{"floor":1,"key":"Weak Potion"},{"floor":5,"key":"EssenceOfSteel"},{"floor":6,"key":"GamblersBrew"}],"is_trial":false,"path_per_floor":["M","M","?","?","M","E","M","R","T","E","R","M","M","$","R","B",null,"M","M","M","M","?","R","M","M","T","R","?","E","?","M","R","B",null,"M","?","?","$","M","E","M","R","T","M"],"character_chosen":"THE_SILENT","items_purchased":["Bottled Tornado","Vajra","ClockworkSouvenir"],"campfire_rested":3,"item_purchase_floors":[14,38,38],"current_hp_per_floor":[66,62,62,62,62,45,45,45,45,35,35,35,30,30,30,28,70,47,41,19,17,1,22,11,9,9,30,30,42,42,42,63,29,70,38,38,29,29,40,20,29,29,29,0],"gold":299,"neow_bonus":"BOSS_RELIC","is_prod":false,"is_daily":false,"chose_seed":false,"campfire_upgraded":4,"win_rate":0,"timestamp":1555349889,"path_taken":["M","M","?","?","M","E","M","R","T","E","R","M","M","$","R","BOSS","M","M","M","M","?","R","M","M","T","R","?","E","?","M","R","BOSS","M","?","?","$","M","E","M","R","T","M"],"build_version":"2019-01-23","purchased_purges":0,"victory":false,"max_hp_per_floor":[70,70,70,70,70,70,70,70,70,70,70,70,70,70,70,70,70,70,70,70,70,70,70,70,70,70,70,70,70,70,70,70,70,70,70,70,70,70,70,70,70,70,70,70],"card_choices":[{"not_picked":["Deadly Poison","Flying Knee"],"picked":"Calculated Gamble","floor":1},{"not_picked":["Dagger Spray","Blade Dance"],"picked":"Calculated Gamble","floor":2},{"not_picked":["Flying Knee","Die Die Die"],"picked":"Acrobatics","floor":5},{"not_picked":["Distraction","Accuracy"],"picked":"Blade Dance","floor":6},{"not_picked":["Distraction","Dagger Spray"],"picked":"Blade Dance","floor":7},{"not_picked":["Poisoned Stab","Corpse Explosion"],"picked":"Flying Knee","floor":10},{"not_picked":["Flying Knee","Outmaneuver"],"picked":"Footwork","floor":12},{"not_picked":["Predator","Underhanded Strike"],"picked":"Backstab","floor":13},{"not_picked":["Venomology","Doppelganger"],"picked":"Phantasmal Killer","floor":16},{"not_picked":["Skewer","Setup+1"],"picked":"Backstab","floor":18},{"not_picked":["Deadly Poison","Masterful Stab"],"picked":"Choke","floor":19},{"not_picked":["Dagger Spray","Blade Dance"],"picked":"Footwork","floor":20},{"not_picked":["Acrobatics","Prepared"],"picked":"Underhanded Strike+1","floor":21},{"not_picked":["Slice+1","Flying Knee+1"],"picked":"Reflex+1","floor":24},{"not_picked":["Infinite Blades","Malaise"],"picked":"Distraction+1","floor":25},{"not_picked":["Flying Knee+1","Cloak And Dagger+1"],"picked":"Accuracy+1","floor":29},{"not_picked":["Heel Hook","Choke"],"picked":"Cloak And Dagger+1","floor":31},{"not_picked":["Phantasmal Killer","Corpse Explosion"],"picked":"Tools of the Trade","floor":33},{"not_picked":["Escape Plan+1","PiercingWail"],"picked":"Outmaneuver+1","floor":35},{"not_picked":["Choke","Quick Slash+1"],"picked":"Underhanded Strike+1","floor":39},{"not_picked":["Backflip","Outmaneuver"],"picked":"Infinite Blades","floor":40},{"not_picked":["Doppelganger","PiercingWail"],"picked":"Sucker Punch+1","floor":41}],"player_experience":464304,"relics_obtained":[{"floor":6,"key":"PreservedInsect"},{"floor":9,"key":"Whetstone"},{"floor":10,"key":"Juzu Bracelet"},{"floor":22,"key":"Enchiridion"},{"floor":26,"key":"Meat on the Bone"},{"floor":29,"key":"Darkstone Periapt"},{"floor":40,"key":"Ancient Tea Set"}],"event_choices":[{"damage_healed":0,"gold_gain":0,"player_choice":"Box","damage_taken":0,"relics_obtained":["Mercury Hourglass"],"max_hp_gain":0,"max_hp_loss":0,"event_name":"Big Fish","floor":3,"gold_loss":0,"cards_obtained":["Regret"]},{"damage_healed":0,"gold_gain":0,"player_choice":"Trade","damage_taken":0,"relics_obtained":["SsserpentHead"],"max_hp_gain":0,"max_hp_loss":0,"event_name":"FaceTrader","floor":4,"gold_loss":0},{"damage_healed":0,"gold_gain":0,"player_choice":"Obtained Book","damage_taken":16,"max_hp_gain":0,"max_hp_loss":0,"event_name":"Cursed Tome","floor":22,"gold_loss":0},{"damage_healed":0,"gold_gain":0,"player_choice":"Simplicity","damage_taken":0,"max_hp_gain":0,"max_hp_loss":0,"event_name":"Back to Basics","floor":28,"gold_loss":0,"cards_upgraded":["Defend_G","Defend_G","Defend_G","Defend_G","Defend_G","Strike_G"]},{"damage_healed":0,"gold_gain":0,"player_choice":"Inject Mutagens","damage_taken":0,"relics_obtained":["MutagenicStrength"],"max_hp_gain":0,"max_hp_loss":0,"event_name":"Drug Dealer","floor":30,"gold_loss":0},{"damage_healed":0,"gold_gain":0,"player_choice":"Paid Gold","damage_taken":0,"relics_obtained":["Gremlin Horn"],"max_hp_gain":0,"max_hp_loss":0,"event_name":"WeMeetAgain","floor":36,"gold_loss":71},{"damage_healed":0,"gold_gain":0,"player_choice":"Embrace Madness","damage_taken":9,"max_hp_gain":0,"max_hp_loss":0,"event_name":"Winding Halls","floor":37,"gold_loss":0,"cards_obtained":["Madness","Madness"]}],"is_beta":false,"boss_relics":[{"not_picked":["Ectoplasm","Orrery"],"picked":"Sozu"},{"not_picked":["Black Star","White Beast Statue"],"picked":"WristBlade"}],"items_purged_floors":[],"is_endless":false,"potions_floor_spawned":[1,5,6,19,25,29,33,35,40,41],"killed_by":"Jaw Worm Horde","ascension_level":3}