{"gold_per_floor":[111,36,36,49,49,49,81,81,105,105,130,130,153,171,171,248,248,248,25,25,25,25,25,25,25,25,25,25,25,25,25,25,25],"floor_reached":33,"playtime":1262,"items_purged":[],"score":603,"play_id":"797e4edc-5f1c-4c69-b432-98f5a5b513c6","local_time":"20190505085755","is_ascension_mode":true,"campfire_choices":[{"data":"Bash","floor":6,"key":"SMITH"},{"data":"Twin Strike","floor":8,"key":"SMITH"},{"floor":10,"key":"REST"},{"data":"Anger","floor":12,"key":"SMITH"},{"floor":15,"key":"REST"},{"data":"Heavy Blade","floor":24,"key":"SMITH"},{"floor":27,"key":"REST"},{"floor":32,"key":"REST"}],"neow_cost":"NONE","seed_source_timestamp":141568938632488,"circlet_count":0,"master_deck":["AscendersBane","Strike_R","Strike_R","Strike_R","Strike_R","Defend_R","Defend_R","Defend_R","Defend_R","Bash+1","Twin Strike+1","Battle Trance","Warcry","Anger+1","Shrug It Off","Fiend Fire","Heavy Blade+1","Spot Weakness","Headbutt","Ghostly Armor","Flame Barrier"],"relics":["Burning Blood","Kunai","Orichalcum","Red Skull","Omamori","Vajra","Ectoplasm","Sling","Happy Flower","Blood Vial","Potion Belt","Bottled Flame"],"potions_floor_usage":[23,23,25,31,33,33],"damage_taken":[{"damage":14,"enemies":"Jaw Worm","floor":1,"turns":4},{"damage":2,"enemies":"Cultist","floor":4,"turns":4},{"damage":34,"enemies":"Gremlin Nob","floor":7,"turns":4},{"damage":28,"enemies":"Lagavulin","floor":11,"turns":5},{"damage":3,"enemies":"Small Slimes","floor":14,"turns":2},{"damage":22,"enemies":"The Guardian","floor":16,"turns":12},{"damage":20,"enemies":"Shell Parasite","floor":18,"turns":4},{"damage":27,"enemies":"Chosen","floor":20,"turns":4},{"damage":5,"enemies":"Slavers","floor":23,"turns":4},{"damage":13,"enemies":"Book of Stabbing","floor":25,"turns":3},{"damage":29,"enemies":"Slavers","floor":29,"turns":4},{"damage":11,"enemies":"Sentry and Sphere","floor":30,"turns":4},{"damage":18,"enemies":"Snake Plant","floor":31,"turns":2},{"damage":86,"enemies":"Automaton","floor":33,"turns":6}],"seed_played":"1113841481268741055","potions_obtained":[{"floor":16,"key":"FearPotion"},{"floor":21,"key":"SkillPotion"},{"floor":23,"key":"Block Potion"},{"floor":29,"key":"SteroidPotion"},{"floor":30,"key":"PowerPotion"},{"floor":31,"key":"Weak Potion"}],"is_trial":false,"path_per_floor":["M","?","$","M","?","R","E","R","T","R","E","R","T","M","R","B",null,"M","$","M","?","$","E","R","E","T","R","$","E","M","M","R","B"],"character_chosen":"IRONCLAD","items_purchased":["Sling"],"campfire_rested":4,"item_purchase_floors":[19],"current_hp_per_floor":[67,67,67,71,53,53,25,25,25,49,27,27,27,30,54,38,71,57,57,36,36,36,37,37,30,30,54,54,33,30,20,44,0],"gold":25,"neow_bonus":"TEN_PERCENT_HP_BONUS","is_prod":false,"is_daily":false,"chose_seed":false,"campfire_upgraded":4,"win_rate":0,"timestamp":1557071875,"path_taken":["M","?","$","M","?","R","E","R","T","R","E","R","?","M","R","BOSS","M","$","M","?","$","E","R","E","T","R","?","E","M","M","R","BOSS"],"build_version":"2019-01-23","purchased_purges":0,"victory":false,"max_hp_per_floor":[82,82,82,82,82,82,82,82,82,82,82,82,82,82,82,82,82,82,82,82,82,82,82,82,82,82,82,82,82,82,82,82,82],"card_choices":[{"not_picked":["Heavy Blade","Searing Blow"],"picked":"Twin Strike","floor":1},{"not_picked":["Heavy Blade","Headbutt"],"picked":"Battle Trance","floor":4},{"not_picked":["Sword Boomerang","Entrench"],"picked":"Warcry","floor":7},{"not_picked":["Hemokinesis","Juggernaut"],"picked":"Anger","floor":11},{"not_picked":["Pommel Strike","Flex"],"picked":"Shrug It Off","floor":14},{"not_picked":["Juggernaut","Dark Embrace"],"picked":"Fiend Fire","floor":16},{"not_picked":["True Grit","Pommel Strike"],"picked":"Heavy Blade","floor":18},{"not_picked":["Sever Soul","Cleave","Ghostly Armor"],"picked":"SKIP","floor":20},{"not_picked":["Searing Blow","Havoc"],"picked":"Spot Weakness","floor":23},{"not_picked":["Rage","Burning Pact"],"picked":"Headbutt","floor":25},{"not_picked":["Brutality","Uppercut"],"picked":"Ghostly Armor","floor":29},{"not_picked":["Clothesline","Shrug It Off"],"picked":"Flame Barrier","floor":30},{"not_picked":["Flex","Sentinel","Second Wind"],"picked":"SKIP","floor":31}],"player_experience":551049,"relics_obtained":[{"floor":7,"key":"Orichalcum"},{"floor":9,"key":"Red Skull"},{"floor":11,"key":"Omamori"},{"floor":13,"key":"Vajra"},{"floor":23,"key":"Happy Flower"},{"floor":25,"key":"Blood Vial"},{"floor":26,"key":"Potion Belt"},{"floor":29,"key":"Bottled Flame"}],"event_choices":[{"cards_removed":["Strike_R"],"damage_healed":0,"gold_gain":0,"player_choice":"Card Removal","damage_taken":0,"max_hp_gain":0,"max_hp_loss":0,"event_name":"The Cleric","floor":2,"gold_loss":75},{"damage_healed":0,"gold_gain":0,"player_choice":"Success","damage_taken":18,"relics_obtained":["Kunai"],"max_hp_gain":0,"max_hp_loss":0,"event_name":"Scrap Ooze","floor":5,"gold_loss":0},{"damage_healed":0,"gold_gain":0,"player_choice":"Got Potions","damage_taken":0,"max_hp_gain":0,"max_hp_loss":0,"event_name":"Lab","floor":21,"gold_loss":0}],"is_beta":false,"boss_relics":[{"not_picked":["White Beast Statue","Runic Cube"],"picked":"Ectoplasm"}],"items_purged_floors":[],"is_endless":false,"potions_floor_spawned":[16,23,29,30,31],"killed_by":"Automaton","ascension_level":19}