{"gold_per_floor":[146,146,156,156,175,204,223,223,270,290,314,324,324,274,274,379,379,395,247,265,265,445,445,465,482,482,482,239,239,316,330,330,431,481,501,501,516,516,528,555,555,567,567,601,601,601,601,601,601,601,601,601,56,81,81],"floor_reached":55,"playtime":3032,"items_purged":["Strike_G","Defend_G+1","Strike_G+1"],"score":1101,"play_id":"f46aa7ec-52f9-4190-b6f1-ab3fa0925a80","local_time":"20190413121414","is_ascension_mode":true,"campfire_choices":[{"floor":13,"key":"REST"},{"data":"Neutralize","floor":15,"key":"SMITH"},{"floor":23,"key":"REST"},{"data":"Footwork","floor":27,"key":"SMITH"},{"floor":32,"key":"REST"},{"data":"Catalyst","floor":41,"key":"SMITH"},{"floor":47,"key":"REST"},{"floor":49,"key":"RECALL"},{"data":"Burst","floor":52,"key":"SMITH"}],"neow_cost":"NONE","seed_source_timestamp":0,"circlet_count":0,"master_deck":["Defend_G+1","Defend_G+1","Defend_G+1","Defend_G+1","Strike_G+1","Survivor","Neutralize+1","Dagger Spray","Noxious Fumes+1","Backflip","Backflip","Venomology","Glass Knife+1","Footwork+1","Leg Sweep","Poisoned Stab","Noxious Fumes","Catalyst+1","Poisoned Stab+1","Burst+1","Blur","Backstab+1","Footwork+1","Dodge and Roll+1","Calculated Gamble+1","Madness","Footwork"],"special_seed":0,"relics":["Ring of the Snake","Tiny Chest","Orichalcum","PreservedInsect","Snake Skull","Bag of Marbles","Velvet Choker","Paper Crane","The Specimen","Molten Egg 2","Tiny House","Blood Vial","Letter Opener","Calipers","Art of War"],"potions_floor_usage":[16,18,20,24,31,33,33,40,42,44,44,50,54,54,55,55,55],"damage_taken":[{"damage":0.0,"enemies":"Cultist","floor":1.0,"turns":3.0},{"damage":2.0,"enemies":"Small Slimes","floor":3.0,"turns":4.0},{"damage":0.0,"enemies":"Jaw Worm","floor":5.0,"turns":3.0},{"damage":30.0,"enemies":"Lagavulin","floor":6.0,"turns":7.0},{"damage":5.0,"enemies":"Looter","floor":7.0,"turns":4.0},{"damage":0.0,"enemies":"Blue Slaver","floor":10.0,"turns":5.0},{"damage":1,"enemies":"3 Louse","floor":12,"turns":3},{"damage":21,"enemies":"Hexaghost","floor":16,"turns":11},{"damage":5,"enemies":"Shell Parasite","floor":18,"turns":6},{"damage":6,"enemies":"Spheric Guardian","floor":20,"turns":5},{"damage":0,"enemies":"Centurion and Healer","floor":24,"turns":7},{"damage":6,"enemies":"3 Cultists","floor":25,"turns":6},{"damage":0,"enemies":"Shelled Parasite and Fungi","floor":31,"turns":6},{"damage":5,"enemies":"Champ","floor":33,"turns":11},{"damage":14,"enemies":"3 Darklings","floor":35,"turns":5},{"damage":0,"enemies":"3 Shapes","floor":37,"turns":5},{"damage":7,"enemies":"3 Darklings","floor":39,"turns":6},{"damage":0,"enemies":"Nemesis","floor":40,"turns":5},{"damage":17,"enemies":"Jaw Worm Horde","floor":42,"turns":5},{"damage":30,"enemies":"Giant Head","floor":44,"turns":9},{"damage":1,"enemies":"Time Eater","floor":50,"turns":15},{"damage":59,"enemies":"Shield and Spear","floor":54,"turns":6},{"damage":15,"enemies":"The Heart","floor":55,"turns":2}],"seed_played":"5563296861068372427","potions_obtained":[{"floor":3.0,"key":"Swift Potion"},{"floor":6.0,"key":"Poison Potion"},{"floor":7.0,"key":"LiquidBronze"},{"floor":24,"key":"SpeedPotion"},{"floor":31,"key":"SkillPotion"},{"floor":33,"key":"Ancient Potion"},{"floor":40,"key":"Dexterity Potion"}],"is_trial":false,"path_per_floor":["M","T","M","?","M","E","M","?","T","M","T","M","R","?","R","B",null,"M","$","M","?","?","R","M","M","T","R","$","T","T","M","R","B",null,"M","?","M","?","M","E","R","M","T","E","?","?","R","?","R","B",null,"R","$","E","B"],"character_chosen":"THE_SILENT","items_purchased":["Footwork","Noxious Fumes","Catalyst","Dexterity Potion","Footwork","Calipers"],"campfire_rested":4,"item_purchase_floors":[19,28,28,53,53,53],"current_hp_per_floor":[63,63,61,47,47,17,12,17,17,17,17,16,38,38,38,17,61,56,56,50,50,29,51,51,45,45,45,45,45,45,45,67,62,77,63,63,63,63,56,56,56,41,41,13,13,13,37,37,37,38,70,70,70,13,0],"gold":81,"neow_bonus":"RANDOM_COMMON_RELIC","is_prod":false,"is_daily":false,"chose_seed":false,"campfire_upgraded":4,"win_rate":0,"timestamp":1555182854,"path_taken":["M","?","M","?","?","E","M","?","T","M","?","M","R","?","R","BOSS","M","$","M","?","?","R","M","?","T","R","$","?","?","M","R","BOSS","M","?","M","?","?","E","R","M","T","E","?","?","R","?","R","BOSS","R","$","E","BOSS"],"build_version":"2019-01-23","purchased_purges":3,"victory":false,"max_hp_per_floor":[70,70,70,70,70,70,70,75,75,75,75,75,75,75,75,75,75,75,75,75,75,75,75,75,75,75,75,75,75,75,75,75,75,80,80,80,80,80,80,80,80,80,80,80,80,80,80,80,80,80,80,80,80,80,80],"card_choices":[{"not_picked":["Dodge and Roll","Bane"],"picked":"Dagger Spray","floor":1.0},{"not_picked":["Bane","Outmaneuver"],"picked":"Noxious Fumes","floor":3.0},{"not_picked":["Dagger Spray","Underhanded Strike","Outmaneuver"],"picked":"SKIP","floor":5.0},{"not_picked":["Escape Plan","Bane"],"picked":"Backflip","floor":6.0},{"not_picked":["Underhanded Strike","Prepared","Distraction"],"picked":"SKIP","floor":7.0},{"not_picked":["Cloak And Dagger","Concentrate"],"picked":"Backflip","floor":10.0},{"not_picked":["Calculated Gamble","Cloak And Dagger"],"picked":"Venomology","floor":12},{"not_picked":["After Image","Envenom"],"picked":"Glass Knife","floor":16},{"not_picked":["Blade Dance","Backflip","Deflect"],"picked":"SKIP","floor":18},{"not_picked":["Deflect","Bane+1"],"picked":"Leg Sweep","floor":20},{"not_picked":["Backflip","Acrobatics","Sucker Punch"],"picked":"SKIP","floor":24},{"not_picked":["Blade Dance","Backflip+1"],"picked":"Poisoned Stab","floor":25},{"not_picked":["Accuracy","Leg Sweep"],"picked":"Poisoned Stab+1","floor":31},{"not_picked":["Wraith Form v2","Glass Knife+1"],"picked":"Burst","floor":33},{"not_picked":["Skewer+1","Sucker Punch+1"],"picked":"Blur","floor":35},{"not_picked":["Dagger Spray+1","Quick Slash+1"],"picked":"Backstab+1","floor":37},{"not_picked":["Dagger Spray+1","Bouncing Flask+1"],"picked":"Footwork+1","floor":39},{"not_picked":["Blur","Riddle With Holes+1"],"picked":"Dodge and Roll+1","floor":40},{"not_picked":["Bane+1","Dagger Spray+1"],"picked":"Calculated Gamble+1","floor":42},{"not_picked":["Sucker Punch+1","Reflex","Outmaneuver+1"],"picked":"SKIP","floor":44},{"not_picked":["Enlightenment","Mind Blast+1"],"picked":"Madness","floor":46},{"not_picked":["A Thousand Cuts","Masterful Stab+1","Choke+1"],"picked":"SKIP","floor":54}],"player_experience":220566,"relics_obtained":[{"floor":2.0,"key":"Orichalcum"},{"floor":6.0,"key":"PreservedInsect"},{"floor":9.0,"key":"Snake Skull"},{"floor":11.0,"key":"Bag of Marbles"},{"floor":26,"key":"Paper Crane"},{"floor":29,"key":"The Specimen"},{"floor":30,"key":"Molten Egg 2"},{"floor":40,"key":"Blood Vial"},{"floor":44,"key":"Letter Opener"},{"floor":54,"key":"Art of War"}],"event_choices":[{"damage_healed":0.0,"max_hp_gain":0.0,"max_hp_loss":0.0,"gold_gain":0.0,"event_name":"Shining Light","player_choice":"Entered Light","floor":4.0,"gold_loss":0.0,"damage_taken":14.0,"cards_upgraded":["Strike_G","Noxious Fumes"]},{"damage_healed":0.0,"max_hp_gain":5.0,"max_hp_loss":0.0,"gold_gain":0.0,"event_name":"Big Fish","player_choice":"Donut","floor":8.0,"gold_loss":0.0,"damage_taken":0.0},{"cards_removed":["Strike_G"],"damage_healed":0,"gold_gain":0,"player_choice":"Card Removal","damage_taken":0,"max_hp_gain":0,"max_hp_loss":0,"event_name":"The Cleric","floor":14,"gold_loss":50},{"damage_healed":0,"gold_gain":0,"player_choice":"Simplicity","damage_taken":0,"max_hp_gain":0,"max_hp_loss":0,"event_name":"Back to Basics","floor":21,"gold_loss":0,"cards_upgraded":["Defend_G","Defend_G","Defend_G","Defend_G","Defend_G","Strike_G","Strike_G"]},{"damage_healed":0,"gold_gain":180,"player_choice":"GOLD GOLD ","damage_taken":21,"max_hp_gain":0,"max_hp_loss":0,"event_name":"Knowing Skull","floor":22,"potions_obtained":[],"gold_loss":0,"cards_obtained":[]},{"damage_healed":0,"gold_gain":0,"player_choice":"Ignored","damage_taken":0,"max_hp_gain":0,"max_hp_loss":0,"event_name":"Tomb of Lord Red Mask","floor":36,"gold_loss":0},{"damage_healed":0,"gold_gain":0,"player_choice":"Bought 0 Potions","damage_taken":0,"max_hp_gain":0,"max_hp_loss":0,"event_name":"The Woman in Blue","floor":38,"gold_loss":0},{"cards_removed":["Strike_G"],"damage_healed":0,"gold_gain":0,"player_choice":"Removed Attack","damage_taken":0,"max_hp_gain":0,"max_hp_loss":0,"event_name":"Falling","floor":45,"gold_loss":0},{"damage_healed":0,"gold_gain":0,"player_choice":"Memory 1","damage_taken":0,"max_hp_gain":0,"max_hp_loss":0,"event_name":"SensoryStone","floor":46,"gold_loss":0},{"damage_healed":0,"gold_gain":0,"player_choice":"Ignored","damage_taken":0,"max_hp_gain":0,"max_hp_loss":0,"event_name":"Mysterious Sphere","floor":48,"gold_loss":0}],"is_beta":false,"boss_relics":[{"not_picked":["WristBlade","Astrolabe"],"picked":"Velvet Choker"},{"not_picked":["Coffee Dripper","Calling Bell"],"picked":"Tiny House"}],"items_purged_floors":[19,28,53],"is_endless":false,"potions_floor_spawned":[3,6,7,20,24,31,33,40],"killed_by":"The Heart","ascension_level":9}