{"gold_per_floor":[116,116,116,126,57,87,107,138,138,148,158,158],"floor_reached":12,"playtime":544,"items_purged":[],"score":184,"play_id":"c1b36d3e-8ed9-4e31-b68c-97ee654b78aa","local_time":"20190502141851","is_ascension_mode":true,"campfire_choices":[],"neow_cost":"NONE","seed_source_timestamp":224577943143900,"circlet_count":0,"master_deck":["AscendersBane","Strike_R","Strike_R","Strike_R","Strike_R","Strike_R","Defend_R","Defend_R","Defend_R","Defend_R","Bash","Shrug It Off","Dual Wield","Metallicize","Dual Wield","Disarm"],"relics":["Burning Blood","NeowsBlessing","Bottled Tornado","Ancient Tea Set","Gremlin Horn"],"potions_floor_usage":[8,12],"damage_taken":[{"damage":0,"enemies":"2 Louse","floor":1,"turns":1},{"damage":0,"enemies":"Cultist","floor":4,"turns":1},{"damage":0,"enemies":"3 Sentries","floor":6,"turns":2},{"damage":4,"enemies":"Jaw Worm","floor":7,"turns":6},{"damage":35,"enemies":"Gremlin Nob","floor":8,"turns":6},{"damage":18,"enemies":"Large Slime","floor":10,"turns":13},{"damage":23,"enemies":"Red Slaver","floor":11,"turns":6},{"damage":22,"enemies":"Lagavulin","floor":12,"turns":11}],"seed_played":"-1629404778969445595","potions_obtained":[{"floor":2,"key":"FearPotion"},{"floor":2,"key":"GamblersBrew"},{"floor":2,"key":"PowerPotion"},{"floor":6,"key":"PowerPotion"},{"floor":8,"key":"Strength Potion"}],"is_trial":false,"path_per_floor":["M","?","$","M","$","E","M","E","T","M","M","E"],"character_chosen":"IRONCLAD","items_purchased":["Metallicize"],"campfire_rested":0,"item_purchase_floors":[5],"current_hp_per_floor":[78,78,78,80,80,80,80,51,51,39,22,0],"gold":158,"neow_bonus":"THREE_ENEMY_KILL","is_prod":false,"is_daily":false,"chose_seed":false,"campfire_upgraded":0,"win_rate":0,"timestamp":1556799531,"path_taken":["M","?","$","M","$","E","M","E","T","M","?","E"],"build_version":"2019-01-23","purchased_purges":0,"victory":false,"max_hp_per_floor":[80,80,80,80,80,80,80,80,80,80,80,80],"card_choices":[{"not_picked":["Wild Strike","Flex"],"picked":"Shrug It Off","floor":1},{"not_picked":["Hemokinesis","Twin Strike"],"picked":"Dual Wield","floor":4},{"not_picked":["Exhume","Reckless Charge"],"picked":"Dual Wield","floor":6},{"not_picked":["Clash","Rage","Corruption"],"picked":"SKIP","floor":7},{"not_picked":["Blood for Blood","Flex","Fire Breathing"],"picked":"SKIP","floor":8},{"not_picked":["Warcry","Twin Strike"],"picked":"Disarm","floor":10},{"not_picked":["Twin Strike","Bloodletting","Body Slam"],"picked":"SKIP","floor":11}],"player_experience":997781,"relics_obtained":[{"floor":6,"key":"Bottled Tornado"},{"floor":8,"key":"Ancient Tea Set"},{"floor":9,"key":"Gremlin Horn"}],"event_choices":[{"damage_healed":0,"gold_gain":0,"player_choice":"Got Potions","damage_taken":0,"max_hp_gain":0,"max_hp_loss":0,"event_name":"Lab","floor":2,"gold_loss":0}],"is_beta":false,"boss_relics":[],"items_purged_floors":[],"is_endless":false,"potions_floor_spawned":[6,7,8,10],"killed_by":"Lagavulin","ascension_level":12}