{"gold_per_floor":[116,116,135,11,22,22,54,54,54,87,100,1,13,27,27,27],"floor_reached":16,"playtime":2272,"items_purged":["Pain"],"score":157,"play_id":"c5e97be7-e07d-4b32-9311-2486090d566e","local_time":"20190420092735","is_ascension_mode":true,"campfire_choices":[{"floor":6,"key":"REST"},{"floor":8,"key":"REST"},{"floor":15,"key":"REST"}],"neow_cost":"CURSE","seed_source_timestamp":144962439087900,"circlet_count":0,"master_deck":["Defend_G","Defend_G","Defend_G","Defend_G","Defend_G","Strike_G","Strike_G+1","Strike_G","Strike_G","Strike_G+1","Survivor","Neutralize+1","Cloak And Dagger","Blade Dance","Dodge and Roll","Malaise","PiercingWail","Backstab","PiercingWail","Well Laid Plans","Deflect","Dagger Spray","After Image"],"relics":["Ring of the Snake","WingedGreaves","Whetstone","Mercury Hourglass","Bottled Flame"],"potions_floor_usage":[7,7,16],"damage_taken":[{"damage":9,"enemies":"Jaw Worm","floor":1,"turns":7},{"damage":11,"enemies":"Cultist","floor":3,"turns":5},{"damage":0,"enemies":"2 Louse","floor":5,"turns":4},{"damage":13,"enemies":"Lagavulin","floor":7,"turns":9},{"damage":55,"enemies":"Gremlin Nob","floor":10,"turns":7},{"damage":4,"enemies":"Blue Slaver","floor":11,"turns":2},{"damage":0,"enemies":"Large Slime","floor":13,"turns":5},{"damage":0,"enemies":"2 Fungi Beasts","floor":14,"turns":3},{"damage":38,"enemies":"Slime Boss","floor":16,"turns":6}],"seed_played":"5517813684108025322","potions_obtained":[{"floor":1,"key":"Strength Potion"},{"floor":3,"key":"SkillPotion"},{"floor":11,"key":"Poison Potion"},{"floor":14,"key":"Ancient Potion"}],"is_trial":false,"path_per_floor":["?","$"],"character_chosen":"THE_SILENT","items_purchased":["Dodge and Roll","Well Laid Plans","Deflect"],"campfire_rested":3,"item_purchase_floors":[4,12,12],"current_hp_per_floor":[54,54,43,43,43,64,51,70,70,15,11,11,11,11,32,0],"gold":27,"neow_bonus":"ONE_RARE_RELIC","is_prod":false,"is_daily":false,"chose_seed":false,"campfire_upgraded":0,"win_rate":0,"timestamp":1555774055,"path_taken":["M","?","M","$","M","R","E","R","T","E","M","?","M","M","R","BOSS"],"build_version":"2019-01-23","purchased_purges":1,"victory":false,"max_hp_per_floor":[70,70,70,70,70,70,70,70,70,70,70,70,70,70,70,70],"card_choices":[{"not_picked":["Slice","Escape Plan"],"picked":"Cloak And Dagger","floor":1},{"not_picked":["Deadly Poison","Deflect"],"picked":"Blade Dance","floor":3},{"not_picked":["Deflect","Cloak And Dagger"],"picked":"Malaise","floor":5},{"not_picked":["Dagger Spray","Quick Slash"],"picked":"PiercingWail","floor":7},{"not_picked":["Endless Agony","Finisher"],"picked":"Backstab","floor":10},{"not_picked":["Deadly Poison","Dagger Throw"],"picked":"PiercingWail","floor":11},{"not_picked":["Deadly Poison","Calculated Gamble"],"picked":"Dagger Spray","floor":13},{"not_picked":["Dash","Sucker Punch"],"picked":"After Image","floor":14}],"player_experience":589832,"relics_obtained":[{"floor":7,"key":"Whetstone"},{"floor":9,"key":"Mercury Hourglass"},{"floor":10,"key":"Bottled Flame"}],"event_choices":[{"damage_healed":0,"gold_gain":0,"player_choice":"Forge","damage_taken":0,"max_hp_gain":0,"max_hp_loss":0,"event_name":"Accursed Blacksmith","floor":2,"gold_loss":0,"cards_upgraded":["Neutralize"]}],"is_beta":false,"boss_relics":[],"items_purged_floors":[4],"is_endless":false,"potions_floor_spawned":[1,3,11,14],"killed_by":"Slime Boss","ascension_level":8}