{"gold_per_floor":[13,13,29,29,41,41,73,73,73,73,134,162,162,181,181,259,259,272,272,31,31,48,48,59,90,115,128,128,141,141,171,171,250,250,262,5,5,23,40,40,40],"floor_reached":41,"playtime":1629,"items_purged":["Strike_R","Defend_R"],"score":793,"play_id":"7cb7f45b-e2ee-44ae-8c41-e3ee329094a7","local_time":"20190411155716","is_ascension_mode":true,"campfire_choices":[{"data":"Bash","floor":6,"key":"SMITH"},{"floor":8,"key":"REST"},{"floor":15,"key":"REST"},{"floor":23,"key":"REST"},{"floor":30,"key":"REST"},{"floor":32,"key":"REST"}],"neow_cost":"NO_GOLD","seed_source_timestamp":58849003989786,"circlet_count":0,"master_deck":["AscendersBane","Defend_R+1","Defend_R+1","Defend_R+1","Bash+1","Armaments+1","Intimidate+1","Shrug It Off+1","True Grit+1","Parasite","Feel No Pain+1","Immolate+1","Battle Trance+1","Uppercut+1","Limit Break+1","Whirlwind+1","RitualDagger+1","Inflame+1","Bandage Up+1","Clothesline+1","Flex+1","Immolate+1","Warcry+1","Limit Break+1","Dark Embrace+1","Battle Trance+1","Reaper+1","Sword Boomerang+1","Demon Form+1","Combust+1","Sentinel+1","Clothesline+1","Corruption+1","Inflame+1","Metallicize+1","Limit Break+1"],"relics":["Burning Blood","Du-Vu Doll","Torii","Ginger","Centennial Puzzle","Dream Catcher","Pen Nib","Velvet Choker","Question Card","Potion Belt","Bottled Flame","Astrolabe","Happy Flower","Mark of the Bloom"],"potions_floor_usage":[7,16,16,31,33,33,33,35,38,38,39,39,41,41],"damage_taken":[{"damage":8,"enemies":"Small Slimes","floor":1,"turns":4},{"damage":1,"enemies":"2 Louse","floor":3,"turns":4},{"damage":6,"enemies":"Jaw Worm","floor":5,"turns":4},{"damage":34,"enemies":"3 Sentries","floor":7,"turns":12},{"damage":33,"enemies":"3 Sentries","floor":11,"turns":16},{"damage":28,"enemies":"Gremlin Nob","floor":12,"turns":5},{"damage":11,"enemies":"Large Slime","floor":14,"turns":6},{"damage":14,"enemies":"Slime Boss","floor":16,"turns":7},{"damage":30,"enemies":"Shell Parasite","floor":18,"turns":6},{"damage":0,"enemies":"3 Byrds","floor":22,"turns":5},{"damage":10,"enemies":"Centurion and Healer","floor":24,"turns":4},{"damage":20,"enemies":"Slavers","floor":25,"turns":4},{"damage":13,"enemies":"3 Cultists","floor":27,"turns":3},{"damage":18,"enemies":"Snake Plant","floor":29,"turns":3},{"damage":45,"enemies":"Book of Stabbing","floor":31,"turns":6},{"damage":35,"enemies":"Collector","floor":33,"turns":6},{"damage":56,"enemies":"3 Darklings","floor":35,"turns":5},{"damage":0,"enemies":"Orb Walker","floor":38,"turns":1},{"damage":47,"enemies":"4 Shapes","floor":39,"turns":3},{"damage":9,"enemies":"Nemesis","floor":41,"turns":1}],"seed_played":"64746749072806158","potions_obtained":[{"floor":3,"key":"EssenceOfSteel"},{"floor":5,"key":"Energy Potion"},{"floor":14,"key":"SkillPotion"},{"floor":16,"key":"Energy Potion"},{"floor":18,"key":"EntropicBrew"},{"floor":27,"key":"SkillPotion"},{"floor":38,"key":"Explosive Potion"},{"floor":39,"key":"Explosive Potion"}],"is_trial":false,"path_per_floor":["M","?","M","$","M","R","E","R","T","?","?","E","T","M","R","B",null,"M","?","$","?","M","R","M","E","T","M","?","M","R","E","R","B",null,"M","$","T","M","M","?","E"],"character_chosen":"IRONCLAD","items_purchased":["Inflame","Bandage Up","Fire Potion","EssenceOfSteel","Inflame"],"campfire_rested":5,"item_purchase_floors":[20,20,36,36,36],"current_hp_per_floor":[66,59,64,64,64,64,36,58,58,75,48,26,26,21,43,35,65,41,35,35,35,45,67,67,57,57,54,54,46,68,33,55,39,66,20,20,20,26,9,9,0],"gold":40,"neow_bonus":"ONE_RARE_RELIC","is_prod":false,"is_daily":false,"chose_seed":false,"campfire_upgraded":1,"win_rate":0,"timestamp":1555023436,"path_taken":["M","?","M","$","M","R","E","R","T","?","?","E","?","M","R","BOSS","M","?","$","?","M","R","?","E","T","M","?","M","R","E","R","BOSS","M","$","?","?","M","?","E"],"build_version":"2019-01-23","purchased_purges":2,"victory":false,"max_hp_per_floor":[75,75,75,75,75,75,75,75,75,75,75,75,75,75,75,75,75,75,75,75,75,75,75,75,75,75,75,75,75,75,75,75,75,75,75,75,75,75,75,75,75],"card_choices":[{"not_picked":["Warcry","Heavy Blade"],"picked":"Armaments","floor":1},{"not_picked":["Pommel Strike","Perfected Strike"],"picked":"Intimidate","floor":3},{"not_picked":["Twin Strike","Searing Blow"],"picked":"Shrug It Off","floor":5},{"not_picked":["Wild Strike","Fire Breathing"],"picked":"True Grit","floor":7},{"not_picked":["True Grit","Seeing Red"],"picked":"Feel No Pain","floor":11},{"not_picked":["Rupture","Pommel Strike"],"picked":"Immolate","floor":12},{"not_picked":["Sword Boomerang","Headbutt"],"picked":"Battle Trance","floor":14},{"not_picked":["Dropkick","Flex"],"picked":"Uppercut","floor":15},{"not_picked":["Impervious","Exhume"],"picked":"Limit Break","floor":16},{"not_picked":["Intimidate+1","Blood for Blood"],"picked":"Whirlwind","floor":18},{"not_picked":["Searing Blow","Rage"],"picked":"Clothesline","floor":22},{"not_picked":["Anger+1","Armaments"],"picked":"Flex+1","floor":23},{"not_picked":["Cleave","Armaments"],"picked":"Immolate","floor":24},{"not_picked":["Anger","Reckless Charge+1","Entrench"],"picked":"SKIP","floor":25},{"not_picked":["Body Slam","Second Wind","Twin Strike"],"picked":"Warcry","floor":27},{"not_picked":["Cleave","Warcry","Body Slam"],"picked":"Dark Embrace","floor":29},{"not_picked":["Warcry","Body Slam","Carnage"],"picked":"Battle Trance","floor":30},{"not_picked":["Clash","Uppercut","Infernal Blade"],"picked":"Reaper","floor":31},{"not_picked":["Cleave","Clothesline","Warcry"],"picked":"Sword Boomerang+1","floor":32},{"not_picked":["Immolate","Barricade","Exhume"],"picked":"Demon Form","floor":33},{"not_picked":["Shrug It Off","Body Slam","Warcry"],"picked":"Corruption","floor":35},{"not_picked":["Flex+1","Body Slam","Thunderclap"],"picked":"Metallicize","floor":38},{"not_picked":["Searing Blow","Shockwave","Uppercut"],"picked":"Limit Break","floor":39}],"player_experience":419547,"relics_obtained":[{"floor":7,"key":"Torii"},{"floor":9,"key":"Ginger"},{"floor":11,"key":"Centennial Puzzle"},{"floor":12,"key":"Dream Catcher"},{"floor":13,"key":"Pen Nib"},{"floor":25,"key":"Question Card"},{"floor":26,"key":"Potion Belt"},{"floor":31,"key":"Bottled Flame"},{"floor":37,"key":"Happy Flower"}],"event_choices":[{"cards_removed":["Strike_R"],"damage_healed":0,"gold_gain":0,"player_choice":"Card Removal","damage_taken":7,"max_hp_gain":0,"max_hp_loss":0,"event_name":"Golden Wing","floor":2,"gold_loss":0},{"damage_healed":18,"gold_gain":0,"player_choice":"Healed and dodged fight","damage_taken":0,"max_hp_gain":0,"max_hp_loss":0,"event_name":"Mushrooms","floor":10,"gold_loss":0,"cards_obtained":["Parasite"]},{"damage_healed":0,"gold_gain":30,"player_choice":"Searched \u00272\u0027 times","damage_taken":0,"max_hp_gain":0,"max_hp_loss":0,"event_name":"Dead Adventurer","floor":11,"gold_loss":0},{"damage_healed":0,"gold_gain":0,"player_choice":"Joined the Cult","damage_taken":6,"max_hp_gain":0,"max_hp_loss":0,"event_name":"Nest","floor":19,"gold_loss":0,"cards_obtained":["RitualDagger"]},{"damage_healed":0,"gold_gain":0,"cards_transformed":["Strike_R"],"player_choice":"Transformed","damage_taken":0,"max_hp_gain":0,"max_hp_loss":0,"event_name":"Transmorgrifier","floor":21,"gold_loss":0,"cards_obtained":["Sever Soul"]},{"damage_healed":0,"gold_gain":0,"player_choice":"Copied","damage_taken":0,"max_hp_gain":0,"max_hp_loss":0,"event_name":"Duplicator","floor":28,"gold_loss":0,"cards_obtained":["Limit Break"]},{"damage_healed":0,"gold_gain":0,"player_choice":"Upgrade","damage_taken":0,"relics_obtained":["Mark of the Bloom"],"max_hp_gain":0,"max_hp_loss":0,"event_name":"MindBloom","floor":40,"gold_loss":0,"cards_upgraded":["Defend_R","Defend_R","Defend_R","Armaments","Intimidate","Shrug It Off","True Grit","Feel No Pain","Immolate","Battle Trance","Uppercut","Limit Break","Whirlwind","RitualDagger","Inflame","Bandage Up","Clothesline","Immolate","Warcry","Limit Break","Dark Embrace","Battle Trance","Reaper","Demon Form","Corruption","Inflame","Metallicize","Limit Break"]}],"is_beta":false,"boss_relics":[{"not_picked":["Black Star","Busted Crown"],"picked":"Velvet Choker"},{"not_picked":["Lizard Tail","Runic Pyramid"],"picked":"Astrolabe"}],"items_purged_floors":[20,36],"is_endless":false,"potions_floor_spawned":[3,5,14,16,18,24,27,38,39],"killed_by":"Nemesis","ascension_level":15}