{"gold_per_floor":[110,110,56,68,84,84,113,57,81,81,156,156,184,198,198,277,277,293,293,74,74,74,100,112,124,136,138,183,195,217,246,258,270],"floor_reached":33,"playtime":1261,"items_purged":[],"score":524,"play_id":"5bfc21f6-bfb7-4f5f-aab3-e274c75fed81","local_time":"20190418000449","is_ascension_mode":true,"campfire_choices":[{"data":"Flame Barrier","floor":6,"key":"SMITH"},{"data":"Cleave","floor":10,"key":"SMITH"},{"floor":12,"key":"REST"},{"floor":15,"key":"REST"},{"floor":25,"key":"REST"},{"floor":29,"key":"REST"},{"data":"Double Tap","floor":32,"key":"SMITH"}],"neow_cost":"NONE","seed_source_timestamp":17732456170880,"circlet_count":0,"master_deck":["AscendersBane","Strike_R","Strike_R","Strike_R+1","Strike_R+1","Strike_R","Defend_R","Defend_R","Defend_R","Defend_R","Bash+1","Flame Barrier+1","Headbutt","Shrug It Off","Sword Boomerang","Pummel","Cleave+1","Uppercut","Battle Trance","Double Tap+1","True Grit","Offering","Corruption","Havoc","Seeing Red","Headbutt","Metallicize+1","Pummel"],"relics":["Burning Blood","PreservedInsect","Blood Vial","Whetstone","Snecko Eye","MutagenicStrength","MawBank","Champion Belt","Vajra"],"potions_floor_usage":[13,16,23,30,33],"damage_taken":[{"damage":7,"enemies":"Small Slimes","floor":1,"turns":3},{"damage":4,"enemies":"Jaw Worm","floor":4,"turns":6},{"damage":1,"enemies":"Cultist","floor":5,"turns":4},{"damage":37,"enemies":"3 Sentries","floor":7,"turns":11},{"damage":19,"enemies":"Lagavulin","floor":13,"turns":5},{"damage":14,"enemies":"Large Slime","floor":14,"turns":5},{"damage":68,"enemies":"Slime Boss","floor":16,"turns":10},{"damage":14,"enemies":"Chosen","floor":18,"turns":5},{"damage":33,"enemies":"Slavers","floor":23,"turns":7},{"damage":20,"enemies":"2 Thieves","floor":27,"turns":4},{"damage":16,"enemies":"Book of Stabbing","floor":28,"turns":4},{"damage":18,"enemies":"Centurion and Healer","floor":30,"turns":4},{"damage":14,"enemies":"Snake Plant","floor":31,"turns":3},{"damage":63,"enemies":"Champ","floor":33,"turns":8}],"seed_played":"-3075510288487478372","potions_obtained":[{"floor":5,"key":"Poison Potion"},{"floor":7,"key":"SpeedPotion"},{"floor":14,"key":"LiquidBronze"},{"floor":18,"key":"EssenceOfSteel"},{"floor":28,"key":"Swift Potion"},{"floor":30,"key":"FearPotion"}],"is_trial":false,"path_per_floor":["M","?","$","M","M","R","E","$","T","R","?","R","E","M","R","B",null,"M","?","$","?","$","E","$","R","T","M","E","R","M","M","R","B"],"character_chosen":"IRONCLAD","items_purchased":["Headbutt","Cleave","Offering","Corruption"],"campfire_rested":4,"item_purchase_floors":[3,8,20,20],"current_hp_per_floor":[74,74,74,76,81,81,50,50,50,50,39,63,52,46,70,10,64,58,58,58,58,58,33,33,57,57,45,37,61,51,45,45,0],"gold":270,"neow_bonus":"TEN_PERCENT_HP_BONUS","is_prod":false,"is_daily":false,"chose_seed":false,"campfire_upgraded":3,"win_rate":0,"timestamp":1555571089,"path_taken":["M","?","$","M","M","R","E","$","T","R","?","R","E","M","R","BOSS","M","?","?","?","$","E","$","R","T","M","E","R","M","M","R","BOSS"],"build_version":"2019-01-23","purchased_purges":0,"victory":false,"max_hp_per_floor":[82,82,82,82,82,82,82,82,82,82,82,82,82,82,82,82,82,82,82,82,82,82,82,82,82,82,82,82,82,82,82,82,82],"card_choices":[{"not_picked":["Pommel Strike","Whirlwind"],"picked":"Flame Barrier","floor":1},{"not_picked":["Perfected Strike","Seeing Red"],"picked":"Shrug It Off","floor":4},{"not_picked":["Power Through","Twin Strike"],"picked":"Sword Boomerang","floor":5},{"not_picked":["Pommel Strike","Body Slam"],"picked":"Pummel","floor":7},{"not_picked":["Flex","Pommel Strike"],"picked":"Uppercut","floor":13},{"not_picked":["Pommel Strike","Flex"],"picked":"Battle Trance","floor":14},{"not_picked":["Dark Embrace","Berserk"],"picked":"Double Tap","floor":16},{"not_picked":["Thunderclap","Warcry"],"picked":"True Grit","floor":18},{"not_picked":["Wild Strike","Dual Wield"],"picked":"Havoc","floor":23},{"not_picked":["Searing Blow","Sword Boomerang"],"picked":"Seeing Red","floor":27},{"not_picked":["Perfected Strike","Havoc"],"picked":"Headbutt","floor":28},{"not_picked":["Clash","Reckless Charge"],"picked":"Metallicize+1","floor":30},{"not_picked":["Reckless Charge","Berserk"],"picked":"Pummel","floor":31}],"player_experience":454959,"relics_obtained":[{"floor":7,"key":"PreservedInsect"},{"floor":9,"key":"Blood Vial"},{"floor":13,"key":"Whetstone"},{"floor":23,"key":"MawBank"},{"floor":26,"key":"Champion Belt"},{"floor":28,"key":"Vajra"}],"event_choices":[{"damage_healed":0,"gold_gain":0,"player_choice":"Grow","damage_taken":0,"max_hp_gain":0,"max_hp_loss":0,"event_name":"Living Wall","floor":2,"gold_loss":0,"cards_upgraded":["Bash"]},{"damage_healed":0,"gold_gain":75,"player_choice":"Gather Gold","damage_taken":11,"max_hp_gain":0,"max_hp_loss":0,"event_name":"World of Goop","floor":11,"gold_loss":0},{"damage_healed":0,"gold_gain":0,"player_choice":"Ignored","damage_taken":0,"max_hp_gain":0,"max_hp_loss":0,"event_name":"N\u0027loth","floor":19,"gold_loss":0},{"damage_healed":0,"gold_gain":0,"player_choice":"Inject Mutagens","damage_taken":0,"relics_obtained":["MutagenicStrength"],"max_hp_gain":0,"max_hp_loss":0,"event_name":"Drug Dealer","floor":21,"gold_loss":0}],"is_beta":false,"boss_relics":[{"not_picked":["Fusion Hammer","Cursed Key"],"picked":"Snecko Eye"}],"items_purged_floors":[],"is_endless":false,"potions_floor_spawned":[5,7,14,18,28,30],"killed_by":"Champ","ascension_level":16}