{"gold_per_floor":[363,374,0,0,0,0,25,64,64,64,94,119,137,158,158,282,282,305,330,330,354,59,95,95,95,95,134,147,147,166,199,199,320,320,336,336,0,0,125,166,166,499,524,524,155,166,185,199,199,199,199,199,47,78,78],"floor_reached":55,"playtime":2742,"items_purged":["Strike_B","Reinforced Body","Defend_B"],"score":1103,"play_id":"6fcdbb61-1078-44ef-aee0-bd3c10e08dd1","local_time":"20190421122110","is_ascension_mode":true,"campfire_choices":[{"data":"Streamline","floor":6,"key":"SMITH"},{"floor":10,"key":"REST"},{"data":"Beam Cell","floor":15,"key":"SMITH"},{"data":"Hologram","floor":24,"key":"SMITH"},{"floor":32,"key":"REST"},{"data":"Coolheaded","floor":41,"key":"SMITH"},{"floor":44,"key":"RECALL"},{"data":"Turbo","floor":49,"key":"SMITH"},{"floor":52,"key":"REST"}],"neow_cost":"TEN_PERCENT_HP_LOSS","seed_source_timestamp":699882491144777,"circlet_count":0,"master_deck":["Defend_B+1","Defend_B","Zap","Dualcast+1","Rip and Tear","Streamline+1","Sweeping Beam","Hologram+1","Turbo+1","Beam Cell+1","All For One","FTL+1","Go for the Eyes+1","Gash","Go for the Eyes+1","Coolheaded+1","Seek+1","Auto Shields+1","Gash","Reinforced Body+1","Leap+1","Fission+1","Bandage Up+1","Gash","Conserve Battery+1","Gash","Turbo+1","Double Energy+1","Core Surge","Streamline+1"],"relics":["Cracked Core","Thread and Needle","Du-Vu Doll","Matryoshka","Odd Mushroom","Astrolabe","Toxic Egg 2","Pen Nib","PreservedInsect","Question Card","Ginger","Bag of Preparation","War Paint","Symbiotic Virus","Runic Pyramid","Prayer Wheel","Turnip","Lee\u0027s Waffle","Orichalcum"],"potions_floor_usage":[8,16,16,31,31,33,54,55,55],"damage_taken":[{"damage":6,"enemies":"Jaw Worm","floor":1,"turns":4},{"damage":0,"enemies":"Small Slimes","floor":2,"turns":3},{"damage":0,"enemies":"2 Louse","floor":7,"turns":2},{"damage":8,"enemies":"3 Sentries","floor":8,"turns":5},{"damage":0,"enemies":"The Mushroom Lair","floor":11,"turns":4},{"damage":0,"enemies":"2 Fungi Beasts","floor":12,"turns":3},{"damage":0,"enemies":"Blue Slaver","floor":13,"turns":2},{"damage":0,"enemies":"Red Slaver","floor":14,"turns":2},{"damage":16,"enemies":"Hexaghost","floor":16,"turns":9},{"damage":0,"enemies":"Chosen","floor":18,"turns":3},{"damage":0,"enemies":"Spheric Guardian","floor":19,"turns":2},{"damage":0,"enemies":"Centurion and Healer","floor":21,"turns":5},{"damage":16,"enemies":"Book of Stabbing","floor":23,"turns":4},{"damage":0,"enemies":"Gremlin Leader","floor":27,"turns":5},{"damage":12,"enemies":"Snake Plant","floor":28,"turns":3},{"damage":0,"enemies":"Chosen and Byrds","floor":30,"turns":2},{"damage":0,"enemies":"Slavers","floor":31,"turns":3},{"damage":37,"enemies":"Automaton","floor":33,"turns":11},{"damage":6,"enemies":"Orb Walker","floor":35,"turns":2},{"damage":0,"enemies":"Mind Bloom Boss Battle","floor":39,"turns":5},{"damage":0,"enemies":"Giant Head","floor":40,"turns":4},{"damage":1,"enemies":"3 Darklings","floor":46,"turns":4},{"damage":5,"enemies":"Writhing Mass","floor":47,"turns":4},{"damage":0,"enemies":"Sphere and 2 Shapes","floor":48,"turns":3},{"damage":62,"enemies":"Donu and Deca","floor":50,"turns":11},{"damage":38,"enemies":"Shield and Spear","floor":54,"turns":6},{"damage":74,"enemies":"The Heart","floor":55,"turns":5}],"seed_played":"-1350774496487103097","potions_obtained":[{"floor":2,"key":"Explosive Potion"},{"floor":11,"key":"SteroidPotion"},{"floor":12,"key":"Explosive Potion"},{"floor":13,"key":"Dexterity Potion"},{"floor":30,"key":"Explosive Potion"},{"floor":31,"key":"Poison Potion"},{"floor":33,"key":"EssenceOfSteel"},{"floor":35,"key":"FocusPotion"},{"floor":47,"key":"LiquidBronze"}],"is_trial":false,"path_per_floor":["M","M","$","?","?","R","M","E","T","R","?","M","M","M","R","B",null,"M","M","?","M","$","E","R","?","T","E","M","T","M","E","R","B",null,"M","?","$","?","?","E","R","?","T","R","$","M","M","M","R","B",null,"R","$","E","B"],"character_chosen":"DEFECT","items_purchased":["Thread and Needle","Toxic Egg 2","Conserve Battery+1","Fission+1","Bandage Up+1","Gash","Lee\u0027s Waffle","Core Surge"],"campfire_rested":3,"item_purchase_floors":[3,22,22,37,37,45,45,53],"current_hp_per_floor":[62,62,62,55,38,38,38,30,30,50,50,50,50,50,50,34,60,60,60,60,60,60,44,44,44,44,44,32,32,32,32,52,15,55,49,49,49,49,55,61,61,61,61,61,75,74,69,75,75,18,61,75,75,43,0],"gold":78,"neow_bonus":"TWO_FIFTY_GOLD","is_prod":false,"is_daily":false,"chose_seed":false,"campfire_upgraded":5,"win_rate":0,"timestamp":1555816870,"path_taken":["M","M","$","?","?","R","M","E","T","R","?","M","M","M","R","BOSS","M","M","?","M","$","E","R","?","T","E","M","?","M","E","R","BOSS","M","?","$","?","?","E","R","?","T","R","$","M","M","M","R","BOSS","R","$","E","BOSS"],"build_version":"2019-01-23","purchased_purges":3,"victory":false,"max_hp_per_floor":[68,68,68,68,68,68,68,68,68,68,68,68,68,68,68,68,68,68,68,68,68,68,68,68,68,68,68,68,68,68,68,68,68,68,68,68,68,68,68,68,68,68,68,68,75,75,75,75,75,75,75,75,75,75,75],"card_choices":[{"not_picked":["Redo","Double Energy"],"picked":"Rip and Tear","floor":1},{"not_picked":["Stack","Redo"],"picked":"Streamline","floor":2},{"not_picked":["Steam","Streamline"],"picked":"Reinforced Body","floor":7},{"not_picked":["Rainbow","Loop"],"picked":"Sweeping Beam","floor":8},{"not_picked":["Blizzard","White Noise"],"picked":"Hologram","floor":11},{"not_picked":["Compile Driver","Hologram"],"picked":"Turbo","floor":12},{"not_picked":["Barrage","Turbo","Compile Driver"],"picked":"SKIP","floor":13},{"not_picked":["Redo","Self Repair"],"picked":"Beam Cell","floor":14},{"not_picked":["Creative AI","Biased Cognition"],"picked":"All For One","floor":16},{"not_picked":["Chill+1","Leap"],"picked":"Gash","floor":18},{"not_picked":["Aggregate+1","Compile Driver+1"],"picked":"Go for the Eyes+1","floor":19},{"not_picked":["Double Energy","Compile Driver"],"picked":"Coolheaded","floor":21},{"not_picked":["Ball Lightning","Leap+1"],"picked":"Seek+1","floor":23},{"not_picked":["Chill+1","Go for the Eyes","Conserve Battery+1"],"picked":"Auto Shields+1","floor":27},{"not_picked":["Hologram+1","Beam Cell","BootSequence+1"],"picked":"Gash","floor":28},{"not_picked":["Steam Power+1","Steam+1","Gash"],"picked":"Reinforced Body+1","floor":30},{"not_picked":["Darkness+1","Redo+1","Barrage","Consume+1"],"picked":"SKIP","floor":31},{"not_picked":["Ball Lightning+1","Doom and Gloom+1","Streamline"],"picked":"Leap+1","floor":35},{"not_picked":["Steam+1","Loop+1","Genetic Algorithm+1","Compile Driver"],"picked":"SKIP","floor":40},{"not_picked":["Sunder","Redo+1","Defragment+1"],"picked":"Conserve Battery+1","floor":46},{"not_picked":["Aggregate+1","Blizzard+1","Compile Driver","Undo+1"],"picked":"SKIP","floor":46},{"not_picked":["Conserve Battery+1","Self Repair+1","Ball Lightning+1"],"picked":"Gash","floor":47},{"not_picked":["Conserve Battery+1","Glacier+1","Undo+1","Go for the Eyes"],"picked":"SKIP","floor":47},{"not_picked":["Redo+1","Storm+1","Leap+1"],"picked":"Turbo+1","floor":48},{"not_picked":["Rebound","Genetic Algorithm+1","White Noise+1"],"picked":"Double Energy+1","floor":48},{"not_picked":["Seek+1","Conserve Battery+1","Chill+1"],"picked":"Streamline+1","floor":54}],"player_experience":383710,"relics_obtained":[{"floor":8,"key":"Du-Vu Doll"},{"floor":9,"key":"Matryoshka"},{"floor":11,"key":"Odd Mushroom"},{"floor":23,"key":"Pen Nib"},{"floor":26,"key":"PreservedInsect"},{"floor":26,"key":"Question Card"},{"floor":27,"key":"Ginger"},{"floor":29,"key":"Bag of Preparation"},{"floor":29,"key":"War Paint"},{"floor":31,"key":"Symbiotic Virus"},{"floor":39,"key":"Prayer Wheel"},{"floor":40,"key":"Turnip"},{"floor":54,"key":"Orichalcum"}],"event_choices":[{"cards_removed":["Strike_B"],"damage_healed":0,"gold_gain":0,"player_choice":"Card Removal","damage_taken":7,"max_hp_gain":0,"max_hp_loss":0,"event_name":"Golden Wing","floor":4,"gold_loss":0},{"damage_healed":0,"gold_gain":0,"player_choice":"Take Damage","damage_taken":17,"relics_obtained":["Golden Idol"],"max_hp_gain":0,"max_hp_loss":0,"event_name":"Golden Idol","floor":5,"gold_loss":0},{"damage_healed":0,"gold_gain":0,"player_choice":"Fought Mushrooms","damage_taken":0,"max_hp_gain":0,"max_hp_loss":0,"event_name":"Mushrooms","floor":11,"gold_loss":0},{"damage_healed":0,"gold_gain":0,"player_choice":"Ignored","damage_taken":0,"max_hp_gain":0,"max_hp_loss":0,"event_name":"Vampires","floor":20,"gold_loss":0},{"cards_removed":["Hello World"],"damage_healed":0,"gold_gain":0,"player_choice":"Elegance","damage_taken":0,"max_hp_gain":0,"max_hp_loss":0,"event_name":"Back to Basics","floor":25,"gold_loss":0},{"cards_removed":["Conserve Battery"],"damage_healed":0,"gold_gain":0,"player_choice":"Removed Skill","damage_taken":0,"max_hp_gain":0,"max_hp_loss":0,"event_name":"Falling","floor":36,"gold_loss":0},{"damage_healed":0,"gold_gain":0,"player_choice":"Ignored","damage_taken":0,"max_hp_gain":0,"max_hp_loss":0,"event_name":"Mysterious Sphere","floor":38,"gold_loss":0},{"damage_healed":0,"gold_gain":0,"player_choice":"Fight","damage_taken":0,"max_hp_gain":0,"max_hp_loss":0,"event_name":"MindBloom","floor":39,"gold_loss":0},{"damage_healed":0,"gold_gain":333,"player_choice":"Gave Idol","damage_taken":0,"max_hp_gain":0,"max_hp_loss":0,"event_name":"The Moai Head","floor":42,"relics_lost":["Golden Idol"],"gold_loss":0}],"is_beta":false,"boss_relics":[{"not_picked":["Velvet Choker","Ectoplasm"],"picked":"Astrolabe"},{"not_picked":["Philosopher\u0027s Stone","Runic Dome"],"picked":"Runic Pyramid"}],"items_purged_floors":[3,37,45],"is_endless":false,"potions_floor_spawned":[2,11,12,13,14,30,31,33,35,47,48],"killed_by":"The Heart","ascension_level":7}