{"gold_per_floor":[111,122,122,87,103,134,134,150,150,150,150,150,57,57,57,153,153,171,16,27,27,27,27,27,41,41,41,41,57,57,74,74,175,175,193,205,11,11],"floor_reached":38,"playtime":1240,"items_purged":[],"score":397,"play_id":"9d3f34ed-c784-4d02-9da2-70df431c0c62","local_time":"20181219233008","is_ascension_mode":false,"campfire_choices":[{"floor":7,"key":"RECALL"},{"floor":11,"key":"REST"},{"floor":15,"key":"REST"},{"floor":23,"key":"REST"},{"floor":28,"key":"REST"},{"floor":30,"key":"REST"},{"floor":32,"key":"REST"}],"neow_cost":"NONE","seed_source_timestamp":7046905310285,"circlet_count":0,"master_deck":["Strike_B+1","Strike_B+1","Strike_B+1","Strike_B+1","Defend_B+1","Defend_B+1","Defend_B+1","Zap","Dualcast+1","Conserve Battery","Darkness","Fusion","Cold Snap","Dramatic Entrance","Thunder Strike","Tempest","Streamline","Ball Lightning","Hologram","FTL","Redo","Stack+1","Reinforced Body","J.A.X.","Defragment+1","Double Energy+1","Seek","Gash+1","Hologram+1"],"relics":["Cracked Core","Ancient Tea Set","Thread and Needle","Orrery","DataDisk","Mango","Eternal Feather","MealTicket"],"potions_floor_usage":[5,20,25,31,33],"damage_taken":[{"damage":7,"enemies":"2 Louse","floor":1,"turns":2},{"damage":10,"enemies":"Small Slimes","floor":2,"turns":2},{"damage":6,"enemies":"Jaw Worm","floor":5,"turns":3},{"damage":23,"enemies":"3 Sentries","floor":6,"turns":7},{"damage":7,"enemies":"Large Slime","floor":8,"turns":4},{"damage":79,"enemies":"The Guardian","floor":16,"turns":13},{"damage":19,"enemies":"3 Byrds","floor":18,"turns":4},{"damage":18,"enemies":"Shell Parasite","floor":20,"turns":4},{"damage":18,"enemies":"Snecko","floor":25,"turns":6},{"damage":37,"enemies":"3 Cultists","floor":29,"turns":6},{"damage":2,"enemies":"Snake Plant","floor":31,"turns":3},{"damage":64,"enemies":"Champ","floor":33,"turns":10},{"damage":32,"enemies":"Orb Walker","floor":35,"turns":4},{"damage":45,"enemies":"3 Shapes","floor":36,"turns":3},{"damage":39,"enemies":"Spire Growth","floor":38,"turns":5}],"seed_played":"7453428556423666061","potions_obtained":[{"floor":1,"key":"Ancient Potion"},{"floor":8,"key":"Energy Potion"},{"floor":20,"key":"Poison Potion"},{"floor":29,"key":"Ancient Potion"},{"floor":31,"key":"Weak Potion"},{"floor":35,"key":"Explosive Potion"}],"is_trial":false,"path_per_floor":["M","M","?","?","M","E","R","M","T","?","R","?","$","?","R","B",null,"M","$","M","?","?","R","$","M","T","?","R","M","R","M","R","B",null,"M","M","$","M"],"character_chosen":"DEFECT","items_purchased":["Dramatic Entrance","DataDisk","MealTicket"],"campfire_rested":6,"item_purchase_floors":[13,19,37],"current_hp_per_floor":[75,65,65,82,76,53,53,46,46,39,63,56,56,56,80,1,82,63,63,45,45,29,55,55,37,51,51,81,44,74,72,101,37,101,69,24,24,0],"gold":11,"neow_bonus":"TEN_PERCENT_HP_BONUS","is_prod":false,"is_daily":false,"chose_seed":false,"campfire_upgraded":0,"win_rate":0,"timestamp":1545291008,"path_taken":["M","M","?","?","M","E","R","M","T","?","R","?","$","?","R","BOSS","M","$","M","?","?","R","$","M","T","?","R","M","R","M","R","BOSS","M","M","$","M"],"build_version":"2018-12-13","purchased_purges":0,"victory":false,"max_hp_per_floor":[82,82,82,82,82,82,82,82,82,82,82,82,82,82,82,82,82,82,82,82,82,87,87,87,87,101,101,101,101,101,101,101,101,101,101,101,101,101],"card_choices":[{"not_picked":["Scrape","Blizzard","Turbo"],"picked":"SKIP","floor":1},{"not_picked":["Loop","Rebound"],"picked":"Conserve Battery","floor":2},{"not_picked":["Leap","Streamline"],"picked":"Darkness","floor":5},{"not_picked":["Gash","Recycle"],"picked":"Fusion","floor":6},{"not_picked":["Barrage","White Noise"],"picked":"Cold Snap","floor":8},{"not_picked":["Machine Learning","All For One"],"picked":"Thunder Strike","floor":16},{"not_picked":["Conserve Battery","Lockon"],"picked":"Tempest","floor":17},{"not_picked":["Skim","Cold Snap"],"picked":"Streamline","floor":17},{"not_picked":["Sweeping Beam","Genetic Algorithm"],"picked":"Ball Lightning","floor":17},{"not_picked":["Cold Snap","Streamline"],"picked":"Hologram","floor":17},{"not_picked":["Streamline","Barrage"],"picked":"FTL","floor":17},{"not_picked":["Creative AI","Steam"],"picked":"Redo","floor":18},{"not_picked":["Sweeping Beam+1","Machine Learning"],"picked":"Stack+1","floor":20},{"not_picked":["Gash","Stack"],"picked":"Reinforced Body","floor":25},{"not_picked":["Darkness","Stack"],"picked":"Defragment+1","floor":29},{"not_picked":["Lockon","Gash"],"picked":"Double Energy+1","floor":31},{"not_picked":["Machine Learning","Hyperbeam"],"picked":"Seek","floor":33},{"not_picked":["Skim","Steam+1"],"picked":"Gash+1","floor":35},{"not_picked":["Compile Driver","Self Repair"],"picked":"Hologram+1","floor":36}],"player_experience":303917,"relics_obtained":[{"floor":6,"key":"Ancient Tea Set"},{"floor":26,"key":"Mango"}],"event_choices":[{"damage_healed":0,"gold_gain":0,"player_choice":"Grow","damage_taken":0,"max_hp_gain":0,"max_hp_loss":0,"event_name":"Living Wall","floor":3,"gold_loss":0,"cards_upgraded":["Dualcast"]},{"damage_healed":20,"gold_gain":0,"player_choice":"Healed","damage_taken":0,"max_hp_gain":0,"max_hp_loss":0,"event_name":"The Cleric","floor":4,"gold_loss":35},{"cards_removed":["Defend_B"],"damage_healed":0,"gold_gain":0,"player_choice":"Card Removal","damage_taken":7,"max_hp_gain":0,"max_hp_loss":0,"event_name":"Golden Wing","floor":10,"gold_loss":0},{"damage_healed":0,"gold_gain":0,"player_choice":"Success","damage_taken":7,"relics_obtained":["Thread and Needle"],"max_hp_gain":0,"max_hp_loss":0,"event_name":"Scrap Ooze","floor":12,"gold_loss":0},{"damage_healed":0,"gold_gain":0,"player_choice":"Searched \u00270\u0027 times","damage_taken":0,"max_hp_gain":0,"max_hp_loss":0,"event_name":"Dead Adventurer","floor":14,"gold_loss":0},{"damage_healed":0,"gold_gain":0,"player_choice":"Simplicity","damage_taken":0,"max_hp_gain":0,"max_hp_loss":0,"event_name":"Back to Basics","floor":21,"gold_loss":0,"cards_upgraded":["Strike_B","Strike_B","Strike_B","Strike_B","Defend_B","Defend_B","Defend_B"]},{"damage_healed":0,"gold_gain":0,"player_choice":"Shed Blood","damage_taken":21,"max_hp_gain":5,"max_hp_loss":0,"event_name":"Forgotten Altar","floor":22,"gold_loss":0},{"damage_healed":0,"gold_gain":0,"player_choice":"Obtain J.A.X.","damage_taken":0,"max_hp_gain":0,"max_hp_loss":0,"event_name":"Drug Dealer","floor":27,"gold_loss":0,"cards_obtained":["J.A.X."]}],"is_beta":false,"boss_relics":[{"not_picked":["Fusion Hammer","Tiny House"],"picked":"Orrery"},{"not_picked":["Inserter","Sozu"],"picked":"Eternal Feather"}],"items_purged_floors":[],"is_endless":false,"potions_floor_spawned":[1,8,20,29,31,35],"killed_by":"Spire Growth","ascension_level":0}