{"gold_per_floor":[117,97,97,107,121,152,152,152],"floor_reached":8,"playtime":265,"items_purged":[],"score":95,"play_id":"e4ba584f-9e8b-4729-9066-9fe22aee7e59","local_time":"20190408201421","is_ascension_mode":true,"campfire_choices":[{"floor":7,"key":"REST"}],"neow_cost":"PERCENT_DAMAGE","seed_source_timestamp":205193668658346,"circlet_count":0,"master_deck":["AscendersBane","Strike_R","Strike_R","Strike_R","Strike_R","Strike_R","Defend_R","Defend_R","Defend_R","Defend_R","Bash","Demon Form","Heavy Blade+1","Pommel Strike","True Grit","Shockwave"],"relics":["Burning Blood","Matryoshka"],"potions_floor_usage":[8],"damage_taken":[{"damage":21,"enemies":"Small Slimes","floor":1,"turns":4},{"damage":8,"enemies":"Jaw Worm","floor":4,"turns":4},{"damage":1,"enemies":"Cultist","floor":5,"turns":3},{"damage":27,"enemies":"Gremlin Nob","floor":6,"turns":5},{"damage":48,"enemies":"3 Sentries","floor":8,"turns":5}],"seed_played":"3086701776062421202","potions_obtained":[{"floor":5,"key":"LiquidBronze"}],"is_trial":false,"path_per_floor":["M","?","?","M","M","E","R","E"],"character_chosen":"IRONCLAD","items_purchased":[],"campfire_rested":1,"item_purchase_floors":[],"current_hp_per_floor":[35,35,35,33,38,17,39,0],"gold":152,"neow_bonus":"THREE_RARE_CARDS","is_prod":false,"is_daily":false,"chose_seed":false,"campfire_upgraded":0,"win_rate":0,"timestamp":1554779661,"path_taken":["M","?","?","?","M","E","R","E"],"build_version":"2019-01-23","purchased_purges":0,"victory":false,"max_hp_per_floor":[75,75,75,75,75,75,75,75],"card_choices":[{"not_picked":["Juggernaut","Exhume"],"picked":"Demon Form","floor":0},{"not_picked":["Rupture","Twin Strike"],"picked":"Heavy Blade","floor":1},{"not_picked":["Thunderclap","Clash"],"picked":"Pommel Strike","floor":4},{"not_picked":["Reckless Charge","Pommel Strike"],"picked":"True Grit","floor":5},{"not_picked":["Body Slam","Armaments"],"picked":"Shockwave","floor":6}],"player_experience":396735,"relics_obtained":[{"floor":6,"key":"Matryoshka"}],"event_choices":[{"damage_healed":0,"gold_gain":0,"player_choice":"Left Gold","damage_taken":0,"max_hp_gain":0,"max_hp_loss":0,"event_name":"World of Goop","floor":2,"gold_loss":20},{"damage_healed":0,"gold_gain":0,"player_choice":"Upgraded","damage_taken":0,"max_hp_gain":0,"max_hp_loss":0,"event_name":"Upgrade Shrine","floor":3,"gold_loss":0,"cards_upgraded":["Heavy Blade"]}],"is_beta":false,"boss_relics":[],"items_purged_floors":[],"is_endless":false,"potions_floor_spawned":[5],"killed_by":"3 Sentries","ascension_level":14}