{"gold_per_floor":[368,296,314,314,337,337,351,351,433,608,608,642,660,684,684,684],"floor_reached":16,"playtime":658,"items_purged":[],"score":133,"play_id":"3f6f649c-830c-45d1-beb0-c4e93ef89575","local_time":"20190427224509","is_ascension_mode":true,"campfire_choices":[{"data":"Cleave","floor":6,"key":"SMITH"},{"data":"Inflame","floor":8,"key":"SMITH"},{"floor":15,"key":"REST"}],"neow_cost":"PERCENT_DAMAGE","seed_source_timestamp":1556331853822700,"circlet_count":0,"master_deck":["Strike_R","Strike_R","Strike_R","Strike_R","Strike_R","Defend_R","Defend_R","Defend_R","Defend_R","Bash","Burning Pact","Inflame+1","Pummel","Cleave+1","Doubt","Flame Barrier","Flame Barrier","Heavy Blade"],"relics":["Burning Blood","Golden Idol","Dodecahedron","Anchor"],"potions_floor_usage":[16,16],"damage_taken":[{"damage":11,"enemies":"Jaw Worm","floor":1,"turns":4},{"damage":10,"enemies":"Small Slimes","floor":3,"turns":3},{"damage":9,"enemies":"2 Louse","floor":5,"turns":3},{"damage":19,"enemies":"Exordium Wildlife","floor":7,"turns":6},{"damage":30,"enemies":"3 Sentries","floor":12,"turns":7},{"damage":16,"enemies":"Blue Slaver","floor":13,"turns":4},{"damage":5,"enemies":"2 Fungi Beasts","floor":14,"turns":4},{"damage":82,"enemies":"The Guardian","floor":16,"turns":12}],"seed_played":"4232588999119835218","potions_obtained":[{"floor":1,"key":"GamblersBrew"},{"floor":5,"key":"Poison Potion"},{"floor":7,"key":"PowerPotion"},{"floor":13,"key":"FairyPotion"}],"is_trial":false,"path_per_floor":["M","$","M","?","M","R","M","R","T","?","?","E","M","M","R","B"],"character_chosen":"IRONCLAD","items_purchased":["Inflame"],"campfire_rested":1,"item_purchase_floors":[2],"current_hp_per_floor":[46,46,42,42,39,39,26,26,26,26,50,26,16,17,39,0],"gold":684,"neow_bonus":"TWO_FIFTY_GOLD","is_prod":false,"is_daily":false,"chose_seed":false,"campfire_upgraded":2,"win_rate":0,"timestamp":1556397909,"path_taken":["M","$","M","?","M","R","M","R","T","?","?","E","M","M","R","BOSS"],"build_version":"2019-01-23","purchased_purges":0,"victory":false,"max_hp_per_floor":[80,80,80,74,74,74,74,74,74,74,74,74,74,74,74,74],"card_choices":[{"not_picked":["Second Wind","Thunderclap"],"picked":"Burning Pact","floor":1},{"not_picked":["Pommel Strike","Intimidate"],"picked":"Pummel","floor":3},{"not_picked":["Flex","Clothesline"],"picked":"Cleave","floor":5},{"not_picked":["Perfected Strike","Evolve","Rage"],"picked":"SKIP","floor":7},{"not_picked":["Battle Trance","Clash"],"picked":"Flame Barrier","floor":12},{"not_picked":["Thunderclap","True Grit"],"picked":"Flame Barrier","floor":13},{"not_picked":["Carnage","Metallicize"],"picked":"Heavy Blade","floor":14}],"player_experience":810405,"relics_obtained":[{"floor":9,"key":"Dodecahedron"},{"floor":12,"key":"Anchor"}],"event_choices":[{"damage_healed":0,"gold_gain":0,"player_choice":"Lose Max HP","damage_taken":0,"relics_obtained":["Golden Idol"],"max_hp_gain":0,"max_hp_loss":6,"event_name":"Golden Idol","floor":4,"gold_loss":0},{"damage_healed":0,"gold_gain":175,"player_choice":"AGREE","damage_taken":0,"max_hp_gain":0,"max_hp_loss":0,"event_name":"Liars Game","floor":10,"gold_loss":0,"cards_obtained":["Doubt"]},{"damage_healed":24,"gold_gain":0,"player_choice":"Banana","damage_taken":0,"max_hp_gain":0,"max_hp_loss":0,"event_name":"Big Fish","floor":11,"gold_loss":0}],"is_beta":false,"boss_relics":[],"items_purged_floors":[],"is_endless":false,"potions_floor_spawned":[1,5,7,13],"killed_by":"The Guardian","ascension_level":6}