{"gold_per_floor":[114,131,19,37,112,112,140,140,167,196,212,212,212,112,112,212,212,223,240,28,28],"floor_reached":21,"playtime":1423,"items_purged":["Defend_B","Strike_B"],"score":239,"play_id":"f4941b82-a1f7-48de-b37a-48faa12e784e","local_time":"20181202212113","is_ascension_mode":true,"campfire_choices":[{"floor":6,"key":"REST"},{"floor":8,"key":"REST"},{"floor":13,"key":"REST"},{"floor":15,"key":"REST"}],"neow_cost":"NONE","seed_source_timestamp":138122933509715,"circlet_count":0,"master_deck":["Strike_B","Strike_B","Defend_B","Defend_B","Zap","Dualcast","Stack","White Noise","Coolheaded","Consume","Echo Form","Cold Snap","Fission","Defragment+1","Glacier"],"relics":["Cracked Core","Dream Catcher","Oddly Smooth Stone","Odd Mushroom","Gremlin Horn","Empty Cage","Regal Pillow"],"potions_floor_usage":[5,16],"damage_taken":[{"damage":8,"enemies":"Jaw Worm","floor":1,"turns":4},{"damage":4,"enemies":"2 Louse","floor":2,"turns":3},{"damage":15,"enemies":"Small Slimes","floor":4,"turns":4},{"damage":29,"enemies":"3 Sentries","floor":7,"turns":10},{"damage":25,"enemies":"The Mushroom Lair","floor":10,"turns":4},{"damage":18,"enemies":"2 Fungi Beasts","floor":11,"turns":4},{"damage":62,"enemies":"Hexaghost","floor":16,"turns":11},{"damage":41,"enemies":"Spheric Guardian","floor":18,"turns":6},{"damage":12,"enemies":"Shell Parasite","floor":19,"turns":13},{"damage":18,"enemies":"Sentry and Sphere","floor":21,"turns":3}],"seed_played":"7530880827672139607","potions_obtained":[{"floor":4,"key":"Fruit Juice"},{"floor":11,"key":"AttackPotion"}],"is_trial":false,"path_per_floor":["M","M","$","M","?","R","E","R","T","?","M","T","R","$","R","B",null,"M","M","$","M"],"character_chosen":"DEFECT","items_purchased":["White Noise","Glacier","Regal Pillow"],"campfire_rested":4,"item_purchase_floors":[3,20,20],"current_hp_per_floor":[67,63,63,48,42,68,39,65,65,40,22,22,48,48,74,12,68,27,15,15,0],"gold":28,"neow_bonus":"TEN_PERCENT_HP_BONUS","is_prod":false,"is_daily":false,"chose_seed":false,"campfire_upgraded":0,"win_rate":0,"timestamp":1543782073,"path_taken":["M","M","$","M","?","R","E","R","T","?","M","?","R","?","R","BOSS","M","M","$","M"],"build_version":"2018-11-15","purchased_purges":2,"victory":false,"max_hp_per_floor":[82,82,82,82,87,87,87,87,87,87,87,87,87,87,87,87,87,87,87,87,87],"card_choices":[{"not_picked":["Steam","Rebound","Rip and Tear"],"picked":"SKIP","floor":1},{"not_picked":["Redo","Streamline"],"picked":"Stack","floor":2},{"not_picked":["Gash","Barrage"],"picked":"Coolheaded","floor":4},{"not_picked":["Steam Power","Compile Driver"],"picked":"Consume","floor":7},{"not_picked":["Gash","Compile Driver"],"picked":"Echo Form","floor":10},{"not_picked":["Doom and Gloom","Hologram"],"picked":"Cold Snap","floor":11},{"not_picked":["Thunder Strike","Core Surge"],"picked":"Fission","floor":16},{"not_picked":["Darkness","Sunder"],"picked":"Defragment+1","floor":18},{"not_picked":["Leap+1","Aggregate+1","Hologram"],"picked":"SKIP","floor":19}],"player_experience":326705,"relics_obtained":[{"floor":7,"key":"Dream Catcher"},{"floor":9,"key":"Oddly Smooth Stone"},{"floor":10,"key":"Odd Mushroom"},{"floor":12,"key":"Gremlin Horn"}],"event_choices":[{"damage_healed":0,"gold_gain":75,"player_choice":"Gather Gold","damage_taken":11,"max_hp_gain":0,"max_hp_loss":0,"event_name":"World of Goop","floor":5,"gold_loss":0},{"damage_healed":0,"gold_gain":0,"player_choice":"Fought Mushrooms","damage_taken":0,"max_hp_gain":0,"max_hp_loss":0,"event_name":"Mushrooms","floor":10,"gold_loss":0}],"is_beta":false,"boss_relics":[{"not_picked":["Snecko Eye","Black Star"],"picked":"Empty Cage"}],"items_purged_floors":[3,14],"is_endless":false,"potions_floor_spawned":[4,11],"killed_by":"Sentry and Sphere","ascension_level":7}