{"gold_per_floor":[118,131,131,151,170,205,222,222,222,236,271,114,130,148,148,148],"floor_reached":16,"playtime":1559,"items_purged":["Strike_R"],"score":139,"play_id":"43fb47cb-d3c7-4bef-a089-c2f0df36399f","local_time":"20190327213839","is_ascension_mode":true,"campfire_choices":[{"floor":8,"key":"REST"},{"data":"Warcry","floor":15,"key":"SMITH"}],"neow_cost":"NONE","seed_source_timestamp":1127099543595852,"circlet_count":0,"master_deck":["Strike_R","Strike_R","Strike_R","Defend_R","Defend_R","Defend_R","Defend_R","Bash+1","Shrug It Off","Thunderclap","Entrench","Warcry","Power Through","Battle Trance","Iron Wave","Headbutt","Pommel Strike","Rampage","Warcry+1","Evolve","Headbutt"],"relics":["Burning Blood","Gremlin Horn","Meat on the Bone","Centennial Puzzle"],"potions_floor_usage":[6,10,11,16],"damage_taken":[{"damage":19,"enemies":"Small Slimes","floor":1,"turns":4},{"damage":1,"enemies":"Cultist","floor":2,"turns":3},{"damage":7,"enemies":"2 Louse","floor":4,"turns":2},{"damage":6,"enemies":"Blue Slaver","floor":5,"turns":5},{"damage":67,"enemies":"3 Sentries","floor":6,"turns":19},{"damage":3,"enemies":"Lots of Slimes","floor":7,"turns":3},{"damage":8,"enemies":"Large Slime","floor":10,"turns":7},{"damage":33,"enemies":"Lagavulin","floor":11,"turns":7},{"damage":0,"enemies":"3 Louse","floor":13,"turns":2},{"damage":13,"enemies":"Blue Slaver","floor":14,"turns":3},{"damage":69,"enemies":"The Guardian","floor":16,"turns":8}],"seed_played":"-1595816300991857378","potions_obtained":[{"floor":4,"key":"Dexterity Potion"},{"floor":6,"key":"EssenceOfSteel"},{"floor":7,"key":"FearPotion"},{"floor":13,"key":"Energy Potion"}],"is_trial":false,"path_per_floor":["M","M","?","M","M","E","M","R","T","M","E","$","M","M","R","B"],"character_chosen":"IRONCLAD","items_purchased":["Rampage","Warcry"],"campfire_rested":1,"item_purchase_floors":[12,12],"current_hp_per_floor":[67,72,72,71,71,10,13,37,37,47,32,32,50,55,55,0],"gold":148,"neow_bonus":"UPGRADE_CARD","is_prod":false,"is_daily":false,"chose_seed":false,"campfire_upgraded":1,"win_rate":0,"timestamp":1553690319,"path_taken":["M","M","?","?","M","E","M","R","T","M","E","$","M","M","R","BOSS"],"build_version":"2019-01-23","purchased_purges":1,"victory":false,"max_hp_per_floor":[80,80,80,80,80,80,80,80,80,80,80,80,80,80,80,80],"card_choices":[{"not_picked":["Twin Strike","Warcry"],"picked":"Shrug It Off","floor":1},{"not_picked":["Seeing Red","Warcry"],"picked":"Thunderclap","floor":2},{"not_picked":["Clash","Clothesline"],"picked":"Warcry","floor":4},{"not_picked":["Corruption","Body Slam"],"picked":"Power Through","floor":5},{"not_picked":["Wild Strike","Sentinel"],"picked":"Battle Trance","floor":6},{"not_picked":["Perfected Strike","Flex"],"picked":"Iron Wave","floor":7},{"not_picked":["Wild Strike","Reaper"],"picked":"Headbutt","floor":10},{"not_picked":["Headbutt","Rupture"],"picked":"Pommel Strike","floor":11},{"not_picked":["Clothesline","Perfected Strike"],"picked":"Evolve","floor":13},{"not_picked":["Blood for Blood","Feel No Pain"],"picked":"Headbutt","floor":14}],"player_experience":176787,"relics_obtained":[{"floor":6,"key":"Gremlin Horn"},{"floor":9,"key":"Meat on the Bone"},{"floor":11,"key":"Centennial Puzzle"}],"event_choices":[{"damage_healed":0,"gold_gain":0,"cards_transformed":["Strike_R"],"player_choice":"Transformed","damage_taken":0,"max_hp_gain":0,"max_hp_loss":0,"event_name":"Transmorgrifier","floor":3,"gold_loss":0,"cards_obtained":["Entrench"]}],"is_beta":false,"boss_relics":[],"items_purged_floors":[12],"is_endless":false,"potions_floor_spawned":[4,6,7,13],"killed_by":"The Guardian","ascension_level":4}