{"gold_per_floor":[115,129,79,150,164,164,184,184,184,30,65,42,42,61,61,156,156,168,83,99,109,109,109,126,126,149,168,183,183],"floor_reached":29,"playtime":951,"items_purged":["Strike_R"],"score":396,"play_id":"b1f91cac-d2fd-41ad-a916-a698941c0c42","local_time":"20190404212819","daily_mods":["DeadlyEvents"],"is_ascension_mode":true,"campfire_choices":[{"data":"Searing Blow","floor":6,"key":"SMITH"},{"data":"Searing Blow+1","floor":8,"key":"SMITH"},{"data":"Searing Blow+2","floor":13,"key":"SMITH"},{"data":"Searing Blow+3","floor":15,"key":"SMITH"},{"data":"Searing Blow+4","floor":23,"key":"SMITH"},{"data":"Searing Blow+5","floor":25,"key":"SMITH"}],"neow_cost":"","seed_source_timestamp":0,"circlet_count":0,"master_deck":["Strike_R","Strike_R","Strike_R","Defend_R","Defend_R","Defend_R","Defend_R","Bash","Searing Blow+6","Whirlwind","Shrug It Off","Impervious","Headbutt","Headbutt","Juggernaut","Shockwave","Flame Barrier","Shrug It Off+1","Shockwave"],"relics":["Black Blood","Dream Catcher","Gremlin Horn","Question Card","Regal Pillow"],"potions_floor_usage":[16,21,27,29],"damage_taken":[{"damage":6,"enemies":"Jaw Worm","floor":1,"turns":5},{"damage":2,"enemies":"Small Slimes","floor":2,"turns":3},{"damage":6,"enemies":"Cultist","floor":5,"turns":3},{"damage":4,"enemies":"Exordium Wildlife","floor":7,"turns":5},{"damage":14,"enemies":"Gremlin Nob","floor":11,"turns":4},{"damage":0,"enemies":"Large Slime","floor":14,"turns":5},{"damage":0,"enemies":"Slime Boss","floor":16,"turns":5},{"damage":15,"enemies":"2 Thieves","floor":18,"turns":4},{"damage":24,"enemies":"Shell Parasite","floor":20,"turns":6},{"damage":14,"enemies":"Snecko","floor":21,"turns":5},{"damage":0,"enemies":"Chosen and Byrds","floor":24,"turns":5},{"damage":26,"enemies":"3 Cultists","floor":27,"turns":5},{"damage":15,"enemies":"Snecko","floor":28,"turns":3},{"damage":66,"enemies":"Gremlin Leader","floor":29,"turns":6}],"seed_played":"-3984707892093927075","potions_obtained":[{"floor":2,"key":"SteroidPotion"},{"floor":5,"key":"PowerPotion"},{"floor":14,"key":"Fruit Juice"},{"floor":20,"key":"Fruit Juice"},{"floor":21,"key":"Ancient Potion"}],"is_trial":true,"path_per_floor":["M","M","?","?","M","R","M","R","T","$","E","$","R","M","R","B",null,"M","?","M","M","$","R","M","R","T","M","M","E"],"character_chosen":"IRONCLAD","items_purchased":["Impervious","Headbutt"],"campfire_rested":0,"item_purchase_floors":[10,12],"current_hp_per_floor":[80,80,80,80,80,80,80,80,80,80,72,72,72,78,78,85,85,80,80,66,67,67,67,77,77,77,61,56,0],"gold":183,"neow_bonus":"","is_prod":false,"is_daily":false,"chose_seed":false,"campfire_upgraded":6,"win_rate":0,"timestamp":1554438499,"path_taken":["M","M","?","?","M","R","M","R","T","?","?","$","R","?","R","BOSS","M","?","M","M","$","R","M","R","T","?","M","E"],"build_version":"2019-01-23","purchased_purges":1,"victory":false,"max_hp_per_floor":[80,80,80,80,80,80,80,80,80,80,80,80,80,80,80,85,85,85,85,85,90,90,90,90,90,90,90,90,90],"card_choices":[{"not_picked":["Anger","Pummel"],"picked":"Searing Blow","floor":1},{"not_picked":["Clash","Reckless Charge"],"picked":"Whirlwind","floor":2},{"not_picked":["Pummel","Havoc"],"picked":"Shrug It Off","floor":5},{"not_picked":["Clothesline","Rupture","Entrench"],"picked":"SKIP","floor":7},{"not_picked":["Entrench","Blood for Blood","Reaper"],"picked":"SKIP","floor":11},{"not_picked":["Anger","Clash"],"picked":"Headbutt","floor":14},{"not_picked":["Limit Break","Fiend Fire"],"picked":"Juggernaut","floor":16},{"not_picked":["Thunderclap","Perfected Strike","Clothesline"],"picked":"SKIP","floor":18},{"not_picked":["Perfected Strike+1","Anger","Flex"],"picked":"Shockwave","floor":20},{"not_picked":["Warcry","Cleave","Flex","Twin Strike"],"picked":"SKIP","floor":21},{"not_picked":["Headbutt+1","Clothesline+1","Disarm"],"picked":"Flame Barrier","floor":24},{"not_picked":["Offering","Flex+1","Searing Blow"],"picked":"Shrug It Off+1","floor":27},{"not_picked":["Iron Wave+1","Pummel+1","Twin Strike"],"picked":"Shockwave","floor":28}],"player_experience":167287,"relics_obtained":[{"floor":9,"key":"Dream Catcher"},{"floor":11,"key":"Gremlin Horn"},{"floor":26,"key":"Regal Pillow"}],"event_choices":[{"cards_removed":["Strike_R"],"damage_healed":0,"gold_gain":0,"player_choice":"Card Removal","damage_taken":0,"max_hp_gain":0,"max_hp_loss":0,"event_name":"The Cleric","floor":3,"gold_loss":50},{"damage_healed":0,"gold_gain":71,"player_choice":"Gained Gold","damage_taken":0,"max_hp_gain":0,"max_hp_loss":0,"event_name":"Golden Wing","floor":4,"gold_loss":0},{"damage_healed":0,"gold_gain":0,"player_choice":"Obtained Relic","damage_taken":0,"relics_obtained":["Question Card"],"max_hp_gain":0,"max_hp_loss":0,"event_name":"Addict","floor":19,"gold_loss":85}],"is_beta":false,"boss_relics":[{"not_picked":["Philosopher\u0027s Stone","Cursed Key"],"picked":"Black Blood"}],"items_purged_floors":[10],"is_endless":true,"potions_floor_spawned":[2,5,14,20,21,24],"killed_by":"Gremlin Leader","ascension_level":1}