{"gold_per_floor":[15,33,50,63,63,97,112,112,112,112,77,77,93,120,120,191,191,202,220,145,162,162,192,211,211,237,266,282,57,57,70,70,143,143,161,261,281,281,295,295,295],"floor_reached":41,"playtime":3402,"items_purged":["Pain"],"score":779,"play_id":"531af978-121c-40a2-a6af-4ad00d2c2cb9","local_time":"20190307200917","is_ascension_mode":true,"campfire_choices":[{"data":"Defragment","floor":8,"key":"SMITH"},{"data":"Zap","floor":10,"key":"SMITH"},{"floor":15,"key":"REST"},{"floor":30,"key":"REST"},{"floor":32,"key":"REST"},{"data":"Fission","floor":40,"key":"SMITH"}],"neow_cost":"NO_GOLD","seed_source_timestamp":1123684516309093,"circlet_count":0,"master_deck":["AscendersBane","Strike_B","Strike_B","Defend_B","Defend_B","Defend_B","Zap+1","Dualcast","Gash","Glacier","Doom and Gloom","Defragment+1","Genetic Algorithm+1","Coolheaded","Ball Lightning","Echo Form","Seek","Capacitor","Fission+1","Blizzard+1","Glacier+1","Streamline+1","Defragment","Go for the Eyes+1","Biased Cognition"],"relics":["Cracked Core","PreservedInsect","Bottled Lightning","Dream Catcher","Busted Crown","Unceasing Top","Regal Pillow","Pen Nib","Astrolabe","Girya"],"potions_floor_usage":[6,6,13,23,28,36,39],"damage_taken":[{"damage":1,"enemies":"Cultist","floor":1,"turns":3},{"damage":7,"enemies":"Jaw Worm","floor":2,"turns":3},{"damage":6,"enemies":"2 Louse","floor":3,"turns":3},{"damage":24,"enemies":"Lots of Slimes","floor":4,"turns":4},{"damage":1,"enemies":"3 Sentries","floor":6,"turns":3},{"damage":1,"enemies":"2 Fungi Beasts","floor":7,"turns":3},{"damage":26,"enemies":"Gremlin Gang","floor":13,"turns":5},{"damage":18,"enemies":"Lagavulin","floor":14,"turns":6},{"damage":38,"enemies":"Hexaghost","floor":16,"turns":11},{"damage":2,"enemies":"Spheric Guardian","floor":18,"turns":5},{"damage":1,"enemies":"Shell Parasite","floor":19,"turns":6},{"damage":30,"enemies":"3 Cultists","floor":21,"turns":6},{"damage":8,"enemies":"Book of Stabbing","floor":23,"turns":5},{"damage":11,"enemies":"Shelled Parasite and Fungi","floor":24,"turns":6},{"damage":55,"enemies":"Slavers","floor":27,"turns":9},{"damage":25,"enemies":"Snake Plant","floor":28,"turns":5},{"damage":19,"enemies":"3 Cultists","floor":31,"turns":6},{"damage":29,"enemies":"Champ","floor":33,"turns":14},{"damage":33,"enemies":"3 Darklings","floor":35,"turns":7},{"damage":6,"enemies":"Mind Bloom Boss Battle","floor":36,"turns":7},{"damage":6,"enemies":"Orb Walker","floor":37,"turns":5},{"damage":14,"enemies":"Transient","floor":39,"turns":5},{"damage":20,"enemies":"Sphere and 2 Shapes","floor":41,"turns":4}],"seed_played":"-7639325731585449512","potions_obtained":[{"floor":1,"key":"SpeedPotion"},{"floor":3,"key":"Fire Potion"},{"floor":4,"key":"Explosive Potion"},{"floor":7,"key":"Poison Potion"},{"floor":19,"key":"GamblersBrew"},{"floor":24,"key":"SpeedPotion"},{"floor":27,"key":"FocusPotion"},{"floor":28,"key":"Ancient Potion"},{"floor":35,"key":"SkillPotion"},{"floor":36,"key":"PowerPotion"}],"is_trial":false,"path_per_floor":["M","M","M","M","?","E","M","R","T","R","?","?","M","E","R","B",null,"M","M","$","M","?","E","M","?","T","E","M","$","R","M","R","B",null,"M","?","M","?","M","R","M"],"character_chosen":"DEFECT","items_purchased":["Seek","Capacitor"],"campfire_rested":3,"item_purchase_floors":[29,29],"current_hp_per_floor":[77,70,64,40,40,39,38,38,38,38,59,59,33,15,40,2,64,62,61,61,31,31,23,12,85,85,30,5,5,45,26,66,37,73,40,34,28,28,14,14,0],"gold":295,"neow_bonus":"TWENTY_PERCENT_HP_BONUS","is_prod":false,"is_daily":false,"chose_seed":false,"campfire_upgraded":3,"win_rate":0,"timestamp":1551989357,"path_taken":["M","M","M","M","?","E","M","R","T","R","?","?","?","E","R","BOSS","M","M","$","M","?","E","?","?","T","E","?","?","R","M","R","BOSS","M","?","M","?","M","R","M"],"build_version":"2019-01-23","purchased_purges":1,"victory":false,"max_hp_per_floor":[85,85,85,85,85,85,85,85,85,85,85,85,85,85,85,85,85,85,85,85,85,85,85,85,85,85,85,85,85,85,85,85,85,85,85,85,85,85,85,85,85],"card_choices":[{"not_picked":["Scrape","Steam"],"picked":"Gash","floor":1},{"not_picked":["Skim","Heatsinks"],"picked":"Glacier","floor":2},{"not_picked":["Sweeping Beam","Barrage","Rip and Tear"],"picked":"SKIP","floor":3},{"not_picked":["Sweeping Beam","Barrage"],"picked":"Rip and Tear","floor":3},{"not_picked":["Double Energy","Steam"],"picked":"Doom and Gloom","floor":4},{"not_picked":["Turbo","Amplify","Barrage"],"picked":"SKIP","floor":6},{"not_picked":["Streamline","Coolheaded"],"picked":"Defragment","floor":7},{"not_picked":["Ball Lightning","Rebound"],"picked":"Coolheaded","floor":13},{"not_picked":["Double Energy","Thunder Strike"],"picked":"Ball Lightning","floor":14},{"not_picked":["Hyperbeam","All For One"],"picked":"Echo Form","floor":16},{"not_picked":["Rip and Tear"],"picked":"SKIP","floor":18},{"not_picked":["Barrage"],"picked":"SKIP","floor":19},{"not_picked":["Go for the Eyes"],"picked":"SKIP","floor":21},{"not_picked":["Blizzard"],"picked":"SKIP","floor":23},{"not_picked":["Aggregate"],"picked":"SKIP","floor":24},{"not_picked":["Stack"],"picked":"SKIP","floor":27},{"not_picked":["Redo"],"picked":"SKIP","floor":28},{"not_picked":["Hello World"],"picked":"SKIP","floor":31},{"not_picked":[],"picked":"Fission","floor":33},{"not_picked":[],"picked":"Defragment","floor":35},{"not_picked":[],"picked":"Go for the Eyes+1","floor":36},{"not_picked":["Undo"],"picked":"SKIP","floor":37},{"not_picked":["Consume"],"picked":"SKIP","floor":39}],"player_experience":1525971,"relics_obtained":[{"floor":6,"key":"PreservedInsect"},{"floor":9,"key":"Bottled Lightning"},{"floor":14,"key":"Dream Catcher"},{"floor":23,"key":"Unceasing Top"},{"floor":26,"key":"Regal Pillow"},{"floor":27,"key":"Pen Nib"},{"floor":36,"key":"Girya"}],"event_choices":[{"damage_healed":0,"gold_gain":0,"player_choice":"Ignored","damage_taken":0,"max_hp_gain":0,"max_hp_loss":0,"event_name":"Shining Light","floor":5,"gold_loss":0},{"damage_healed":21,"gold_gain":0,"player_choice":"Healed","damage_taken":0,"max_hp_gain":0,"max_hp_loss":0,"event_name":"The Cleric","floor":11,"gold_loss":35},{"damage_healed":0,"gold_gain":0,"player_choice":"2 cards matched","damage_taken":0,"max_hp_gain":0,"max_hp_loss":0,"event_name":"Match and Keep!","floor":12,"gold_loss":0,"cards_obtained":["Pain","Genetic Algorithm"]},{"damage_healed":0,"gold_gain":0,"player_choice":"Forge","damage_taken":0,"max_hp_gain":0,"max_hp_loss":0,"event_name":"Accursed Blacksmith","floor":22,"gold_loss":0,"cards_upgraded":["Genetic Algorithm"]},{"cards_removed":["Rip and Tear"],"damage_healed":73,"gold_gain":0,"player_choice":"Offered Uncommon","damage_taken":0,"max_hp_gain":0,"max_hp_loss":0,"event_name":"Bonfire Elementals","floor":25,"gold_loss":0},{"damage_healed":0,"gold_gain":0,"player_choice":"Fight","damage_taken":0,"max_hp_gain":0,"max_hp_loss":0,"event_name":"MindBloom","floor":36,"gold_loss":0},{"damage_healed":0,"gold_gain":0,"player_choice":"1 cards matched","damage_taken":0,"max_hp_gain":0,"max_hp_loss":0,"event_name":"Match and Keep!","floor":38,"gold_loss":0,"cards_obtained":["Biased Cognition"]}],"is_beta":false,"boss_relics":[{"not_picked":["Philosopher\u0027s Stone","Lizard Tail"],"picked":"Busted Crown"},{"not_picked":["White Beast Statue","Tiny House"],"picked":"Astrolabe"}],"items_purged_floors":[20],"is_endless":false,"potions_floor_spawned":[1,3,4,7,19,24,27,28,35,36],"killed_by":"Sphere and 2 Shapes","ascension_level":15}