{"gold_per_floor":[117,128,139,139,64,64,64,81,81,100,0,0,14,25,25,130,130,147,166,184,59,73,89,103,103,155,155,155],"floor_reached":28,"playtime":1029,"items_purged":["Strike_R","Strike_R","Strike_R"],"score":216,"play_id":"71c3051e-9021-4b2f-94fa-1947b1a18e9a","local_time":"20181006190232","is_ascension_mode":false,"campfire_choices":[{"data":"Corruption","floor":6,"key":"SMITH"},{"data":"Flame Barrier","floor":12,"key":"SMITH"},{"data":"Bash","floor":15,"key":"SMITH"},{"floor":25,"key":"REST"}],"neow_cost":"NONE","seed_source_timestamp":1128730041993053,"circlet_count":0,"master_deck":["Strike_R","Strike_R","Defend_R+1","Defend_R+1","Defend_R","Bash+1","Thunderclap","Corruption+1","Flame Barrier+1","Clash","Clash","Limit Break","Decay"],"relics":["Burning Blood","NeowsBlessing","War Paint","Bottled Flame","White Beast Statue","Smiling Mask"],"potions_floor_usage":[16,18,20,22,23,23,24],"damage_taken":[{"damage":0,"enemies":"Cultist","floor":1,"turns":1},{"damage":0,"enemies":"Small Slimes","floor":2,"turns":1},{"damage":0,"enemies":"2 Louse","floor":3,"turns":1},{"damage":34,"enemies":"Exordium Thugs","floor":8,"turns":6},{"damage":4,"enemies":"Blue Slaver","floor":10,"turns":4},{"damage":2,"enemies":"2 Fungi Beasts","floor":13,"turns":5},{"damage":0,"enemies":"Exordium Wildlife","floor":14,"turns":4},{"damage":13,"enemies":"Hexaghost","floor":16,"turns":9},{"damage":5,"enemies":"2 Thieves","floor":18,"turns":5},{"damage":14,"enemies":"Shell Parasite","floor":19,"turns":6},{"damage":26,"enemies":"Snecko","floor":20,"turns":8},{"damage":27,"enemies":"Cultist and Chosen","floor":22,"turns":8},{"damage":13,"enemies":"Chosen and Byrds","floor":23,"turns":8},{"damage":8,"enemies":"Centurion and Healer","floor":24,"turns":6},{"damage":57,"enemies":"Slavers","floor":28,"turns":4}],"seed_played":"1717623108616746088","potions_obtained":[{"floor":2,"key":"Ancient Potion"},{"floor":13,"key":"SkillPotion"},{"floor":16,"key":"Block Potion"},{"floor":18,"key":"SteroidPotion"},{"floor":19,"key":"AttackPotion"},{"floor":20,"key":"SteroidPotion"},{"floor":22,"key":"Fire Potion"},{"floor":23,"key":"BloodPotion"},{"floor":24,"key":"Dexterity Potion"}],"is_trial":false,"path_per_floor":["M","M","M","?","$","R","?","M","T","M","$","R","M","M","R","B",null,"M","M","M","$","M","M","M","R","T","?"],"character_chosen":"IRONCLAD","items_purchased":[],"campfire_rested":1,"item_purchase_floors":[],"current_hp_per_floor":[80,80,80,73,73,73,66,38,38,40,40,40,44,50,50,43,80,80,72,52,52,31,24,30,54,54,54,0],"gold":155,"neow_bonus":"THREE_ENEMY_KILL","is_prod":false,"is_daily":false,"chose_seed":false,"campfire_upgraded":3,"win_rate":0,"timestamp":1538877752,"path_taken":["M","?","M","?","$","R","?","M","T","?","?","R","M","?","R","BOSS","M","?","?","$","M","M","M","R","T","?","E"],"build_version":"2018-10-04v2","purchased_purges":3,"victory":false,"max_hp_per_floor":[80,80,80,80,80,80,80,80,80,80,80,80,80,80,80,80,80,80,80,80,80,80,80,80,80,80,80,80],"card_choices":[{"not_picked":["Clash","Cleave"],"picked":"Thunderclap","floor":1},{"not_picked":["Heavy Blade","Berserk","Body Slam"],"picked":"SKIP","floor":2},{"not_picked":["Cleave","Seeing Red"],"picked":"Corruption","floor":3},{"not_picked":["Seeing Red","Twin Strike"],"picked":"Flame Barrier","floor":8},{"not_picked":["Shrug It Off","Thunderclap","Spot Weakness"],"picked":"SKIP","floor":10},{"not_picked":["Rage","Rupture"],"picked":"Clash","floor":13},{"not_picked":["Iron Wave","Exhume"],"picked":"Clash","floor":14},{"not_picked":["Offering","Immolate"],"picked":"Limit Break","floor":16},{"not_picked":["Havoc+1","Perfected Strike","Heavy Blade"],"picked":"SKIP","floor":18},{"not_picked":["Rampage","Twin Strike","Shrug It Off"],"picked":"SKIP","floor":19},{"not_picked":["True Grit+1","Headbutt+1","Flex"],"picked":"SKIP","floor":20},{"not_picked":["Thunderclap","Double Tap","Sword Boomerang+1"],"picked":"SKIP","floor":22},{"not_picked":["Entrench","Twin Strike","Heavy Blade"],"picked":"SKIP","floor":23},{"not_picked":["Headbutt+1","Sentinel","True Grit"],"picked":"SKIP","floor":24}],"player_experience":275344,"relics_obtained":[{"floor":9,"key":"Bottled Flame"},{"floor":26,"key":"Smiling Mask"}],"event_choices":[{"event_name":"Golden Wing","player_choice":"Card Removal","floor":4,"damage_taken":0},{"event_name":"Scrap Ooze","player_choice":"success","floor":7,"damage_taken":7},{"event_name":"Wheel of Change","player_choice":"Curse","floor":27,"damage_taken":0}],"is_beta":false,"boss_relics":[{"not_picked":["Calling Bell","Runic Dome"],"picked":"White Beast Statue"}],"items_purged_floors":[5,11,21],"is_endless":false,"potions_floor_spawned":[2,13,16,18,19,20,22,23,24],"killed_by":"Slavers","ascension_level":0}