{"gold_per_floor":[116,128,30,45,45,45,45,77,77,110,121,1,27,27,27,124,124,124,15,15,15,15,15,15,15,15,15,15,15,15,15,15,15],"floor_reached":33,"playtime":1455,"items_purged":["Strike_R"],"score":433,"play_id":"71ed5981-a382-448b-95f1-4115cdf7a186","local_time":"20190401183349","is_ascension_mode":true,"campfire_choices":[{"data":"Inflame","floor":6,"key":"SMITH"},{"floor":15,"key":"REST"},{"floor":25,"key":"REST"},{"floor":30,"key":"REST"},{"floor":32,"key":"REST"}],"neow_cost":"NONE","seed_source_timestamp":0,"circlet_count":0,"master_deck":["Strike_R","Strike_R","Strike_R","Strike_R","Defend_R","Defend_R","Defend_R","Defend_R","Bash","Armaments","Pommel Strike","Clothesline","Inflame+1","Power Through","Spot Weakness","Offering","Shrug It Off","True Grit","Inflame","Reaper","Shrug It Off+1","Whirlwind","Flame Barrier","Battle Trance","Evolve","Power Through+1","Bludgeon","Metallicize","Havoc","Dark Embrace","Flame Barrier+1","Carnage"],"special_seed":0,"relics":["Burning Blood","Kunai","Dream Catcher","Sundial","Bottled Tornado","Dodecahedron","Ectoplasm","Du-Vu Doll","Shuriken","Ancient Tea Set","Pen Nib"],"potions_floor_usage":[13,33,33,33],"damage_taken":[{"damage":1.0,"enemies":"Cultist","floor":1.0,"turns":4.0},{"damage":10.0,"enemies":"2 Louse","floor":2.0,"turns":3.0},{"damage":13.0,"enemies":"Jaw Worm","floor":4.0,"turns":5.0},{"damage":11,"enemies":"Lagavulin","floor":8,"turns":7},{"damage":37,"enemies":"3 Sentries","floor":10,"turns":7},{"damage":4,"enemies":"Exordium Wildlife","floor":11,"turns":4},{"damage":16,"enemies":"Gremlin Nob","floor":13,"turns":3},{"damage":49,"enemies":"Hexaghost","floor":16,"turns":10},{"damage":33,"enemies":"Shell Parasite","floor":18,"turns":6},{"damage":14,"enemies":"Spheric Guardian","floor":20,"turns":4},{"damage":22,"enemies":"Snake Plant","floor":21,"turns":5},{"damage":34,"enemies":"Gremlin Leader","floor":23,"turns":6},{"damage":41,"enemies":"Slavers","floor":28,"turns":5},{"damage":29,"enemies":"Cultist and Chosen","floor":29,"turns":8},{"damage":45,"enemies":"Gremlin Leader","floor":31,"turns":7},{"damage":66,"enemies":"Champ","floor":33,"turns":7}],"seed_played":"-6937546087027962950","potions_obtained":[{"floor":10,"key":"AttackPotion"},{"floor":13,"key":"GamblersBrew"},{"floor":16,"key":"Ancient Potion"},{"floor":18,"key":"Ancient Potion"},{"floor":23,"key":"Strength Potion"}],"is_trial":false,"path_per_floor":["M","M","$","M","?","R","?","E","T","E","M","$","E","?","R","B",null,"M","$","M","M","?","E","?","R","T","$","E","M","R","E","R","B"],"character_chosen":"IRONCLAD","items_purchased":["Clothesline","Inflame","True Grit","Whirlwind","Flame Barrier"],"campfire_rested":4,"item_purchase_floors":[3,3,12,19,19],"current_hp_per_floor":[85,81,81,74,71,71,76,71,71,40,42,42,32,32,59,16,74,59,59,63,54,54,26,26,53,53,53,38,23,50,31,58,0],"gold":15,"neow_bonus":"TEN_PERCENT_HP_BONUS","is_prod":false,"is_daily":false,"chose_seed":false,"campfire_upgraded":1,"win_rate":0,"timestamp":1554168829,"path_taken":["M","M","$","?","?","R","?","E","T","E","M","?","E","?","R","BOSS","M","$","M","M","?","E","?","R","T","?","E","M","R","E","R","BOSS"],"build_version":"2019-01-23","purchased_purges":1,"victory":false,"max_hp_per_floor":[88,88,88,88,88,88,93,93,93,93,93,93,93,93,93,93,93,93,93,93,93,93,93,93,93,93,93,93,93,93,93,93,93],"card_choices":[{"not_picked":["True Grit","Thunderclap"],"picked":"Armaments","floor":1.0},{"not_picked":["Wild Strike","True Grit"],"picked":"Pommel Strike","floor":2.0},{"not_picked":["Fire Breathing","Armaments"],"picked":"Power Through","floor":4.0},{"not_picked":["Sever Soul","Bloodletting"],"picked":"Spot Weakness","floor":8},{"not_picked":["Sever Soul","Clash"],"picked":"Offering","floor":10},{"not_picked":["Havoc","Infernal Blade"],"picked":"Shrug It Off","floor":11},{"not_picked":["Warcry","Perfected Strike"],"picked":"Inflame","floor":13},{"not_picked":["Offering","Dark Embrace"],"picked":"Reaper","floor":16},{"not_picked":["Seeing Red","Flex+1"],"picked":"Shrug It Off+1","floor":18},{"not_picked":["Reckless Charge","Sentinel"],"picked":"Battle Trance","floor":20},{"not_picked":["Warcry","Wild Strike+1"],"picked":"Evolve","floor":21},{"not_picked":["Clash","Sword Boomerang"],"picked":"Power Through+1","floor":23},{"not_picked":["Pommel Strike","Wild Strike+1"],"picked":"Bludgeon","floor":25},{"not_picked":["Whirlwind","Rage"],"picked":"Metallicize","floor":28},{"not_picked":["Twin Strike","Sword Boomerang"],"picked":"Havoc","floor":29},{"not_picked":["Havoc","Thunderclap+1"],"picked":"Dark Embrace","floor":30},{"not_picked":["Double Tap","Iron Wave+1"],"picked":"Flame Barrier+1","floor":31},{"not_picked":["Rupture+1","Wild Strike"],"picked":"Carnage","floor":32}],"player_experience":348629,"relics_obtained":[{"floor":8,"key":"Dream Catcher"},{"floor":9,"key":"Sundial"},{"floor":10,"key":"Bottled Tornado"},{"floor":13,"key":"Dodecahedron"},{"floor":23,"key":"Du-Vu Doll"},{"floor":26,"key":"Shuriken"},{"floor":28,"key":"Ancient Tea Set"},{"floor":31,"key":"Pen Nib"}],"event_choices":[{"damage_healed":0,"gold_gain":0,"player_choice":"Success","damage_taken":3,"relics_obtained":["Kunai"],"max_hp_gain":0,"max_hp_loss":0,"event_name":"Scrap Ooze","floor":5,"gold_loss":0},{"damage_healed":0,"gold_gain":0,"player_choice":"Donut","damage_taken":0,"max_hp_gain":5,"max_hp_loss":0,"event_name":"Big Fish","floor":7,"gold_loss":0},{"damage_healed":0,"gold_gain":0,"player_choice":"Leave","damage_taken":0,"max_hp_gain":0,"max_hp_loss":0,"event_name":"The Cleric","floor":14,"gold_loss":0},{"damage_healed":0,"gold_gain":0,"player_choice":"Ignored","damage_taken":0,"max_hp_gain":0,"max_hp_loss":0,"event_name":"Vampires","floor":22,"gold_loss":0},{"damage_healed":0,"gold_gain":0,"player_choice":"Ignored","damage_taken":0,"max_hp_gain":0,"max_hp_loss":0,"event_name":"Ghosts","floor":24,"gold_loss":0}],"is_beta":false,"boss_relics":[{"not_picked":["Runic Cube","Coffee Dripper"],"picked":"Ectoplasm"}],"items_purged_floors":[12],"is_endless":false,"potions_floor_spawned":[10,13,16,18,20,23],"killed_by":"Champ","ascension_level":7}