{"gold_per_floor":[110,110,130,141,151,151,177,177,177,191,206,206],"floor_reached":12,"playtime":471,"items_purged":[],"score":164,"play_id":"306371b6-4ee7-4a61-8b21-3f7b7d9a0a53","local_time":"20190430181304","is_ascension_mode":true,"campfire_choices":[{"data":"Zap","floor":6,"key":"SMITH"},{"data":"Reinforced Body","floor":8,"key":"SMITH"}],"neow_cost":"NONE","seed_source_timestamp":3270062173017001,"circlet_count":0,"master_deck":["AscendersBane","Strike_B","Strike_B","Strike_B","Strike_B","Defend_B","Defend_B","Defend_B","Defend_B","Zap+1","Dualcast","Sweeping Beam","Compile Driver","Reinforced Body+1","Self Repair","Rainbow","Steam"],"relics":["Cracked Core","Anchor","Blue Candle","Ancient Tea Set"],"potions_floor_usage":[7,11,12],"damage_taken":[{"damage":10,"enemies":"2 Louse","floor":1,"turns":3},{"damage":0,"enemies":"Cultist","floor":3,"turns":3},{"damage":3,"enemies":"Small Slimes","floor":4,"turns":3},{"damage":0,"enemies":"2 Fungi Beasts","floor":5,"turns":3},{"damage":18,"enemies":"3 Sentries","floor":7,"turns":6},{"damage":0,"enemies":"Large Slime","floor":10,"turns":6},{"damage":0,"enemies":"Lots of Slimes","floor":11,"turns":2},{"damage":61,"enemies":"Gremlin Nob","floor":12,"turns":4}],"seed_played":"-8777108477730859768","potions_obtained":[{"floor":4,"key":"SteroidPotion"},{"floor":5,"key":"Block Potion"},{"floor":11,"key":"EssenceOfSteel"}],"is_trial":false,"path_per_floor":["M","?","M","M","M","R","E","R","T","M","M","E"],"character_chosen":"DEFECT","items_purchased":[],"campfire_rested":0,"item_purchase_floors":[],"current_hp_per_floor":[61,61,61,58,58,58,40,40,40,47,47,0],"gold":206,"neow_bonus":"TEN_PERCENT_HP_BONUS","is_prod":false,"is_daily":false,"chose_seed":false,"campfire_upgraded":2,"win_rate":0,"timestamp":1556644384,"path_taken":["M","?","?","M","M","R","E","R","T","?","M","E"],"build_version":"2019-01-23","purchased_purges":0,"victory":false,"max_hp_per_floor":[78,78,78,78,78,78,78,78,78,78,78,78],"card_choices":[{"not_picked":["Streamline","Blizzard"],"picked":"Sweeping Beam","floor":1},{"not_picked":["Leap","Rebound"],"picked":"Compile Driver","floor":3},{"not_picked":["Reprogram","Cold Snap"],"picked":"Reinforced Body","floor":4},{"not_picked":["Hologram","Rebound"],"picked":"Self Repair","floor":5},{"not_picked":["Force Field","Gash","Stack"],"picked":"SKIP","floor":7},{"not_picked":["Cold Snap","Storm"],"picked":"Rainbow","floor":10},{"not_picked":["Coolheaded","Stack"],"picked":"Steam","floor":11}],"player_experience":265462,"relics_obtained":[{"floor":2,"key":"Anchor"},{"floor":7,"key":"Blue Candle"},{"floor":9,"key":"Ancient Tea Set"}],"event_choices":[{"damage_healed":0,"gold_gain":0,"player_choice":"Relic","damage_taken":0,"max_hp_gain":0,"max_hp_loss":0,"event_name":"Wheel of Change","floor":2,"gold_loss":0}],"is_beta":false,"boss_relics":[],"items_purged_floors":[],"is_endless":false,"potions_floor_spawned":[4,5,11],"killed_by":"Gremlin Nob","ascension_level":20}