{"gold_per_floor":[111,111,111,127,127,127,139,139,165,177,177,177,191,209,209,309,309,320,320],"floor_reached":19,"playtime":835,"items_purged":[],"score":207,"play_id":"734058ed-5f04-494f-b434-44711e6905e0","local_time":"20190406233532","is_ascension_mode":true,"campfire_choices":[{"data":"Deep Breath","floor":6,"key":"SMITH"},{"floor":8,"key":"REST"},{"data":"Zap","floor":12,"key":"SMITH"},{"data":"Conserve Battery","floor":15,"key":"SMITH"}],"neow_cost":"NONE","seed_source_timestamp":22072333505636,"circlet_count":0,"master_deck":["Strike_B","Strike_B","Strike_B+1","Defend_B","Defend_B","Defend_B","Zap+1","Dualcast+1","Deep Breath+1","Melter","Conserve Battery+1","Leap","Streamline","Streamline","Capacitor","Fission","Beam Cell+1"],"relics":["Cracked Core","DataDisk","Inserter"],"potions_floor_usage":[16,19],"damage_taken":[{"damage":4,"enemies":"Jaw Worm","floor":1,"turns":3},{"damage":1,"enemies":"Cultist","floor":4,"turns":3},{"damage":2,"enemies":"2 Louse","floor":7,"turns":2},{"damage":9,"enemies":"Exordium Thugs","floor":10,"turns":3},{"damage":0,"enemies":"Blue Slaver","floor":13,"turns":3},{"damage":3,"enemies":"Lots of Slimes","floor":14,"turns":3},{"damage":22,"enemies":"Hexaghost","floor":16,"turns":8},{"damage":43,"enemies":"2 Thieves","floor":18,"turns":4},{"damage":21,"enemies":"Masked Bandits","floor":19,"turns":3}],"seed_played":"4355456554236828683","potions_obtained":[{"floor":4,"key":"Ancient Potion"},{"floor":7,"key":"Poison Potion"},{"floor":14,"key":"SpeedPotion"}],"is_trial":false,"path_per_floor":["M","?","?","M","?","R","M","R","T","M","?","R","M","M","R","B",null,"M","?"],"character_chosen":"DEFECT","items_purchased":[],"campfire_rested":1,"item_purchase_floors":[],"current_hp_per_floor":[64,57,42,41,41,41,39,61,61,52,45,45,45,42,42,20,61,18,0],"gold":320,"neow_bonus":"RANDOM_COLORLESS","is_prod":false,"is_daily":false,"chose_seed":false,"campfire_upgraded":3,"win_rate":0,"timestamp":1554561332,"path_taken":["M","?","?","M","?","R","?","R","T","?","?","R","M","M","R","BOSS","M","?"],"build_version":"2019-01-23","purchased_purges":0,"victory":false,"max_hp_per_floor":[75,75,75,75,75,75,75,75,75,75,75,75,75,75,75,75,75,75,75],"card_choices":[{"not_picked":["Hello World","Leap"],"picked":"Melter","floor":1},{"not_picked":["Compile Driver","Go for the Eyes"],"picked":"Conserve Battery","floor":4},{"not_picked":["Streamline","Cold Snap"],"picked":"Leap","floor":7},{"not_picked":["Go for the Eyes","Static Discharge"],"picked":"Streamline","floor":10},{"not_picked":["Stack","Redo"],"picked":"Streamline","floor":13},{"not_picked":["Hyperbeam","Streamline"],"picked":"Capacitor","floor":14},{"not_picked":["Rainbow","Creative AI"],"picked":"Fission","floor":16},{"not_picked":["Stack","Go for the Eyes"],"picked":"Beam Cell+1","floor":18}],"player_experience":273999,"relics_obtained":[{"floor":9,"key":"DataDisk"}],"event_choices":[{"cards_removed":["Strike_B"],"damage_healed":0,"gold_gain":0,"player_choice":"Card Removal","damage_taken":7,"max_hp_gain":0,"max_hp_loss":0,"event_name":"Golden Wing","floor":2,"gold_loss":0},{"damage_healed":0,"gold_gain":0,"player_choice":"Entered Light","damage_taken":15,"max_hp_gain":0,"max_hp_loss":0,"event_name":"Shining Light","floor":3,"gold_loss":0,"cards_upgraded":["Strike_B","Dualcast"]},{"cards_removed":["Defend_B"],"damage_healed":0,"gold_gain":0,"player_choice":"Purged","damage_taken":0,"max_hp_gain":0,"max_hp_loss":0,"event_name":"Purifier","floor":5,"gold_loss":0},{"damage_healed":0,"gold_gain":0,"player_choice":"Damaged","damage_taken":7,"max_hp_gain":0,"max_hp_loss":0,"event_name":"Wheel of Change","floor":11,"gold_loss":0},{"damage_healed":0,"gold_gain":0,"player_choice":"Fought Bandits","damage_taken":0,"max_hp_gain":0,"max_hp_loss":0,"event_name":"Masked Bandits","floor":19,"gold_loss":0}],"is_beta":false,"boss_relics":[{"not_picked":["Philosopher\u0027s Stone","Pandora\u0027s Box"],"picked":"Inserter"}],"items_purged_floors":[],"is_endless":false,"potions_floor_spawned":[4,7,14],"killed_by":"Masked Bandits","ascension_level":6}