{"gold_per_floor":[368,368,384,261,261,261,288,307,307,335,335,100,100,118,118,217,217,237,248,148,248,248,248,260,270,570,570,581,599,599,616,616,616],"floor_reached":33,"playtime":1417,"items_purged":["Defend_R","Strike_R"],"score":307,"play_id":"f1a48024-ff9c-4495-93a4-818a1c727f2c","local_time":"20181109121916","is_ascension_mode":false,"campfire_choices":[{"data":"Flex","floor":6,"key":"SMITH"},{"data":"Bash","floor":11,"key":"SMITH"},{"data":"Heavy Blade","floor":15,"key":"SMITH"},{"floor":23,"key":"REST"},{"floor":27,"key":"REST"},{"floor":30,"key":"REST"},{"floor":32,"key":"REST"}],"neow_cost":"PERCENT_DAMAGE","seed_source_timestamp":1458730852480058,"circlet_count":0,"master_deck":["Strike_R","Strike_R","Strike_R","Defend_R","Defend_R","Defend_R","Bash+1","Flex+1","Shrug It Off","Heavy Blade+1","Heavy Blade","Reaper","True Grit","Panacea","Malaise","Genetic Algorithm","Deflect+1","Panacea"],"relics":["Burning Blood","Pear","Omamori","Darkstone Periapt","Kunai","PrismaticShard","Singing Bowl","Fusion Hammer","Old Coin"],"potions_floor_usage":[10,16,33,33],"damage_taken":[{"damage":0,"enemies":"Small Slimes","floor":1,"turns":4},{"damage":7,"enemies":"Cultist","floor":3,"turns":5},{"damage":27,"enemies":"Gremlin Nob","floor":7,"turns":4},{"damage":3,"enemies":"Jaw Worm","floor":8,"turns":3},{"damage":28,"enemies":"3 Sentries","floor":10,"turns":9},{"damage":1,"enemies":"2 Fungi Beasts","floor":14,"turns":4},{"damage":39,"enemies":"The Guardian","floor":16,"turns":8},{"damage":22,"enemies":"2 Thieves","floor":18,"turns":4},{"damage":0,"enemies":"3 Byrds","floor":19,"turns":7},{"damage":17,"enemies":"Snake Plant","floor":24,"turns":5},{"damage":51,"enemies":"3 Cultists","floor":25,"turns":7},{"damage":19,"enemies":"Centurion and Healer","floor":28,"turns":7},{"damage":19,"enemies":"Chosen and Byrds","floor":29,"turns":8},{"damage":21,"enemies":"Snake Plant","floor":31,"turns":7},{"damage":122,"enemies":"Champ","floor":33,"turns":19}],"seed_played":"-5433215492444102898","potions_obtained":[{"floor":7,"key":"Energy Potion"},{"floor":8,"key":"BloodPotion"},{"floor":25,"key":"Block Potion"},{"floor":29,"key":"Block Potion"}],"is_trial":false,"path_per_floor":["M","?","M","$","T","R","E","M","T","E","R","$","?","M","R","B",null,"M","M","$","?","$","R","M","M","T","R","M","M","R","M","R","B"],"character_chosen":"IRONCLAD","items_purchased":["Shrug It Off","PrismaticShard","True Grit"],"campfire_rested":4,"item_purchase_floors":[4,12,12],"current_hp_per_floor":[62,62,61,61,71,71,50,53,53,31,31,31,28,33,33,27,90,76,88,88,88,88,92,94,51,51,79,83,84,98,89,98,0],"gold":616,"neow_bonus":"TWO_FIFTY_GOLD","is_prod":false,"is_daily":false,"chose_seed":false,"campfire_upgraded":3,"win_rate":0,"timestamp":1541794756,"path_taken":["M","?","?","$","?","R","E","M","T","E","R","$","?","M","R","BOSS","M","M","$","?","$","R","M","M","T","R","M","M","R","M","R","BOSS"],"build_version":"2018-11-08","purchased_purges":2,"victory":false,"max_hp_per_floor":[80,80,80,80,90,90,90,90,90,90,90,90,90,90,90,90,90,92,92,92,92,92,92,94,96,96,96,98,98,98,98,98,98],"card_choices":[{"not_picked":["Sword Boomerang","Twin Strike"],"picked":"Flex","floor":1},{"not_picked":["Pommel Strike","Wild Strike","Twin Strike"],"picked":"SKIP","floor":3},{"not_picked":["Armaments","Twin Strike"],"picked":"Heavy Blade","floor":7},{"not_picked":["Thunderclap","Reckless Charge"],"picked":"Heavy Blade","floor":8},{"not_picked":["Iron Wave","Infernal Blade"],"picked":"Reaper","floor":10},{"not_picked":["Clothesline","Body Slam"],"picked":"Panacea","floor":14},{"not_picked":["Creative AI","All For One"],"picked":"Malaise","floor":16},{"not_picked":["Reflex","Warcry+1","Deadly Poison"],"picked":"Singing Bowl","floor":18},{"not_picked":["Acrobatics","Shrug It Off"],"picked":"Genetic Algorithm","floor":19},{"not_picked":["Barrage","Sucker Punch","Deadly Poison"],"picked":"Singing Bowl","floor":24},{"not_picked":["Thunderclap","Mind Blast","Forethought"],"picked":"Singing Bowl","floor":25},{"not_picked":["Pommel Strike","Turbo","Poisoned Stab"],"picked":"Singing Bowl","floor":28},{"not_picked":["Headbutt","Auto Shields"],"picked":"Deflect+1","floor":29},{"not_picked":["Good Instincts","Clash+1"],"picked":"Panacea","floor":31}],"player_experience":326219,"relics_obtained":[{"floor":5,"key":"Pear"},{"floor":7,"key":"Omamori"},{"floor":9,"key":"Darkstone Periapt"},{"floor":10,"key":"Kunai"},{"floor":26,"key":"Old Coin"}],"event_choices":[{"cards_removed":["Strike_R"],"damage_healed":0,"gold_gain":0,"player_choice":"Purged","damage_taken":0,"max_hp_gain":0,"max_hp_loss":0,"event_name":"Purifier","floor":2,"gold_loss":0},{"damage_healed":0,"gold_gain":0,"player_choice":"Success","damage_taken":3,"relics_obtained":["Singing Bowl"],"max_hp_gain":0,"max_hp_loss":0,"event_name":"Scrap Ooze","floor":13,"gold_loss":0},{"damage_healed":0,"gold_gain":100,"player_choice":"Pray","damage_taken":0,"max_hp_gain":0,"max_hp_loss":0,"event_name":"Golden Shrine","floor":21,"gold_loss":0}],"is_beta":false,"boss_relics":[{"not_picked":["Velvet Choker","Busted Crown"],"picked":"Fusion Hammer"}],"items_purged_floors":[4,20],"is_endless":false,"potions_floor_spawned":[7,8,25,29],"killed_by":"Champ","ascension_level":0}