{"gold_per_floor":[114,114,134,134,159,159,183,183,208,208,231,244,285,309,309,309],"floor_reached":16,"playtime":563,"items_purged":[],"score":107,"play_id":"37983371-d77b-48c2-a4bb-7829efc9a477","local_time":"20181221092220","is_ascension_mode":true,"campfire_choices":[{"data":"Loop","floor":6,"key":"SMITH"},{"floor":8,"key":"REST"},{"floor":10,"key":"RECALL"},{"floor":15,"key":"REST"}],"neow_cost":"NONE","seed_source_timestamp":129653826594675,"circlet_count":0,"master_deck":["Strike_B","Strike_B","Strike_B","Strike_B","Defend_B","Defend_B","Defend_B","Defend_B","Zap","Dualcast","Coolheaded","Loop+1","Ball Lightning","BootSequence","Redo","Storm","Doom and Gloom"],"relics":["Cracked Core","Golden Idol","Strawberry","Omamori"],"potions_floor_usage":[11,11,11],"damage_taken":[{"damage":6,"enemies":"Cultist","floor":1,"turns":3},{"damage":6,"enemies":"Small Slimes","floor":3,"turns":3},{"damage":9,"enemies":"Jaw Worm","floor":5,"turns":3},{"damage":17,"enemies":"Red Slaver","floor":7,"turns":3},{"damage":0,"enemies":"Exordium Thugs","floor":11,"turns":3},{"damage":0,"enemies":"Looter","floor":12,"turns":2},{"damage":45,"enemies":"3 Sentries","floor":13,"turns":9},{"damage":45,"enemies":"Hexaghost","floor":16,"turns":9}],"seed_played":"-4252847863729085075","potions_obtained":[{"floor":3,"key":"PowerPotion"},{"floor":5,"key":"FearPotion"},{"floor":7,"key":"Fire Potion"},{"floor":12,"key":"SpeedPotion"}],"is_trial":false,"path_per_floor":["M","?","M","?","M","R","M","R","T","R","M","M","E","T","R","B"],"character_chosen":"DEFECT","items_purchased":[],"campfire_rested":2,"item_purchase_floors":[],"current_hp_per_floor":[76,76,70,63,54,54,37,59,59,59,59,59,21,21,45,0],"gold":309,"neow_bonus":"TEN_PERCENT_HP_BONUS","is_prod":false,"is_daily":false,"chose_seed":false,"campfire_upgraded":1,"win_rate":0,"timestamp":1545412940,"path_taken":["M","?","M","?","M","R","M","R","T","R","M","?","E","?","R","BOSS"],"build_version":"2018-12-20","purchased_purges":0,"victory":false,"max_hp_per_floor":[82,76,76,76,76,76,76,76,76,76,76,76,83,83,83,83],"card_choices":[{"not_picked":["Sweeping Beam","Double Energy"],"picked":"Coolheaded","floor":1},{"not_picked":["Barrage","Glacier"],"picked":"Loop","floor":3},{"not_picked":["Glacier","Barrage"],"picked":"Ball Lightning","floor":5},{"not_picked":["Hologram","Ball Lightning"],"picked":"BootSequence","floor":7},{"not_picked":["Amplify","Steam"],"picked":"Redo","floor":11},{"not_picked":["Conserve Battery","Beam Cell"],"picked":"Storm","floor":12},{"not_picked":["Stack","Go for the Eyes"],"picked":"Doom and Gloom","floor":13}],"player_experience":308485,"relics_obtained":[{"floor":13,"key":"Strawberry"},{"floor":14,"key":"Omamori"}],"event_choices":[{"damage_healed":0,"gold_gain":0,"player_choice":"Lose Max HP","damage_taken":0,"relics_obtained":["Golden Idol"],"max_hp_gain":0,"max_hp_loss":6,"event_name":"Golden Idol","floor":2,"gold_loss":0},{"damage_healed":0,"gold_gain":0,"player_choice":"Damaged","damage_taken":7,"max_hp_gain":0,"max_hp_loss":0,"event_name":"Wheel of Change","floor":4,"gold_loss":0}],"is_beta":false,"boss_relics":[],"items_purged_floors":[],"is_endless":false,"potions_floor_spawned":[3,5,7,12],"killed_by":"Hexaghost","ascension_level":1}