{"gold_per_floor":[117,129,129,0,18,18,46,46,73,92,106,141,153,181,193,302,314,346,358,310],"floor_reached":20,"playtime":649,"items_purged":[],"score":230,"play_id":"678bad57-10a1-48e1-92c9-b36e0ccf5ba2","local_time":"20190131202626","is_ascension_mode":true,"campfire_choices":[{"data":"Lockon","floor":6,"key":"SMITH"},{"floor":8,"key":"REST"},{"floor":13,"key":"REST"},{"data":"Hologram","floor":15,"key":"SMITH"}],"neow_cost":"NONE","seed_source_timestamp":883372953265336,"circlet_count":0,"master_deck":["Strike_B","Strike_B","Strike_B","Strike_B","Defend_B","Defend_B","Defend_B","Defend_B","Zap","Dualcast","Ball Lightning","Leap","Lockon+1","Darkness","Hologram+1","Leap","Sweeping Beam","Coolheaded","Redo","Machine Learning","Leap"],"relics":["Cracked Core","PreservedInsect","Anchor","MawBank","Black Star"],"potions_floor_usage":[7,7,12,14,16],"damage_taken":[{"damage":1,"enemies":"Small Slimes","floor":1,"turns":3},{"damage":9,"enemies":"Jaw Worm","floor":2,"turns":4},{"damage":0,"enemies":"Cultist","floor":5,"turns":3},{"damage":29,"enemies":"3 Sentries","floor":7,"turns":8},{"damage":8,"enemies":"3 Louse","floor":10,"turns":3},{"damage":1,"enemies":"Looter","floor":11,"turns":2},{"damage":0,"enemies":"Gremlin Nob","floor":12,"turns":2},{"damage":0,"enemies":"Exordium Wildlife","floor":14,"turns":3},{"damage":34,"enemies":"Hexaghost","floor":16,"turns":6},{"damage":10,"enemies":"Chosen","floor":18,"turns":5},{"damage":53,"enemies":"Colosseum Slavers","floor":19,"turns":5},{"damage":25,"enemies":"2 Thieves","floor":20,"turns":2}],"seed_played":"-3049236116773368084","potions_obtained":[{"floor":1,"key":"Energy Potion"},{"floor":2,"key":"SteroidPotion"},{"floor":5,"key":"Energy Potion"},{"floor":10,"key":"FocusPotion"},{"floor":12,"key":"Fire Potion"}],"is_trial":false,"path_per_floor":["M","M","?","$","M","R","E","R","T","M","M","E","R","M","R","B",null,"M","?","M"],"character_chosen":"DEFECT","items_purchased":["Lockon","Block Potion"],"campfire_rested":2,"item_purchase_floors":[4,4],"current_hp_per_floor":[81,72,72,72,72,72,43,67,67,59,58,58,82,82,82,48,82,72,19,0],"gold":310,"neow_bonus":"TEN_PERCENT_HP_BONUS","is_prod":false,"is_daily":false,"chose_seed":false,"campfire_upgraded":2,"win_rate":0,"timestamp":1548995186,"path_taken":["M","M","?","$","M","R","E","R","T","M","M","E","R","M","R","BOSS","M","?","M"],"build_version":"2019-01-23","purchased_purges":0,"victory":false,"max_hp_per_floor":[82,82,82,82,82,82,82,82,82,82,82,82,82,82,82,82,82,82,82,82],"card_choices":[{"not_picked":["Reprogram","Chill"],"picked":"Ball Lightning","floor":1},{"not_picked":["Skim","Hologram"],"picked":"Leap","floor":2},{"not_picked":["Hologram","Conserve Battery"],"picked":"Darkness","floor":5},{"not_picked":["Heatsinks","Aggregate"],"picked":"Hologram","floor":7},{"not_picked":["Reboot","Steam"],"picked":"Leap","floor":10},{"not_picked":["Double Energy","Steam"],"picked":"Sweeping Beam","floor":11},{"not_picked":["Steam Power","Reinforced Body"],"picked":"Coolheaded","floor":12},{"not_picked":["Rebound","Barrage"],"picked":"Redo","floor":14},{"not_picked":["Meteor Strike","Biased Cognition"],"picked":"Machine Learning","floor":16},{"not_picked":["Turbo","Barrage"],"picked":"Leap","floor":18}],"player_experience":347483,"relics_obtained":[{"floor":7,"key":"PreservedInsect"},{"floor":9,"key":"Anchor"},{"floor":12,"key":"MawBank"}],"event_choices":[{"damage_healed":0,"gold_gain":0,"player_choice":"Leave","damage_taken":0,"max_hp_gain":0,"max_hp_loss":0,"event_name":"The Cleric","floor":3,"gold_loss":0},{"damage_healed":0,"gold_gain":0,"player_choice":"Fight","damage_taken":0,"max_hp_gain":0,"max_hp_loss":0,"event_name":"Colosseum","floor":19,"gold_loss":0},{"damage_healed":0,"gold_gain":0,"player_choice":"Fled From Nobs","damage_taken":0,"max_hp_gain":0,"max_hp_loss":0,"event_name":"Colosseum","floor":19,"gold_loss":0}],"is_beta":false,"boss_relics":[{"not_picked":["Velvet Choker","Runic Dome"],"picked":"Black Star"}],"items_purged_floors":[],"is_endless":false,"potions_floor_spawned":[1,2,5,10,12],"killed_by":"2 Thieves","ascension_level":2}