{"gold_per_floor":[117,192,206,206,224,251,270,270,270,270,235,235,235,261,261,261],"floor_reached":16,"playtime":761,"items_purged":[],"score":157,"play_id":"4b8dfe5e-a5bd-4788-90f7-2e43a8853ec2","local_time":"20190410103116","is_ascension_mode":true,"campfire_choices":[{"floor":8,"key":"REST"},{"data":"Zap","floor":13,"key":"SMITH"},{"floor":15,"key":"REST"}],"neow_cost":"NONE","seed_source_timestamp":146290203820875,"circlet_count":0,"master_deck":["Strike_B","Strike_B","Strike_B","Defend_B","Defend_B","Defend_B","Defend_B","Zap+1","Dualcast","Reinforced Body","Glacier"],"relics":["Cracked Core","NeowsBlessing","Gremlin Horn","Matryoshka","Pear"],"potions_floor_usage":[6,14,16],"damage_taken":[{"damage":0,"enemies":"Small Slimes","floor":1,"turns":1},{"damage":0,"enemies":"Jaw Worm","floor":3,"turns":1},{"damage":0,"enemies":"Cultist","floor":5,"turns":1},{"damage":40,"enemies":"3 Sentries","floor":6,"turns":9},{"damage":3,"enemies":"Exordium Wildlife","floor":7,"turns":4},{"damage":45,"enemies":"Gremlin Nob","floor":14,"turns":6},{"damage":48,"enemies":"Hexaghost","floor":16,"turns":16}],"seed_played":"-6881043194517167886","potions_obtained":[{"floor":1,"key":"Swift Potion"},{"floor":7,"key":"Dexterity Potion"},{"floor":14,"key":"Block Potion"}],"is_trial":false,"path_per_floor":["M","?","M","?","M","E","M","R","T","?","?","$","R","E","R","B"],"character_chosen":"DEFECT","items_purchased":[],"campfire_rested":2,"item_purchase_floors":[],"current_hp_per_floor":[68,57,57,57,57,17,14,36,36,36,54,54,54,19,44,0],"gold":261,"neow_bonus":"THREE_ENEMY_KILL","is_prod":false,"is_daily":false,"chose_seed":false,"campfire_upgraded":1,"win_rate":0,"timestamp":1554885076,"path_taken":["M","?","M","?","?","E","M","R","T","?","?","?","R","E","R","BOSS"],"build_version":"2019-01-23","purchased_purges":0,"victory":false,"max_hp_per_floor":[75,75,75,75,75,75,75,75,75,75,75,75,75,85,85,85],"card_choices":[{"not_picked":["Recycle","Rebound","Turbo"],"picked":"SKIP","floor":1},{"not_picked":["Barrage","Double Energy","Recycle"],"picked":"SKIP","floor":3},{"not_picked":["Tempest","Steam","Stack"],"picked":"SKIP","floor":5},{"not_picked":["Compile Driver","Force Field"],"picked":"Reinforced Body","floor":6},{"not_picked":["Compile Driver","Force Field","Sweeping Beam"],"picked":"SKIP","floor":7},{"not_picked":["Streamline","Steam Power"],"picked":"Glacier","floor":14}],"player_experience":338086,"relics_obtained":[{"floor":6,"key":"Gremlin Horn"},{"floor":9,"key":"Matryoshka"},{"floor":14,"key":"Pear"}],"event_choices":[{"damage_healed":0,"gold_gain":75,"player_choice":"Gather Gold","damage_taken":11,"max_hp_gain":0,"max_hp_loss":0,"event_name":"World of Goop","floor":2,"gold_loss":0},{"cards_removed":["Strike_B"],"damage_healed":0,"gold_gain":0,"player_choice":"Offered Basic","damage_taken":0,"max_hp_gain":0,"max_hp_loss":0,"event_name":"Bonfire Elementals","floor":4,"gold_loss":0},{"damage_healed":0,"gold_gain":0,"player_choice":"Ignored","damage_taken":0,"max_hp_gain":0,"max_hp_loss":0,"event_name":"Golden Wing","floor":10,"gold_loss":0},{"damage_healed":18,"gold_gain":0,"player_choice":"Healed","damage_taken":0,"max_hp_gain":0,"max_hp_loss":0,"event_name":"The Cleric","floor":11,"gold_loss":35}],"is_beta":false,"boss_relics":[],"items_purged_floors":[],"is_endless":false,"potions_floor_spawned":[1,7,14],"killed_by":"Hexaghost","ascension_level":9}