{"gold_per_floor":[111,129,129,129,139,139,164,182,182,194,231,259,271,283,295,402,414,406,12,12,12,12,44,57,57],"floor_reached":25,"playtime":1684,"items_purged":["Defend_G"],"score":309,"play_id":"318b02d3-7955-474a-ae99-21a305a15583","local_time":"20190411203651","is_ascension_mode":true,"campfire_choices":[{"data":"Cloak And Dagger","floor":6,"key":"SMITH"},{"floor":10,"key":"REST"},{"data":"Cloak And Dagger","floor":13,"key":"SMITH"},{"floor":15,"key":"REST"}],"neow_cost":"NONE","seed_source_timestamp":206040761739071,"circlet_count":0,"master_deck":["Defend_G","Defend_G","Defend_G","Defend_G","Strike_G","Strike_G","Strike_G","Strike_G","Survivor","Neutralize","Accuracy","Cloak And Dagger+1","Flechettes","Adrenaline","Cloak And Dagger+1","Bullet Time","Accuracy"],"relics":["Ring of the Serpent","Omamori","MawBank","Blue Candle","Bronze Scales","Meat on the Bone","Smiling Mask"],"potions_floor_usage":[2,7,16,16,25,25],"damage_taken":[{"damage":3,"enemies":"Cultist","floor":1,"turns":4},{"damage":0,"enemies":"2 Louse","floor":2,"turns":3},{"damage":1,"enemies":"Small Slimes","floor":5,"turns":4},{"damage":31,"enemies":"3 Sentries","floor":7,"turns":10},{"damage":1,"enemies":"2 Fungi Beasts","floor":8,"turns":3},{"damage":36,"enemies":"Gremlin Nob","floor":11,"turns":5},{"damage":1,"enemies":"Looter","floor":12,"turns":3},{"damage":28,"enemies":"The Guardian","floor":16,"turns":13},{"damage":10,"enemies":"2 Thieves","floor":18,"turns":4},{"damage":47,"enemies":"Gremlin Leader","floor":23,"turns":9},{"damage":14,"enemies":"Shell Parasite","floor":24,"turns":4},{"damage":29,"enemies":"Slavers","floor":25,"turns":3}],"seed_played":"8450422790485077024","potions_obtained":[{"floor":0,"key":"Poison Potion"},{"floor":0,"key":"SneckoOil"},{"floor":0,"key":"FairyPotion"},{"floor":1,"key":"Block Potion"},{"floor":11,"key":"Swift Potion"},{"floor":12,"key":"Swift Potion"},{"floor":23,"key":"GamblersBrew"},{"floor":24,"key":"Explosive Potion"}],"is_trial":false,"path_per_floor":["M","M","?","?","M","R","E","M","T","R","E","M","R","?","R","B",null,"M","$","?","?","$","E","M","E"],"character_chosen":"THE_SILENT","items_purchased":["Meat on the Bone","Accuracy"],"campfire_rested":2,"item_purchase_floors":[19,19],"current_hp_per_floor":[60,60,65,58,57,57,26,25,25,47,11,10,10,3,25,7,58,48,48,34,60,60,25,23,0],"gold":57,"neow_bonus":"THREE_SMALL_POTIONS","is_prod":false,"is_daily":false,"chose_seed":false,"campfire_upgraded":2,"win_rate":0,"timestamp":1555007811,"path_taken":["M","M","?","?","M","R","E","M","T","R","E","M","R","?","R","BOSS","M","$","?","?","?","E","M","E"],"build_version":"2019-01-23","purchased_purges":1,"victory":false,"max_hp_per_floor":[70,70,75,75,75,75,75,75,75,75,75,75,75,75,75,75,75,75,75,80,80,80,80,80,80],"card_choices":[{"not_picked":["Bane","Quick Slash"],"picked":"Accuracy","floor":1},{"not_picked":["Blade Dance","Backflip"],"picked":"Cloak And Dagger","floor":2},{"not_picked":["Underhanded Strike","Dodge and Roll"],"picked":"Flechettes","floor":5},{"not_picked":["Crippling Poison","Flying Knee"],"picked":"Adrenaline","floor":7},{"not_picked":["Underhanded Strike","Prepared","Outmaneuver"],"picked":"SKIP","floor":8},{"not_picked":["Calculated Gamble","Dagger Throw","PiercingWail"],"picked":"SKIP","floor":11},{"not_picked":["Bane","Eviscerate"],"picked":"Cloak And Dagger","floor":12},{"not_picked":["Venomology","A Thousand Cuts"],"picked":"Bullet Time","floor":16},{"not_picked":["Poisoned Stab+1","Sucker Punch","Calculated Gamble+1"],"picked":"SKIP","floor":18},{"not_picked":["Deflect","Dodge and Roll","Bouncing Flask"],"picked":"SKIP","floor":23},{"not_picked":["Deadly Poison","Dagger Spray+1","Dodge and Roll"],"picked":"SKIP","floor":24}],"player_experience":345286,"relics_obtained":[{"floor":7,"key":"Omamori"},{"floor":9,"key":"MawBank"},{"floor":11,"key":"Blue Candle"},{"floor":23,"key":"Smiling Mask"}],"event_choices":[{"damage_healed":0,"gold_gain":0,"player_choice":"Donut","damage_taken":0,"max_hp_gain":5,"max_hp_loss":0,"event_name":"Big Fish","floor":3,"gold_loss":0},{"cards_removed":["Strike_G"],"damage_healed":0,"gold_gain":0,"player_choice":"Card Removal","damage_taken":7,"max_hp_gain":0,"max_hp_loss":0,"event_name":"Golden Wing","floor":4,"gold_loss":0},{"damage_healed":0,"gold_gain":0,"player_choice":"Success","damage_taken":7,"relics_obtained":["Bronze Scales"],"max_hp_gain":0,"max_hp_loss":0,"event_name":"Scrap Ooze","floor":14,"gold_loss":0},{"damage_healed":0,"gold_gain":0,"player_choice":"Shed Blood","damage_taken":19,"max_hp_gain":5,"max_hp_loss":0,"event_name":"Forgotten Altar","floor":20,"gold_loss":0},{"damage_healed":26,"gold_gain":0,"player_choice":"Heal","damage_taken":0,"max_hp_gain":0,"max_hp_loss":0,"event_name":"The Library","floor":21,"gold_loss":0}],"is_beta":false,"boss_relics":[{"not_picked":["Lizard Tail","Coffee Dripper"],"picked":"Ring of the Serpent"}],"items_purged_floors":[19],"is_endless":false,"potions_floor_spawned":[1,11,12,23,24],"killed_by":"Slavers","ascension_level":7}