{"gold_per_floor":[113,12,24,36,36,36,66,81,81,113,188,188,188,206,206,280,280,291,275,285,285],"floor_reached":21,"playtime":971,"items_purged":["Regret"],"score":344,"play_id":"0a431ff5-190e-4fa9-9df2-692a68a89249","local_time":"20190418002302","is_ascension_mode":true,"campfire_choices":[{"data":"Flame Barrier","floor":6,"key":"SMITH"},{"floor":12,"key":"REST"},{"floor":15,"key":"REST"}],"neow_cost":"CURSE","seed_source_timestamp":19117095613397,"circlet_count":0,"master_deck":["AscendersBane","Strike_R","Strike_R","Strike_R","Strike_R","Strike_R","Defend_R","Defend_R","Defend_R","Defend_R","Bash","Flame Barrier+1","Armaments","Iron Wave","Demon Form","Impervious","Anger","Cleave","Metallicize","Limit Break","Heavy Blade"],"relics":["Burning Blood","Ancient Tea Set","Boot","FossilizedHelix","Busted Crown"],"potions_floor_usage":[7,10,19,21],"damage_taken":[{"damage":16,"enemies":"Cultist","floor":1,"turns":5},{"damage":13,"enemies":"Jaw Worm","floor":3,"turns":4},{"damage":4,"enemies":"Small Slimes","floor":4,"turns":4},{"damage":16,"enemies":"3 Sentries","floor":7,"turns":9},{"damage":0,"enemies":"2 Fungi Beasts","floor":8,"turns":6},{"damage":45,"enemies":"Gremlin Nob","floor":10,"turns":5},{"damage":0,"enemies":"Exordium Wildlife","floor":14,"turns":4},{"damage":7,"enemies":"The Guardian","floor":16,"turns":12},{"damage":24,"enemies":"Spheric Guardian","floor":18,"turns":7},{"damage":11,"enemies":"2 Thieves","floor":19,"turns":4},{"damage":9,"enemies":"Snecko","floor":20,"turns":7},{"damage":57,"enemies":"Snake Plant","floor":21,"turns":5}],"seed_played":"4648008834764789476","potions_obtained":[{"floor":1,"key":"Dexterity Potion"},{"floor":3,"key":"SkillPotion"},{"floor":8,"key":"FearPotion"},{"floor":16,"key":"SkillPotion"},{"floor":19,"key":"AttackPotion"}],"is_trial":false,"path_per_floor":["M","$","M","M","?","R","E","M","T","E","?","R","T","M","R","B",null,"M","M","M","M"],"character_chosen":"IRONCLAD","items_purchased":["Armaments"],"campfire_rested":2,"item_purchase_floors":[2],"current_hp_per_floor":[72,72,65,67,56,56,46,52,52,13,2,28,28,34,60,59,82,64,59,56,0],"gold":285,"neow_bonus":"TWENTY_PERCENT_HP_BONUS","is_prod":false,"is_daily":false,"chose_seed":false,"campfire_upgraded":1,"win_rate":0,"timestamp":1555572182,"path_taken":["M","$","M","M","?","R","E","M","T","E","?","R","?","M","R","BOSS","M","M","M","M"],"build_version":"2019-01-23","purchased_purges":1,"victory":false,"max_hp_per_floor":[89,89,89,89,89,89,89,89,89,89,89,89,89,89,89,89,89,89,89,89,89],"card_choices":[{"not_picked":["Havoc","Anger"],"picked":"Flame Barrier","floor":1},{"not_picked":["Warcry","Evolve"],"picked":"Iron Wave","floor":3},{"not_picked":["Sword Boomerang","Thunderclap"],"picked":"Demon Form","floor":4},{"not_picked":["Rage","True Grit"],"picked":"Impervious","floor":7},{"not_picked":["Clash","Flex"],"picked":"Anger","floor":8},{"not_picked":["Thunderclap","Anger"],"picked":"Cleave","floor":10},{"not_picked":["Bloodletting","Iron Wave"],"picked":"Metallicize","floor":14},{"not_picked":["Immolate","Double Tap"],"picked":"Limit Break","floor":16},{"not_picked":[],"picked":"Heavy Blade","floor":18},{"not_picked":["Armaments"],"picked":"SKIP","floor":19},{"not_picked":["Reckless Charge+1"],"picked":"SKIP","floor":20}],"player_experience":456220,"relics_obtained":[{"floor":7,"key":"Ancient Tea Set"},{"floor":10,"key":"Boot"},{"floor":13,"key":"FossilizedHelix"}],"event_choices":[{"damage_healed":0,"gold_gain":0,"player_choice":"Fled","damage_taken":11,"max_hp_gain":0,"max_hp_loss":0,"event_name":"Scrap Ooze","floor":5,"gold_loss":0},{"damage_healed":0,"gold_gain":75,"player_choice":"Gather Gold","damage_taken":11,"max_hp_gain":0,"max_hp_loss":0,"event_name":"World of Goop","floor":11,"gold_loss":0}],"is_beta":false,"boss_relics":[{"not_picked":["Black Blood","Velvet Choker"],"picked":"Busted Crown"}],"items_purged_floors":[2],"is_endless":false,"potions_floor_spawned":[1,3,8,16,19],"killed_by":"Snake Plant","ascension_level":16}