{"gold_per_floor":[119,133,145,145,155,174,201,214,237,237,269,269,294,314,314,413,413,433,452,452,214,233,247,247,264,318,9,24,24,224,237,237,237],"floor_reached":33,"playtime":1593,"items_purged":["Strike_B"],"score":436,"play_id":"a4bdc476-7635-4259-8645-7f752a9ac0ce","local_time":"20190420213610","is_ascension_mode":true,"campfire_choices":[{"data":"Turbo","floor":12,"key":"SMITH"},{"floor":15,"key":"REST"},{"floor":24,"key":"REST"},{"data":"Hologram","floor":29,"key":"SMITH"},{"floor":32,"key":"REST"}],"neow_cost":"NONE","seed_source_timestamp":647932850680231,"circlet_count":0,"master_deck":["Strike_B","Defend_B","Defend_B","Defend_B","Zap+1","Dualcast","Beam Cell","Glacier","Gash","Ball Lightning","White Noise","Streamline","Turbo+1","Rebound","Streamline","Core Surge","Reboot","Capacitor+1","Machine Learning+1","Stack+1","Coolheaded+1","Go for the Eyes","BootSequence","FTL","Hologram+1","Gash","Reprogram","Seek","Self Repair","Conserve Battery+1"],"relics":["Cracked Core","Orichalcum","Strawberry","Blue Candle","PreservedInsect","Boot","Astrolabe","Enchiridion"],"potions_floor_usage":[7,11,11,16,19,23,31,33,33],"damage_taken":[{"damage":2,"enemies":"Jaw Worm","floor":1,"turns":3},{"damage":1,"enemies":"Cultist","floor":2,"turns":3},{"damage":0,"enemies":"Small Slimes","floor":3,"turns":2},{"damage":1,"enemies":"Exordium Thugs","floor":5,"turns":5},{"damage":5,"enemies":"Blue Slaver","floor":6,"turns":4},{"damage":16,"enemies":"Gremlin Nob","floor":7,"turns":3},{"damage":0,"enemies":"Large Slime","floor":8,"turns":3},{"damage":5,"enemies":"3 Sentries","floor":11,"turns":6},{"damage":17,"enemies":"Lagavulin","floor":13,"turns":5},{"damage":1,"enemies":"Red Slaver","floor":14,"turns":3},{"damage":0,"enemies":"Slime Boss","floor":16,"turns":6},{"damage":28,"enemies":"Shell Parasite","floor":18,"turns":5},{"damage":6,"enemies":"3 Byrds","floor":19,"turns":4},{"damage":0,"enemies":"Centurion and Healer","floor":22,"turns":4},{"damage":3,"enemies":"Snake Plant","floor":23,"turns":3},{"damage":7,"enemies":"Shelled Parasite and Fungi","floor":25,"turns":5},{"damage":2,"enemies":"Snecko","floor":28,"turns":4},{"damage":4,"enemies":"3 Cultists","floor":31,"turns":4},{"damage":77,"enemies":"Collector","floor":33,"turns":9}],"seed_played":"4488340025120000305","potions_obtained":[{"floor":2,"key":"Dexterity Potion"},{"floor":3,"key":"SteroidPotion"},{"floor":5,"key":"PowerPotion"},{"floor":7,"key":"AttackPotion"},{"floor":16,"key":"Weak Potion"},{"floor":18,"key":"AttackPotion"},{"floor":22,"key":"SteroidPotion"},{"floor":31,"key":"Fire Potion"}],"is_trial":false,"path_per_floor":["M","M","M","?","M","M","E","M","T","?","E","R","E","M","R","B",null,"M","M","?","$","M","M","R","M","T","$","M","R","?","M","R","B"],"character_chosen":"DEFECT","items_purchased":["BootSequence","FTL","Hologram","Seek","Self Repair","FocusPotion"],"campfire_rested":3,"item_purchase_floors":[21,21,21,27,27,27],"current_hp_per_floor":[66,65,65,65,64,59,43,43,50,47,42,42,25,24,48,48,74,46,40,24,24,24,21,45,38,38,38,43,43,43,46,70,0],"gold":237,"neow_bonus":"THREE_CARDS","is_prod":false,"is_daily":false,"chose_seed":false,"campfire_upgraded":2,"win_rate":0,"timestamp":1555763770,"path_taken":["M","M","M","?","M","?","E","M","T","?","E","R","E","M","R","BOSS","M","M","?","$","M","M","R","M","T","$","M","R","?","M","R","BOSS"],"build_version":"2019-01-23","purchased_purges":1,"victory":false,"max_hp_per_floor":[75,75,75,75,75,75,75,75,82,82,82,82,82,82,82,82,82,82,82,82,82,82,82,82,82,82,82,82,82,82,82,82,82],"card_choices":[{"not_picked":["Static Discharge","Aggregate"],"picked":"Beam Cell","floor":0},{"not_picked":["Barrage","Self Repair"],"picked":"Glacier","floor":1},{"not_picked":["Reinforced Body","Beam Cell"],"picked":"Gash","floor":2},{"not_picked":["Coolheaded","Hologram"],"picked":"Ball Lightning","floor":3},{"not_picked":["Redo","Compile Driver"],"picked":"White Noise","floor":5},{"not_picked":["Turbo","Chaos"],"picked":"Streamline","floor":6},{"not_picked":["White Noise","Buffer","Recycle"],"picked":"SKIP","floor":7},{"not_picked":["Lockon","Barrage"],"picked":"Turbo","floor":8},{"not_picked":["Glacier","Steam"],"picked":"Rebound","floor":11},{"not_picked":["Scrape","Turbo"],"picked":"Streamline","floor":13},{"not_picked":["Heatsinks","Beam Cell"],"picked":"Core Surge","floor":14},{"not_picked":["Creative AI","Multi-Cast"],"picked":"Reboot","floor":16},{"not_picked":["Beam Cell","Steam+1"],"picked":"Coolheaded+1","floor":18},{"not_picked":["Rebound","Streamline"],"picked":"Go for the Eyes","floor":19},{"not_picked":["Chaos","Redo","Hologram"],"picked":"SKIP","floor":22},{"not_picked":["Hyperbeam","Rebound+1"],"picked":"Gash","floor":23},{"not_picked":["Rip and Tear","Force Field+1"],"picked":"Reprogram","floor":25},{"not_picked":["Streamline","Double Energy","Darkness"],"picked":"SKIP","floor":28},{"not_picked":["Darkness+1","Loop"],"picked":"Conserve Battery+1","floor":31}],"player_experience":376768,"relics_obtained":[{"floor":7,"key":"Orichalcum"},{"floor":9,"key":"Strawberry"},{"floor":11,"key":"PreservedInsect"},{"floor":13,"key":"Boot"},{"floor":20,"key":"Enchiridion"}],"event_choices":[{"damage_healed":0,"gold_gain":0,"player_choice":"Forge","damage_taken":0,"max_hp_gain":0,"max_hp_loss":0,"event_name":"Accursed Blacksmith","floor":4,"gold_loss":0,"cards_upgraded":["Zap"]},{"damage_healed":0,"gold_gain":0,"player_choice":"Success","damage_taken":3,"relics_obtained":["Blue Candle"],"max_hp_gain":0,"max_hp_loss":0,"event_name":"Scrap Ooze","floor":10,"gold_loss":0},{"damage_healed":0,"gold_gain":0,"player_choice":"Obtained Book","damage_taken":16,"max_hp_gain":0,"max_hp_loss":0,"event_name":"Cursed Tome","floor":20,"gold_loss":0},{"damage_healed":0,"gold_gain":200,"player_choice":"Gold","damage_taken":0,"max_hp_gain":0,"max_hp_loss":0,"event_name":"Wheel of Change","floor":30,"gold_loss":0}],"is_beta":false,"boss_relics":[{"not_picked":["Runic Pyramid","Snecko Eye"],"picked":"Astrolabe"}],"items_purged_floors":[21],"is_endless":false,"potions_floor_spawned":[2,3,5,7,16,18,22,31],"killed_by":"Collector","ascension_level":7}