{"gold_per_floor":[113,129,143,73,89,89,117,292,292,304,13,31,48,82,82,157,157,173,273,273,290,190,224,240,266,266,276,310,321,421,449,449,521,521,534,546,141,159,179,214,231,261,285,312,360,360,387,105,105,105],"floor_reached":51,"playtime":2662,"items_purged":["Doubt","Eviscerate","Strike_G"],"score":1679,"play_id":"80ed2aa8-6304-4ed4-bff1-3b8afd656fb4","local_time":"20190426130620","is_ascension_mode":true,"campfire_choices":[{"data":"Neutralize","floor":6.0,"key":"SMITH"},{"data":"Die Die Die","floor":10.0,"key":"SMITH"},{"floor":15.0,"key":"REST"},{"floor":32,"key":"REST"},{"floor":49,"key":"RECALL"}],"neow_cost":"NONE","seed_source_timestamp":0,"circlet_count":0,"master_deck":["AscendersBane","Defend_G","Defend_G","Defend_G","Defend_G","Defend_G","Strike_G","Strike_G","Strike_G","Strike_G","Survivor","Neutralize+1","Backstab","Dagger Throw","After Image","Die Die Die+1","Deadly Poison","Poisoned Stab","Poisoned Stab","After Image","Bouncing Flask+1","Burst+1","Deep Breath+1","Escape Plan+1","Noxious Fumes","Deadly Poison+1","Backflip+1","Catalyst+1","Corpse Explosion+1","Backflip+1","Burst+1","Deadly Poison+1","Deflect+1","PiercingWail+1","PiercingWail+1","PiercingWail+1","Dodge and Roll+1","Crippling Poison+1","Dodge and Roll+1","Madness+1","Madness+1","Catalyst+1"],"special_seed":0,"relics":["Ring of the Snake","Bag of Preparation","Happy Flower","MawBank","PreservedInsect","Toxic Egg 2","Fusion Hammer","Turnip","Meat on the Bone","Ornamental Fan","Paper Crane","Letter Opener","Ice Cream","Darkstone Periapt","Coffee Dripper","Art of War","Medical Kit","Ginger","Orichalcum","Ancient Tea Set","Lantern","Bird Faced Urn","Oddly Smooth Stone"],"potions_floor_usage":[28,28,33,47,47],"damage_taken":[{"damage":0.0,"enemies":"Cultist","floor":1.0,"turns":5.0},{"damage":4.0,"enemies":"Jaw Worm","floor":2.0,"turns":7.0},{"damage":8.0,"enemies":"Small Slimes","floor":3.0,"turns":3.0},{"damage":10.0,"enemies":"Looter","floor":5.0,"turns":4.0},{"damage":31.0,"enemies":"Lagavulin","floor":7.0,"turns":8.0},{"damage":5.0,"enemies":"Exordium Thugs","floor":12.0,"turns":4.0},{"damage":0.0,"enemies":"Gremlin Gang","floor":13.0,"turns":4.0},{"damage":3.0,"enemies":"3 Sentries","floor":14.0,"turns":6.0},{"damage":16.0,"enemies":"The Guardian","floor":16.0,"turns":10.0},{"damage":5.0,"enemies":"Spheric Guardian","floor":18.0,"turns":4.0},{"damage":14.0,"enemies":"Colosseum Slavers","floor":19.0,"turns":3.0},{"damage":3.0,"enemies":"Colosseum Nobs","floor":19.0,"turns":3.0},{"damage":0,"enemies":"Chosen","floor":21,"turns":4},{"damage":0,"enemies":"Gremlin Leader","floor":23,"turns":3},{"damage":8,"enemies":"Snake Plant","floor":24,"turns":4},{"damage":14,"enemies":"Book of Stabbing","floor":25,"turns":5},{"damage":0,"enemies":"Centurion and Healer","floor":27,"turns":5},{"damage":0,"enemies":"Gremlin Leader","floor":28,"turns":6},{"damage":0,"enemies":"3 Cultists","floor":29,"turns":3},{"damage":34,"enemies":"Slavers","floor":31,"turns":4},{"damage":0,"enemies":"Collector","floor":33,"turns":6},{"damage":0,"enemies":"Orb Walker","floor":35,"turns":3},{"damage":1,"enemies":"3 Shapes","floor":36,"turns":2},{"damage":3,"enemies":"Maw","floor":38,"turns":5},{"damage":0,"enemies":"Transient","floor":39,"turns":5},{"damage":0,"enemies":"Giant Head","floor":40,"turns":2},{"damage":0,"enemies":"3 Darklings","floor":41,"turns":1},{"damage":1,"enemies":"Reptomancer","floor":42,"turns":5},{"damage":12,"enemies":"Nemesis","floor":44,"turns":5},{"damage":27,"enemies":"Reptomancer","floor":47,"turns":6},{"damage":10,"enemies":"Awakened One","floor":50,"turns":12}],"seed_played":"4903659903181554908","potions_obtained":[{"floor":2.0,"key":"Energy Potion"},{"floor":7.0,"key":"Dexterity Potion"},{"floor":12.0,"key":"Dexterity Potion"},{"floor":13.0,"key":"Block Potion"},{"floor":16.0,"key":"EssenceOfSteel"},{"floor":23,"key":"Strength Potion"},{"floor":25,"key":"GhostInAJar"},{"floor":28,"key":"Strength Potion"},{"floor":31,"key":"Swift Potion"},{"floor":35,"key":"Swift Potion"},{"floor":36,"key":"Explosive Potion"}],"is_trial":false,"path_per_floor":["M","M","M","$","M","R","E","?","T","R","$","M","M","E","R","B",null,"M","?","?","M","$","E","M","E","T","M","E","M","?","E","R","B",null,"M","M","$","M","M","E","M","E","T","E","T","?","E","$","R","B",null],"character_chosen":"THE_SILENT","items_purchased":["After Image","PreservedInsect","Deadly Poison","Poisoned Stab","Art of War","PiercingWail+1","Medical Kit","Oddly Smooth Stone"],"campfire_rested":2,"item_purchase_floors":[4,11,11,11,37,37,37,48],"current_hp_per_floor":[63,59,51,51,41,41,10,10,10,10,10,5,5,2,23,7,54,49,32,32,44,44,44,36,34,34,46,46,46,46,24,45,45,64,64,63,63,60,60,60,60,59,59,47,47,38,23,23,23,31],"gold":105,"neow_bonus":"RANDOM_COMMON_RELIC","is_prod":false,"is_daily":false,"chose_seed":false,"campfire_upgraded":2,"win_rate":0,"timestamp":1556309180,"path_taken":["M","M","M","$","?","R","E","?","T","R","$","M","M","E","R","BOSS","M","?","?","?","$","E","M","E","T","M","E","?","?","E","R","BOSS","M","M","$","M","M","E","M","E","T","E","?","?","E","$","R","BOSS"],"build_version":"2019-01-23","purchased_purges":3,"victory":true,"max_hp_per_floor":[70,70,70,70,70,70,70,70,70,70,70,70,70,70,70,70,70,70,70,70,70,70,70,70,70,70,70,70,70,70,70,70,70,70,70,70,70,70,70,70,70,70,70,70,70,70,70,70,70,70],"card_choices":[{"not_picked":["Slice","Acrobatics","Terror"],"picked":"SKIP","floor":1.0},{"not_picked":["Bane","PiercingWail"],"picked":"Backstab","floor":2.0},{"not_picked":["Outmaneuver","Deflect"],"picked":"Dagger Throw","floor":3.0},{"not_picked":["Accuracy","Reflex","Dodge and Roll"],"picked":"SKIP","floor":5.0},{"not_picked":["Well Laid Plans","Blur"],"picked":"Die Die Die","floor":7.0},{"not_picked":["All Out Attack","Heel Hook","Slice"],"picked":"SKIP","floor":12.0},{"not_picked":["Setup","Heel Hook"],"picked":"Poisoned Stab","floor":13.0},{"not_picked":["Prepared","Quick Slash","Bane"],"picked":"SKIP","floor":14.0},{"not_picked":["Grand Finale","Die Die Die"],"picked":"After Image","floor":16.0},{"not_picked":["Noxious Fumes","Acrobatics+1"],"picked":"Bouncing Flask+1","floor":18.0},{"not_picked":["Expertise+1","Slice"],"picked":"Escape Plan+1","floor":21},{"not_picked":["Dagger Throw","Flechettes+1"],"picked":"Noxious Fumes","floor":23},{"not_picked":["Bane","Masterful Stab"],"picked":"Deadly Poison+1","floor":24},{"not_picked":["Masterful Stab","Die Die Die"],"picked":"Backflip+1","floor":25},{"not_picked":["Prepared+1","Quick Slash+1"],"picked":"Catalyst+1","floor":27},{"not_picked":["Blade Dance+1","Deadly Poison+1"],"picked":"Corpse Explosion+1","floor":28},{"not_picked":["Heel Hook","Slice","Dagger Throw"],"picked":"SKIP","floor":29},{"not_picked":["Deadly Poison+1","Quick Slash"],"picked":"Backflip+1","floor":31},{"not_picked":["Corpse Explosion+1","Venomology+1"],"picked":"Burst+1","floor":33},{"not_picked":["Dagger Spray","Flying Knee+1"],"picked":"Deadly Poison+1","floor":35},{"not_picked":["Flying Knee+1","All Out Attack"],"picked":"Deflect+1","floor":36},{"not_picked":["Underhanded Strike","Poisoned Stab+1","Infinite Blades"],"picked":"SKIP","floor":38},{"not_picked":["Escape Plan+1","Underhanded Strike+1"],"picked":"PiercingWail+1","floor":39},{"not_picked":["Eviscerate+1","Backflip+1"],"picked":"PiercingWail+1","floor":40},{"not_picked":["Bane","Underhanded Strike"],"picked":"Dodge and Roll+1","floor":41},{"not_picked":["Reflex+1","Phantasmal Killer+1"],"picked":"Crippling Poison+1","floor":42},{"not_picked":["Slice","Finisher+1"],"picked":"Dodge and Roll+1","floor":44},{"not_picked":["Quick Slash","Escape Plan+1"],"picked":"Catalyst+1","floor":47}],"player_experience":316524,"relics_obtained":[{"floor":7.0,"key":"Happy Flower"},{"floor":9.0,"key":"MawBank"},{"floor":14.0,"key":"Toxic Egg 2"},{"floor":19.0,"key":"Turnip"},{"floor":19.0,"key":"Meat on the Bone"},{"floor":23,"key":"Ornamental Fan"},{"floor":25,"key":"Paper Crane"},{"floor":26,"key":"Letter Opener"},{"floor":28,"key":"Ice Cream"},{"floor":31,"key":"Darkstone Periapt"},{"floor":40,"key":"Ginger"},{"floor":42,"key":"Orichalcum"},{"floor":44,"key":"Ancient Tea Set"},{"floor":45,"key":"Lantern"},{"floor":47,"key":"Bird Faced Urn"}],"event_choices":[{"damage_healed":0.0,"max_hp_gain":0.0,"max_hp_loss":0.0,"gold_gain":175.0,"event_name":"Liars Game","player_choice":"AGREE","floor":8.0,"gold_loss":0.0,"damage_taken":0.0,"cards_obtained":["Doubt"]},{"damage_healed":0.0,"max_hp_gain":0.0,"max_hp_loss":0.0,"gold_gain":0.0,"event_name":"Colosseum","player_choice":"Fight","floor":19.0,"gold_loss":0.0,"damage_taken":0.0},{"damage_healed":0.0,"max_hp_gain":0.0,"max_hp_loss":0.0,"gold_gain":0.0,"event_name":"Colosseum","player_choice":"Fought Nobs","floor":19.0,"gold_loss":0.0,"damage_taken":0.0},{"damage_healed":0,"gold_gain":0,"player_choice":"3 cards matched","damage_taken":0,"max_hp_gain":0,"max_hp_loss":0,"event_name":"Match and Keep!","floor":20,"gold_loss":0,"cards_obtained":["Burst","Deep Breath","Eviscerate"]},{"damage_healed":0,"gold_gain":100,"player_choice":"Pray","damage_taken":0,"max_hp_gain":0,"max_hp_loss":0,"event_name":"Golden Shrine","floor":30,"gold_loss":0},{"damage_healed":0,"gold_gain":0,"player_choice":"Embrace Madness","damage_taken":9,"max_hp_gain":0,"max_hp_loss":0,"event_name":"Winding Halls","floor":46,"gold_loss":0,"cards_obtained":["Madness","Madness"]}],"is_beta":false,"boss_relics":[{"not_picked":["Eternal Feather","Empty Cage"],"picked":"Fusion Hammer"},{"not_picked":["Astrolabe","Busted Crown"],"picked":"Coffee Dripper"}],"items_purged_floors":[11,22,48],"is_endless":false,"potions_floor_spawned":[2,7,12,13,16,19,23,25,27,28,31,35,36,38],"ascension_level":13}