{"gold_per_floor":[115,65,65,15,15,49,49],"floor_reached":7,"playtime":439,"items_purged":[],"score":56,"play_id":"1a95fad9-540a-445c-a75e-5d50ea7b281a","local_time":"20190408133659","is_ascension_mode":true,"campfire_choices":[],"neow_cost":"NONE","seed_source_timestamp":15784556259378,"circlet_count":0,"master_deck":["Defend_G","Defend_G","Defend_G","Defend_G","Defend_G","Strike_G","Strike_G","Strike_G","Strike_G","Survivor","Neutralize+1","Corpse Explosion","Dodge and Roll","Backflip","Caltrops"],"relics":["Ring of the Snake","Meat on the Bone"],"potions_floor_usage":[7],"damage_taken":[{"damage":4,"enemies":"Small Slimes","floor":1,"turns":3},{"damage":34,"enemies":"Lagavulin","floor":6,"turns":9},{"damage":51,"enemies":"Lagavulin Event","floor":7,"turns":6}],"seed_played":"-5452254211103663255","potions_obtained":[{"floor":1,"key":"SneckoOil"}],"is_trial":false,"path_per_floor":["M","?","?","$","?","E","?"],"character_chosen":"THE_SILENT","items_purchased":["Backflip"],"campfire_rested":0,"item_purchase_floors":[4],"current_hp_per_floor":[66,66,71,71,71,37,0],"gold":49,"neow_bonus":"ONE_RANDOM_RARE_CARD","is_prod":false,"is_daily":false,"chose_seed":false,"campfire_upgraded":0,"win_rate":0,"timestamp":1554723419,"path_taken":["M","?","?","?","?","E","?"],"build_version":"2019-01-23","purchased_purges":0,"victory":false,"max_hp_per_floor":[70,70,75,75,75,75,75],"card_choices":[{"not_picked":["Endless Agony","Quick Slash"],"picked":"Dodge and Roll","floor":1},{"not_picked":["Dagger Spray","Concentrate"],"picked":"Caltrops","floor":6}],"player_experience":266410,"relics_obtained":[{"floor":6,"key":"Meat on the Bone"}],"event_choices":[{"cards_removed":["Strike_G"],"damage_healed":0,"gold_gain":0,"player_choice":"Card Removal","damage_taken":0,"max_hp_gain":0,"max_hp_loss":0,"event_name":"The Cleric","floor":2,"gold_loss":50},{"damage_healed":0,"gold_gain":0,"player_choice":"Donut","damage_taken":0,"max_hp_gain":5,"max_hp_loss":0,"event_name":"Big Fish","floor":3,"gold_loss":0},{"damage_healed":0,"gold_gain":0,"player_choice":"Grow","damage_taken":0,"max_hp_gain":0,"max_hp_loss":0,"event_name":"Living Wall","floor":5,"gold_loss":0,"cards_upgraded":["Neutralize"]},{"damage_healed":0,"gold_gain":0,"player_choice":"Searched \u00271\u0027 times","damage_taken":0,"max_hp_gain":0,"max_hp_loss":0,"event_name":"Dead Adventurer","floor":7,"gold_loss":0}],"is_beta":false,"boss_relics":[],"items_purged_floors":[],"is_endless":false,"potions_floor_spawned":[1],"killed_by":"Lagavulin Event","ascension_level":4}