{"gold_per_floor":[111,126,126,146,321,321,321,321,344,357,386,386,397,347,347,445,445,458,468,468,110,125,125,139,139,193,210,229,229,240,240],"floor_reached":31,"playtime":2901,"items_purged":["Doubt"],"score":335,"play_id":"5a2fe2e7-9665-49f5-963b-4b00ea03b13e","local_time":"20190417205411","is_ascension_mode":true,"campfire_choices":[{"floor":6,"key":"REST"},{"data":"Noxious Fumes","floor":8,"key":"SMITH"},{"floor":12,"key":"REST"},{"data":"Neutralize","floor":15,"key":"SMITH"},{"data":"Well Laid Plans","floor":23,"key":"SMITH"},{"floor":25,"key":"REST"},{"floor":29,"key":"REST"}],"neow_cost":"NONE","seed_source_timestamp":6051838716922,"circlet_count":0,"master_deck":["Defend_G","Defend_G+1","Defend_G","Defend_G","Defend_G","Strike_G","Strike_G","Strike_G","Strike_G","Survivor","Neutralize+1","Flying Knee+1","Noxious Fumes+1","Deflect","PiercingWail","Backstab","Night Terror","Slice","Envenom","Discovery","Well Laid Plans+1","Flash of Steel","Dodge and Roll+1","Acrobatics","PiercingWail","Blade Dance"],"relics":["Ring of the Snake","Smiling Mask","Snake Skull","Shuriken","Busted Crown","Lantern","Orichalcum"],"potions_floor_usage":[16,19,24,30,31],"damage_taken":[{"damage":0,"enemies":"Jaw Worm","floor":1,"turns":5},{"damage":0,"enemies":"2 Louse","floor":2,"turns":2},{"damage":4,"enemies":"Small Slimes","floor":4,"turns":3},{"damage":0,"enemies":"2 Fungi Beasts","floor":10,"turns":4},{"damage":31,"enemies":"Lagavulin","floor":11,"turns":8},{"damage":8,"enemies":"Lots of Slimes","floor":13,"turns":5},{"damage":12,"enemies":"Hexaghost","floor":16,"turns":10},{"damage":14,"enemies":"Chosen","floor":18,"turns":7},{"damage":8,"enemies":"3 Byrds","floor":19,"turns":4},{"damage":0,"enemies":"Centurion and Healer","floor":22,"turns":5},{"damage":16,"enemies":"Shelled Parasite and Fungi","floor":24,"turns":6},{"damage":36,"enemies":"Sentry and Sphere","floor":27,"turns":7},{"damage":4,"enemies":"Centurion and Healer","floor":28,"turns":8},{"damage":31,"enemies":"Shelled Parasite and Fungi","floor":30,"turns":7},{"damage":15,"enemies":"Book of Stabbing","floor":31,"turns":3}],"seed_played":"-8379545077650837097","potions_obtained":[{"floor":1,"key":"PowerPotion"},{"floor":2,"key":"Dexterity Potion"},{"floor":10,"key":"Energy Potion"},{"floor":13,"key":"LiquidBronze"},{"floor":22,"key":"PowerPotion"},{"floor":27,"key":"FairyPotion"},{"floor":28,"key":"SteroidPotion"}],"is_trial":false,"path_per_floor":["?","?","?","?","?","M"],"character_chosen":"THE_SILENT","items_purchased":["Well Laid Plans","Lantern","Flash of Steel"],"campfire_rested":4,"item_purchase_floors":[21,21,21],"current_hp_per_floor":[63,63,49,45,45,66,71,71,71,71,40,62,54,54,54,42,67,53,45,45,45,45,45,29,51,51,15,11,33,2,0],"gold":240,"neow_bonus":"RANDOM_COMMON_RELIC","is_prod":false,"is_daily":false,"chose_seed":false,"campfire_upgraded":3,"win_rate":0,"timestamp":1555556051,"path_taken":["M","M","?","M","?","R","?","R","T","M","E","R","M","?","R","BOSS","M","M","?","$","M","R","M","R","T","M","?","R","M","E"],"build_version":"2019-01-23","purchased_purges":1,"victory":false,"max_hp_per_floor":[70,70,70,70,70,70,75,75,75,75,75,75,75,75,75,75,75,75,75,75,75,75,75,75,75,75,75,75,75,75,75],"card_choices":[{"not_picked":["Choke","Sucker Punch"],"picked":"Flying Knee","floor":1},{"not_picked":["Dagger Throw","Flechettes","Bane"],"picked":"SKIP","floor":2},{"not_picked":["Sucker Punch","Cloak And Dagger"],"picked":"Noxious Fumes","floor":4},{"not_picked":["Setup","Bane"],"picked":"Deflect","floor":10},{"not_picked":["Acrobatics","Predator"],"picked":"PiercingWail","floor":11},{"not_picked":["Flying Knee","Underhanded Strike"],"picked":"Backstab","floor":13},{"not_picked":["Doppelganger","Phantasmal Killer"],"picked":"Night Terror","floor":16},{"not_picked":[],"picked":"Slice","floor":18},{"not_picked":["Terror"],"picked":"SKIP","floor":19},{"not_picked":["Bane"],"picked":"SKIP","floor":22},{"not_picked":[],"picked":"Dodge and Roll+1","floor":24},{"not_picked":[],"picked":"Acrobatics","floor":27},{"not_picked":[],"picked":"PiercingWail","floor":28},{"not_picked":[],"picked":"Blade Dance","floor":30}],"player_experience":565739,"relics_obtained":[{"floor":9,"key":"Snake Skull"},{"floor":11,"key":"Shuriken"},{"floor":26,"key":"Orichalcum"}],"event_choices":[{"damage_healed":0,"gold_gain":0,"player_choice":"Entered Light","damage_taken":14,"max_hp_gain":0,"max_hp_loss":0,"event_name":"Shining Light","floor":3,"gold_loss":0,"cards_upgraded":["Defend_G","Flying Knee"]},{"damage_healed":0,"gold_gain":175,"player_choice":"AGREE","damage_taken":0,"max_hp_gain":0,"max_hp_loss":0,"event_name":"Liars Game","floor":5,"gold_loss":0,"cards_obtained":["Doubt"]},{"damage_healed":0,"gold_gain":0,"player_choice":"Donut","damage_taken":0,"max_hp_gain":5,"max_hp_loss":0,"event_name":"Big Fish","floor":7,"gold_loss":0},{"cards_removed":["Strike_G"],"damage_healed":0,"gold_gain":0,"player_choice":"Card Removal","damage_taken":0,"max_hp_gain":0,"max_hp_loss":0,"event_name":"The Cleric","floor":14,"gold_loss":50},{"damage_healed":0,"gold_gain":0,"player_choice":"2 cards matched","damage_taken":0,"max_hp_gain":0,"max_hp_loss":0,"event_name":"Match and Keep!","floor":20,"gold_loss":0,"cards_obtained":["Envenom","Discovery"]}],"is_beta":false,"boss_relics":[{"not_picked":["Coffee Dripper","Runic Dome"],"picked":"Busted Crown"}],"items_purged_floors":[21],"is_endless":false,"potions_floor_spawned":[1,2,10,13,22,27,28],"killed_by":"Book of Stabbing","ascension_level":8}