{"gold_per_floor":[117,117,127,139,151,171,171,171,198,198,198,218,234,234,234,332,332,350,350,360,360,360,360,163,175,175,187,218,232,157,182,182,287,287,297,317,333,350,142,142],"floor_reached":40,"playtime":2547,"items_purged":[],"score":613,"play_id":"c9c0700d-e4a4-40c0-aefd-9cc545d7dfa8","local_time":"20190407110918","is_ascension_mode":true,"campfire_choices":[{"data":"Zap","floor":7,"key":"SMITH"},{"data":"Hologram","floor":10,"key":"SMITH"},{"floor":15,"key":"REST"},{"floor":23,"key":"REST"},{"floor":32,"key":"REST"}],"neow_cost":"NONE","seed_source_timestamp":61986001988721,"circlet_count":0,"master_deck":["Strike_B+1","Strike_B+1","Strike_B+1","Strike_B+1","Defend_B+1","Defend_B+1","Defend_B+1","Defend_B+1","Zap+1","Dualcast","Consume","Compile Driver","Redo+1","Hologram+1","Conserve Battery","Sunder","Electrodynamics","Stack","Leap","Hologram+1","Seek","Coolheaded+1","Buffer","Chill+1","Ball Lightning","BootSequence+1","Chaos+1"],"relics":["FrozenCore","Bronze Scales","Cables","ClockworkSouvenir","Vajra","Red Mask","Black Star"],"potions_floor_usage":[6,16,27,29,29,33,33,33,39,40,40,40,40,40],"damage_taken":[{"damage":0,"enemies":"2 Louse","floor":1,"turns":3},{"damage":1,"enemies":"Cultist","floor":3,"turns":4},{"damage":2,"enemies":"Jaw Worm","floor":4,"turns":3},{"damage":3,"enemies":"Blue Slaver","floor":5,"turns":3},{"damage":11,"enemies":"3 Louse","floor":6,"turns":3},{"damage":2,"enemies":"Looter","floor":12,"turns":3},{"damage":14,"enemies":"Large Slime","floor":13,"turns":4},{"damage":0,"enemies":"Slime Boss","floor":16,"turns":5},{"damage":20,"enemies":"2 Thieves","floor":18,"turns":3},{"damage":5,"enemies":"3 Byrds","floor":20,"turns":3},{"damage":0,"enemies":"Snecko","floor":25,"turns":6},{"damage":0,"enemies":"Snake Plant","floor":27,"turns":5},{"damage":7,"enemies":"Gremlin Leader","floor":28,"turns":6},{"damage":14,"enemies":"Centurion and Healer","floor":29,"turns":3},{"damage":12,"enemies":"Masked Bandits","floor":31,"turns":4},{"damage":60,"enemies":"Collector","floor":33,"turns":12},{"damage":19,"enemies":"Orb Walker","floor":35,"turns":6},{"damage":13,"enemies":"3 Darklings","floor":36,"turns":4},{"damage":7,"enemies":"Jaw Worm Horde","floor":37,"turns":4},{"damage":2,"enemies":"Spire Growth","floor":38,"turns":7},{"damage":47,"enemies":"Giant Head","floor":40,"turns":8}],"seed_played":"8660720071892685676","potions_obtained":[{"floor":4,"key":"SteroidPotion"},{"floor":6,"key":"FocusPotion"},{"floor":12,"key":"Dexterity Potion"},{"floor":20,"key":"LiquidBronze"},{"floor":25,"key":"Explosive Potion"},{"floor":28,"key":"Swift Potion"},{"floor":31,"key":"Swift Potion"},{"floor":37,"key":"SteroidPotion"},{"floor":38,"key":"Poison Potion"}],"is_trial":false,"path_per_floor":["M","?","M","M","M","M","R","$","T","R","?","M","M","?","R","B",null,"M","?","M","?","T","R","$","M","T","M","E","M","$","?","R","B",null,"M","M","M","M","$","E"],"character_chosen":"DEFECT","items_purchased":["ClockworkSouvenir","LiquidBronze","Fruit Juice","EntropicBrew"],"campfire_rested":3,"item_purchase_floors":[24,30,39,39],"current_hp_per_floor":[75,80,79,77,74,63,63,63,63,63,63,61,47,39,65,65,82,62,45,40,40,40,67,67,67,67,67,60,46,46,34,61,1,69,50,37,30,28,33,0],"gold":142,"neow_bonus":"TEN_PERCENT_HP_BONUS","is_prod":false,"is_daily":false,"chose_seed":false,"campfire_upgraded":2,"win_rate":0,"timestamp":1554602958,"path_taken":["M","?","M","M","M","M","R","$","T","R","?","M","M","?","R","BOSS","M","?","M","?","?","R","?","M","T","M","E","M","$","?","R","BOSS","M","M","M","M","$","E"],"build_version":"2019-01-23","purchased_purges":0,"victory":false,"max_hp_per_floor":[82,87,87,87,87,87,87,87,87,87,87,87,87,87,87,87,87,87,92,92,92,92,92,92,92,92,92,92,92,92,92,92,92,92,92,92,92,92,97,97],"card_choices":[{"not_picked":["Rebound","Steam"],"picked":"Consume","floor":1},{"not_picked":["Gash","Rebound"],"picked":"Compile Driver","floor":3},{"not_picked":["Heatsinks","Barrage","Force Field"],"picked":"SKIP","floor":4},{"not_picked":["Doom and Gloom","Turbo"],"picked":"Redo","floor":5},{"not_picked":["Gash","Thunder Strike"],"picked":"Hologram","floor":6},{"not_picked":["Steam","White Noise"],"picked":"Conserve Battery","floor":12},{"not_picked":["Sweeping Beam","Compile Driver"],"picked":"Sunder","floor":13},{"not_picked":["Fission","Hyperbeam"],"picked":"Electrodynamics","floor":16},{"not_picked":["FTL","Turbo"],"picked":"Stack","floor":18},{"not_picked":["Streamline","Sweeping Beam"],"picked":"Leap","floor":20},{"not_picked":["Compile Driver","White Noise","Redo"],"picked":"SKIP","floor":25},{"not_picked":["Coolheaded","Rebound+1"],"picked":"Hologram+1","floor":27},{"not_picked":["Gash","Steam"],"picked":"Seek","floor":28},{"not_picked":["Hologram","Static Discharge","Redo"],"picked":"SKIP","floor":29},{"not_picked":["Loop","BootSequence"],"picked":"Coolheaded+1","floor":31},{"not_picked":["All For One","Amplify"],"picked":"Buffer","floor":33},{"not_picked":["Undo+1","Static Discharge"],"picked":"Chill+1","floor":35},{"not_picked":["Leap+1","Gash+1"],"picked":"Ball Lightning","floor":36},{"not_picked":["Static Discharge+1","Go for the Eyes+1"],"picked":"BootSequence+1","floor":37},{"not_picked":["Redo","Coolheaded+1"],"picked":"Chaos+1","floor":38}],"player_experience":281907,"relics_obtained":[{"floor":9,"key":"Bronze Scales"},{"floor":22,"key":"Cables"},{"floor":28,"key":"Vajra"},{"floor":31,"key":"Red Mask"}],"event_choices":[{"damage_healed":0,"gold_gain":0,"player_choice":"Donut","damage_taken":0,"max_hp_gain":5,"max_hp_loss":0,"event_name":"Big Fish","floor":2,"gold_loss":0},{"damage_healed":0,"gold_gain":0,"player_choice":"Grow","damage_taken":0,"max_hp_gain":0,"max_hp_loss":0,"event_name":"Living Wall","floor":11,"gold_loss":0,"cards_upgraded":["Redo"]},{"damage_healed":0,"gold_gain":0,"player_choice":"Damaged","damage_taken":8,"max_hp_gain":0,"max_hp_loss":0,"event_name":"Wheel of Change","floor":14,"gold_loss":0},{"damage_healed":0,"gold_gain":0,"player_choice":"Shed Blood","damage_taken":22,"max_hp_gain":5,"max_hp_loss":0,"event_name":"Forgotten Altar","floor":19,"gold_loss":0},{"damage_healed":0,"gold_gain":0,"player_choice":"Simplicity","damage_taken":0,"max_hp_gain":0,"max_hp_loss":0,"event_name":"Back to Basics","floor":21,"gold_loss":0,"cards_upgraded":["Strike_B","Strike_B","Strike_B","Strike_B","Defend_B","Defend_B","Defend_B","Defend_B"]},{"damage_healed":0,"gold_gain":0,"player_choice":"Fought Bandits","damage_taken":0,"max_hp_gain":0,"max_hp_loss":0,"event_name":"Masked Bandits","floor":31,"gold_loss":0}],"is_beta":false,"boss_relics":[{"not_picked":["Astrolabe","Pandora\u0027s Box"],"picked":"FrozenCore"},{"not_picked":["Runic Dome","Runic Pyramid"],"picked":"Black Star"}],"items_purged_floors":[],"is_endless":false,"potions_floor_spawned":[4,6,12,20,25,28,31,37,38],"killed_by":"Giant Head","ascension_level":6}