{"gold_per_floor":[112,126,145,65,85,115,115,115,142,217,217,232,232,244,244,345,345,355,132,132,132,142,176,176,187,212,223,257,284,91,91,91,188,188,202,221,221,237,237,237,250,250,250,250,150,160,160,175,175,175],"floor_reached":51,"playtime":3240,"items_purged":["Strike_R","Inflame"],"score":815,"play_id":"bcb3b8ba-f82a-4581-bc5d-7c00503b1156","local_time":"20190412150603","is_ascension_mode":true,"campfire_choices":[{"data":"Offering","floor":7.0,"key":"SMITH"},{"floor":11.0,"key":"REST"},{"data":"Uppercut","floor":15.0,"key":"SMITH"},{"floor":24.0,"key":"REST"},{"floor":32.0,"key":"REST"},{"data":"Demon Form","floor":40,"key":"SMITH"},{"floor":42,"key":"REST"},{"floor":47,"key":"REST"},{"floor":49,"key":"REST"}],"neow_cost":"NONE","seed_source_timestamp":0,"circlet_count":0,"master_deck":["Strike_R","Strike_R+1","Defend_R","Defend_R+1","Bash+1","Flex+1","Cleave","Offering+1","Uppercut+1","Twin Strike","Double Tap+1","Heavy Blade+1","Dropkick+1","Demon Form+1","Dropkick+1","Shrug It Off+1","Offering+1"],"special_seed":0,"relics":["Burning Blood","Ancient Tea Set","Potion Belt","Boot","Empty Cage","Orichalcum","Anchor","Dream Catcher","Calipers","War Paint","Cauldron","MutagenicStrength","Runic Cube","Dodecahedron"],"potions_floor_usage":[48,50,50,50,50,50],"damage_taken":[{"damage":0.0,"enemies":"Small Slimes","floor":1.0,"turns":3.0},{"damage":2.0,"enemies":"Jaw Worm","floor":2.0,"turns":3.0},{"damage":2.0,"enemies":"2 Louse","floor":3.0,"turns":2.0},{"damage":35.0,"enemies":"Lots of Slimes","floor":5.0,"turns":4.0},{"damage":6.0,"enemies":"Gremlin Nob","floor":6.0,"turns":2.0},{"damage":1.0,"enemies":"Exordium Thugs","floor":12.0,"turns":2.0},{"damage":6.0,"enemies":"3 Louse","floor":14.0,"turns":1.0},{"damage":29.0,"enemies":"Hexaghost","floor":16.0,"turns":9.0},{"damage":6.0,"enemies":"Spheric Guardian","floor":18.0,"turns":2.0},{"damage":25.0,"enemies":"3 Byrds","floor":22.0,"turns":3.0},{"damage":44.0,"enemies":"Slavers","floor":23.0,"turns":6.0},{"damage":7.0,"enemies":"Sentry and Sphere","floor":25.0,"turns":3.0},{"damage":8.0,"enemies":"Cultist and Chosen","floor":27.0,"turns":4.0},{"damage":31.0,"enemies":"Gremlin Leader","floor":28.0,"turns":3.0},{"damage":21.0,"enemies":"Champ","floor":33.0,"turns":5.0},{"damage":18,"enemies":"3 Shapes","floor":35,"turns":2},{"damage":31,"enemies":"3 Darklings","floor":36,"turns":4},{"damage":12,"enemies":"Writhing Mass","floor":38,"turns":3},{"damage":28,"enemies":"Spire Growth","floor":41,"turns":3},{"damage":11,"enemies":"3 Darklings","floor":46,"turns":3},{"damage":18,"enemies":"4 Shapes","floor":48,"turns":3},{"damage":73,"enemies":"Time Eater","floor":50,"turns":7}],"seed_played":"6155299646671543661","potions_obtained":[{"floor":5.0,"key":"AttackPotion"},{"floor":6.0,"key":"AttackPotion"},{"floor":12.0,"key":"Explosive Potion"},{"floor":22.0,"key":"Weak Potion"},{"floor":23.0,"key":"Swift Potion"},{"floor":27.0,"key":"LiquidBronze"},{"floor":30.0,"key":"EssenceOfSteel"},{"floor":30.0,"key":"EssenceOfSteel"},{"floor":30.0,"key":"Regen Potion"},{"floor":30.0,"key":"SneckoOil"},{"floor":30.0,"key":"FairyPotion"},{"floor":36,"key":"SpeedPotion"},{"floor":46,"key":"Strength Potion"},{"floor":48,"key":"EntropicBrew"}],"is_trial":false,"path_per_floor":["M","M","M","$","M","E","R","?","T","?","R","M","?","M","R","B",null,"M","$","?","?","M","E","R","M","T","M","E","T","$","?","R","B",null,"M","M","?","M","?","R","M","R","T","?","$","M","R","M","R","B",null],"character_chosen":"IRONCLAD","items_purchased":["Offering","Orichalcum","Cauldron"],"campfire_rested":6,"item_purchase_floors":[4,19,30],"current_hp_per_floor":[80,80,80,80,51,51,51,33,33,22,46,51,35,35,35,12,80,80,80,80,80,61,23,47,46,46,44,19,19,19,19,43,42,80,68,43,43,37,37,37,15,37,37,37,37,32,54,42,64,13],"gold":175,"neow_bonus":"UPGRADE_CARD","is_prod":false,"is_daily":false,"chose_seed":false,"campfire_upgraded":3,"win_rate":0,"timestamp":1555074363,"path_taken":["M","M","M","$","M","E","R","?","T","?","R","M","?","M","R","BOSS","M","$","?","?","?","E","R","M","T","M","E","?","$","?","R","BOSS","M","M","?","M","?","R","?","R","T","?","$","?","R","M","R","BOSS"],"build_version":"2019-01-23","purchased_purges":2,"victory":true,"max_hp_per_floor":[80,80,80,80,80,80,80,80,80,80,80,80,80,80,80,80,80,80,80,80,80,80,80,80,80,80,80,80,80,80,80,80,80,80,80,80,80,80,76,76,76,76,76,76,76,76,76,76,76,76],"card_choices":[{"not_picked":["Anger","Headbutt"],"picked":"Flex","floor":1.0},{"not_picked":["Sentinel","Clash"],"picked":"Cleave","floor":2.0},{"not_picked":["True Grit","Hemokinesis","Wild Strike"],"picked":"SKIP","floor":3.0},{"not_picked":["Corruption","Infernal Blade","Headbutt"],"picked":"SKIP","floor":5.0},{"not_picked":["Fire Breathing","Entrench","Sentinel"],"picked":"SKIP","floor":6.0},{"not_picked":["Hemokinesis","Thunderclap"],"picked":"Uppercut","floor":12.0},{"not_picked":["True Grit","Ghostly Armor"],"picked":"Twin Strike","floor":14.0},{"not_picked":["Juggernaut","Offering"],"picked":"Double Tap","floor":16.0},{"not_picked":["Entrench+1","Carnage","Shrug It Off"],"picked":"SKIP","floor":18.0},{"not_picked":["Havoc","Body Slam","Hemokinesis+1"],"picked":"SKIP","floor":22.0},{"not_picked":["Headbutt+1","Cleave","Bludgeon"],"picked":"SKIP","floor":23.0},{"not_picked":["Thunderclap","Searing Blow","Perfected Strike"],"picked":"SKIP","floor":25.0},{"not_picked":["Searing Blow","Sword Boomerang"],"picked":"Heavy Blade+1","floor":27.0},{"not_picked":["Heavy Blade","Sever Soul+1"],"picked":"Dropkick+1","floor":28.0},{"not_picked":["Iron Wave","Burning Pact"],"picked":"Inflame","floor":32.0},{"not_picked":["Juggernaut","Barricade"],"picked":"Demon Form","floor":33.0},{"not_picked":["Warcry","Headbutt+1","Iron Wave+1"],"picked":"SKIP","floor":35},{"not_picked":["Flex","Warcry","Anger"],"picked":"SKIP","floor":36},{"not_picked":["Brutality","Perfected Strike+1"],"picked":"Dropkick+1","floor":38},{"not_picked":["Clash","Iron Wave","Pommel Strike"],"picked":"SKIP","floor":41},{"not_picked":["True Grit+1","Corruption"],"picked":"Shrug It Off+1","floor":42},{"not_picked":["Heavy Blade","Iron Wave","Thunderclap+1"],"picked":"SKIP","floor":46},{"not_picked":["Havoc+1","Sword Boomerang+1","Rampage"],"picked":"SKIP","floor":48}],"player_experience":353418,"relics_obtained":[{"floor":6.0,"key":"Ancient Tea Set"},{"floor":9.0,"key":"Boot"},{"floor":23.0,"key":"Anchor"},{"floor":26.0,"key":"Dream Catcher"},{"floor":28.0,"key":"Calipers"},{"floor":29.0,"key":"War Paint"},{"floor":43,"key":"Dodecahedron"}],"event_choices":[{"damage_healed":0.0,"max_hp_gain":0.0,"max_hp_loss":0.0,"gold_gain":0.0,"event_name":"Scrap Ooze","player_choice":"Success","floor":8.0,"gold_loss":0.0,"damage_taken":18.0,"relics_obtained":["Potion Belt"]},{"damage_healed":0.0,"max_hp_gain":0.0,"max_hp_loss":0.0,"gold_gain":75.0,"event_name":"World of Goop","player_choice":"Gather Gold","floor":10.0,"gold_loss":0.0,"damage_taken":11.0},{"damage_healed":0.0,"max_hp_gain":0.0,"max_hp_loss":0.0,"gold_gain":0.0,"event_name":"Shining Light","player_choice":"Entered Light","floor":13.0,"gold_loss":0.0,"damage_taken":16.0,"cards_upgraded":["Flex","Strike_R"]},{"damage_healed":0.0,"max_hp_gain":0.0,"max_hp_loss":0.0,"gold_gain":0.0,"event_name":"Ghosts","player_choice":"Ignored","floor":20.0,"gold_loss":0.0,"damage_taken":0.0},{"cards_removed":["Strike_R"],"damage_healed":0.0,"max_hp_gain":0.0,"max_hp_loss":0.0,"gold_gain":0.0,"event_name":"Bonfire Elementals","player_choice":"Offered Basic","floor":21.0,"gold_loss":0.0,"damage_taken":0.0},{"damage_healed":0.0,"max_hp_gain":0.0,"max_hp_loss":0.0,"gold_gain":0.0,"event_name":"Drug Dealer","player_choice":"Inject Mutagens","floor":31.0,"gold_loss":0.0,"damage_taken":0.0,"relics_obtained":["MutagenicStrength"]},{"cards_removed":["Defend_R"],"damage_healed":0,"gold_gain":0,"player_choice":"Removed Skill","damage_taken":0,"max_hp_gain":0,"max_hp_loss":0,"event_name":"Falling","floor":37,"gold_loss":0},{"damage_healed":0,"gold_gain":0,"player_choice":"Max HP","damage_taken":0,"max_hp_gain":0,"max_hp_loss":4,"event_name":"Winding Halls","floor":39,"gold_loss":0},{"damage_healed":0,"gold_gain":0,"player_choice":"Copied","damage_taken":0,"max_hp_gain":0,"max_hp_loss":0,"event_name":"Duplicator","floor":44,"gold_loss":0,"cards_obtained":["Offering"]}],"is_beta":false,"boss_relics":[{"not_picked":["Fusion Hammer","Philosopher\u0027s Stone"],"picked":"Empty Cage"},{"not_picked":["Tiny House","Mark of Pain"],"picked":"Runic Cube"}],"items_purged_floors":[19,45],"is_endless":false,"potions_floor_spawned":[5,6,12,22,23,27,36,46,48],"ascension_level":3}