{"gold_per_floor":[111,126,136,193,207,207,225,11,34,34,46,46,56,116,116,212,212,199,211,132,132,150,150,150],"floor_reached":24,"playtime":2567,"items_purged":[],"score":255,"play_id":"634299dd-fd5b-42c5-ba83-af7382dc859c","local_time":"20190416100356","is_ascension_mode":true,"campfire_choices":[{"data":"Escape Plan","floor":6,"key":"SMITH"},{"data":"Blur","floor":10,"key":"SMITH"},{"data":"Dodge and Roll","floor":12,"key":"SMITH"},{"data":"After Image","floor":15,"key":"SMITH"},{"data":"Burst","floor":23,"key":"SMITH"}],"neow_cost":"NONE","seed_source_timestamp":558349476711700,"circlet_count":0,"master_deck":["Defend_G","Defend_G","Defend_G","Defend_G","Defend_G","Survivor","Neutralize","Bouncing Flask","Predator","Escape Plan+1","Dodge and Roll+1","Blur+1","Dash","Leg Sweep","After Image+1","Burst+1","Distraction","Bite","Bite","Bite","Bite","Bite","Blur"],"relics":["Sozu","Happy Flower","Tiny Chest","Philosopher\u0027s Stone"],"potions_floor_usage":[],"damage_taken":[{"damage":2,"enemies":"Small Slimes","floor":1,"turns":4},{"damage":6,"enemies":"Jaw Worm","floor":2,"turns":4},{"damage":7,"enemies":"Cultist","floor":3,"turns":4},{"damage":3,"enemies":"Exordium Wildlife","floor":5,"turns":4},{"damage":1,"enemies":"Looter","floor":7,"turns":4},{"damage":9,"enemies":"Lots of Slimes","floor":11,"turns":5},{"damage":0,"enemies":"3 Louse","floor":13,"turns":3},{"damage":2,"enemies":"3 Sentries","floor":14,"turns":8},{"damage":16,"enemies":"The Guardian","floor":16,"turns":13},{"damage":0,"enemies":"2 Thieves","floor":18,"turns":4},{"damage":49,"enemies":"3 Byrds","floor":19,"turns":8},{"damage":4,"enemies":"Centurion and Healer","floor":22,"turns":10},{"damage":47,"enemies":"Gremlin Leader","floor":24,"turns":2}],"seed_played":"-4536128435665804517","potions_obtained":[],"is_trial":false,"path_per_floor":["M","M","M","?","M","R","M","$","T","R","M","R","M","E","R","B",null,"M","M","$","?","M","R","E"],"character_chosen":"THE_SILENT","items_purchased":["Blur","Happy Flower","Distraction"],"campfire_rested":0,"item_purchase_floors":[8,8,20],"current_hp_per_floor":[68,62,55,55,52,52,51,51,51,51,42,42,42,40,40,24,70,70,21,21,21,39,39,0],"gold":150,"neow_bonus":"BOSS_RELIC","is_prod":false,"is_daily":false,"chose_seed":false,"campfire_upgraded":5,"win_rate":0,"timestamp":1555401836,"path_taken":["M","M","M","?","M","R","M","$","T","R","M","R","M","E","R","BOSS","M","M","$","?","M","R","E"],"build_version":"2019-01-23","purchased_purges":0,"victory":false,"max_hp_per_floor":[70,70,70,70,70,70,70,70,70,70,70,70,70,70,70,70,70,70,70,70,49,49,49,49],"card_choices":[{"not_picked":["Terror","Expertise","Sucker Punch"],"picked":"SKIP","floor":1},{"not_picked":["Underhanded Strike","Prepared"],"picked":"Bouncing Flask","floor":2},{"not_picked":["Blade Dance","PiercingWail"],"picked":"Predator","floor":3},{"not_picked":["Masterful Stab","Bane"],"picked":"Escape Plan","floor":5},{"not_picked":["Deflect","Skewer"],"picked":"Dodge and Roll","floor":7},{"not_picked":["Flying Knee","Prepared"],"picked":"Dash","floor":11},{"not_picked":["Quick Slash","Setup"],"picked":"Leg Sweep","floor":13},{"not_picked":["Deadly Poison","Dagger Spray"],"picked":"After Image","floor":14},{"not_picked":["Envenom","Venomology"],"picked":"Burst","floor":16},{"not_picked":["Dagger Spray","PiercingWail+1","Blade Dance"],"picked":"SKIP","floor":18},{"not_picked":["Cloak And Dagger","Outmaneuver+1","Dagger Spray"],"picked":"SKIP","floor":19},{"not_picked":["Predator","Prepared"],"picked":"Blur","floor":22}],"player_experience":486300,"relics_obtained":[{"floor":14,"key":"Tiny Chest"}],"event_choices":[{"damage_healed":0,"gold_gain":57,"player_choice":"Gained Gold","damage_taken":0,"max_hp_gain":0,"max_hp_loss":0,"event_name":"Golden Wing","floor":4,"gold_loss":0},{"damage_healed":0,"gold_gain":0,"player_choice":"Became a vampire","damage_taken":0,"max_hp_gain":0,"max_hp_loss":21,"event_name":"Vampires","floor":21,"gold_loss":0,"cards_obtained":["Bite","Bite","Bite","Bite","Bite"]}],"is_beta":false,"boss_relics":[{"not_picked":["Snecko Eye","Velvet Choker"],"picked":"Philosopher\u0027s Stone"}],"items_purged_floors":[],"is_endless":false,"potions_floor_spawned":[1,5,7,11],"killed_by":"Gremlin Leader","ascension_level":3}