{"gold_per_floor":[16,35,50,64,83,117,128,161,211,236,20,20],"floor_reached":12,"playtime":1224,"items_purged":[],"score":107,"play_id":"9185b1fc-749a-4b47-bd84-5d8b5b4fb584","local_time":"20190409094348","is_ascension_mode":true,"campfire_choices":[],"neow_cost":"NO_GOLD","seed_source_timestamp":1555252552469000,"circlet_count":0,"master_deck":["Strike_B","Strike_B","Strike_B","Strike_B","Defend_B","Defend_B","Defend_B","Defend_B","Zap","Dualcast","Swift Strike","Apotheosis","Leap","Compile Driver","Steam","FTL","Go for the Eyes","Cold Snap","Beam Cell","Capacitor","Barrage","Static Discharge"],"relics":["Cracked Core","Happy Flower","Matryoshka","Regal Pillow","Darkstone Periapt","DataDisk"],"potions_floor_usage":[10,10,10],"damage_taken":[{"damage":3,"enemies":"Jaw Worm","floor":1,"turns":2},{"damage":0,"enemies":"Small Slimes","floor":2,"turns":2},{"damage":1,"enemies":"Cultist","floor":3,"turns":4},{"damage":12,"enemies":"Blue Slaver","floor":4,"turns":3},{"damage":20,"enemies":"Gremlin Gang","floor":5,"turns":4},{"damage":16,"enemies":"3 Sentries","floor":6,"turns":6},{"damage":11,"enemies":"2 Fungi Beasts","floor":7,"turns":3},{"damage":8,"enemies":"Gremlin Nob","floor":8,"turns":4},{"damage":3,"enemies":"Lagavulin","floor":10,"turns":4},{"damage":0,"enemies":"Blue Slaver","floor":12,"turns":2}],"seed_played":"-3503624801233390608","potions_obtained":[{"floor":3,"key":"FocusPotion"},{"floor":4,"key":"Poison Potion"},{"floor":6,"key":"FocusPotion"},{"floor":10,"key":"Weak Potion"}],"is_trial":false,"path_per_floor":["M","M","M","M","M","E","M","E","T","E","$","M"],"character_chosen":"DEFECT","items_purchased":["DataDisk","Static Discharge"],"campfire_rested":0,"item_purchase_floors":[11,11],"current_hp_per_floor":[72,72,71,59,39,23,12,4,4,1,1,1],"gold":20,"neow_bonus":"RANDOM_COLORLESS_2","is_prod":false,"is_daily":false,"chose_seed":false,"campfire_upgraded":0,"win_rate":0,"timestamp":1554795828,"path_taken":["M","M","M","M","M","E","M","E","T","E","$","M"],"build_version":"2019-01-23","purchased_purges":0,"victory":false,"max_hp_per_floor":[75,75,75,75,75,75,75,75,75,75,75,75],"card_choices":[{"not_picked":["Cold Snap","Redo"],"picked":"Leap","floor":1},{"not_picked":["Rebound","Redo"],"picked":"Compile Driver","floor":2},{"not_picked":["Rebound","Rip and Tear"],"picked":"Steam","floor":3},{"not_picked":["Rebound","Chill"],"picked":"FTL","floor":4},{"not_picked":["Compile Driver","Turbo"],"picked":"Go for the Eyes","floor":5},{"not_picked":["All For One","Scrape"],"picked":"Cold Snap","floor":6},{"not_picked":["Hologram","Barrage"],"picked":"Beam Cell","floor":7},{"not_picked":["Sweeping Beam","Hologram"],"picked":"Capacitor","floor":8},{"not_picked":["Meteor Strike","Rebound"],"picked":"Barrage","floor":10}],"player_experience":294126,"relics_obtained":[{"floor":6,"key":"Happy Flower"},{"floor":8,"key":"Matryoshka"},{"floor":9,"key":"Regal Pillow"},{"floor":10,"key":"Darkstone Periapt"}],"event_choices":[],"is_beta":false,"boss_relics":[],"items_purged_floors":[],"is_endless":false,"potions_floor_spawned":[3,4,6,10],"killed_by":"Blue Slaver","ascension_level":1}