{"gold_per_floor":[109,109,51,61,76,110,110,139,139,139,139],"floor_reached":11,"playtime":439,"items_purged":[],"score":150,"play_id":"4f95bed8-b833-4390-8ab1-1a8becdbae5f","local_time":"20190429104050","is_ascension_mode":true,"campfire_choices":[{"floor":7,"key":"REST"},{"floor":10,"key":"REST"}],"neow_cost":"PERCENT_DAMAGE","seed_source_timestamp":126676928934257,"circlet_count":0,"master_deck":["AscendersBane","Strike_R","Strike_R","Strike_R","Strike_R","Defend_R","Defend_R+1","Defend_R","Defend_R","Bash","Heavy Blade","True Grit","Armaments","Havoc+1","Metallicize","Brutality"],"relics":["Burning Blood","Du-Vu Doll","War Paint","Calipers","Bottled Tornado"],"potions_floor_usage":[6],"damage_taken":[{"damage":4,"enemies":"Jaw Worm","floor":1,"turns":4},{"damage":1,"enemies":"Cultist","floor":4,"turns":3},{"damage":0,"enemies":"Small Slimes","floor":5,"turns":3},{"damage":44,"enemies":"Lagavulin","floor":6,"turns":7},{"damage":41,"enemies":"3 Sentries","floor":8,"turns":16},{"damage":34,"enemies":"Lagavulin","floor":11,"turns":7}],"seed_played":"-1406741588862602145","potions_obtained":[{"floor":4,"key":"Explosive Potion"}],"is_trial":false,"path_per_floor":["M","?","$","M","M","E","R","E","T","R","E"],"character_chosen":"IRONCLAD","items_purchased":["True Grit"],"campfire_rested":2,"item_purchase_floors":[3],"current_hp_per_floor":[52,52,52,57,63,25,47,12,12,34,0],"gold":139,"neow_bonus":"ONE_RARE_RELIC","is_prod":false,"is_daily":false,"chose_seed":false,"campfire_upgraded":0,"win_rate":0,"timestamp":1556559650,"path_taken":["M","?","?","M","M","E","R","E","T","R","E"],"build_version":"2019-01-23","purchased_purges":0,"victory":false,"max_hp_per_floor":[75,75,75,75,75,75,75,75,75,75,75],"card_choices":[{"not_picked":["Clothesline","Burning Pact"],"picked":"Heavy Blade","floor":1},{"not_picked":["True Grit","Clothesline"],"picked":"Armaments","floor":4},{"not_picked":["True Grit","Headbutt"],"picked":"Havoc","floor":5},{"not_picked":["Combust","Uppercut"],"picked":"Metallicize","floor":6},{"not_picked":["Clash","Heavy Blade"],"picked":"Brutality","floor":8}],"player_experience":499824,"relics_obtained":[{"floor":6,"key":"War Paint"},{"floor":8,"key":"Calipers"},{"floor":9,"key":"Bottled Tornado"}],"event_choices":[{"cards_removed":["Strike_R"],"damage_healed":0,"gold_gain":0,"player_choice":"Offered Basic","damage_taken":0,"max_hp_gain":0,"max_hp_loss":0,"event_name":"Bonfire Elementals","floor":2,"gold_loss":0}],"is_beta":false,"boss_relics":[],"items_purged_floors":[],"is_endless":false,"potions_floor_spawned":[4],"killed_by":"Lagavulin","ascension_level":17}