{"gold_per_floor":[116,63,83,98,110,110,126,136,161,194,194,214,231,231,231,330,330,341,96,96,96,113,113,133,144,171,201,213,225,237,267,279,291],"floor_reached":33,"playtime":2214,"items_purged":["Strike_R"],"score":342,"play_id":"8b50a9b1-d3e4-4316-8cf3-e9a4d952387d","local_time":"20190413210316","is_ascension_mode":true,"campfire_choices":[{"data":"Armaments","floor":6,"key":"SMITH"},{"data":"Warcry","floor":11,"key":"SMITH"},{"data":"Body Slam","floor":15,"key":"SMITH"},{"floor":23,"key":"REST"},{"floor":28,"key":"REST"},{"data":"Clothesline","floor":30,"key":"SMITH"},{"floor":32,"key":"REST"}],"neow_cost":"NONE","seed_source_timestamp":40501049426510,"circlet_count":0,"master_deck":["Strike_R","Strike_R","Strike_R","Strike_R","Defend_R","Defend_R","Defend_R","Defend_R","Bash","Cleave","Shrug It Off","Headbutt","Armaments+1","Body Slam+1","Warcry+1","Metallicize","Shockwave+1","Clothesline+1","Immolate","Iron Wave+1","Battle Trance","Infernal Blade+1","Burning Pact+1","Dropkick+1","Battle Trance"],"relics":["Burning Blood","Omamori","Anchor","Juzu Bracelet","Calling Bell","Smiling Mask","Ornamental Fan","Gambling Chip","Lee\u0027s Waffle","Enchiridion","MawBank"],"potions_floor_usage":[5,10,16,24,27,31],"damage_taken":[{"damage":7,"enemies":"Jaw Worm","floor":1,"turns":3},{"damage":6,"enemies":"Cultist","floor":3,"turns":4},{"damage":7,"enemies":"Small Slimes","floor":4,"turns":3},{"damage":6,"enemies":"3 Louse","floor":5,"turns":4},{"damage":20,"enemies":"Exordium Thugs","floor":7,"turns":5},{"damage":0,"enemies":"2 Fungi Beasts","floor":8,"turns":2},{"damage":9,"enemies":"3 Sentries","floor":10,"turns":9},{"damage":0,"enemies":"3 Louse","floor":12,"turns":3},{"damage":0,"enemies":"Looter","floor":13,"turns":3},{"damage":22,"enemies":"The Guardian","floor":16,"turns":14},{"damage":22,"enemies":"Shell Parasite","floor":18,"turns":7},{"damage":24,"enemies":"3 Byrds","floor":22,"turns":7},{"damage":21,"enemies":"Centurion and Healer","floor":24,"turns":7},{"damage":17,"enemies":"Cultist and Chosen","floor":25,"turns":7},{"damage":15,"enemies":"Snake Plant","floor":27,"turns":3},{"damage":28,"enemies":"Sentry and Sphere","floor":31,"turns":5},{"damage":83,"enemies":"Automaton","floor":33,"turns":6}],"seed_played":"-1816678637918682278","potions_obtained":[{"floor":3,"key":"SneckoOil"},{"floor":7,"key":"Swift Potion"},{"floor":8,"key":"AttackPotion"},{"floor":12,"key":"SpeedPotion"},{"floor":22,"key":"Poison Potion"},{"floor":27,"key":"Fire Potion"}],"is_trial":false,"path_per_floor":["M","$","M","M","M","R","M","M","T","E","R","M","M","?","R","B",null,"M","$","?","?","M","R","M","M","T","M","R","?","R","M","R","B"],"character_chosen":"IRONCLAD","items_purchased":["Shrug It Off","Lee\u0027s Waffle"],"campfire_rested":3,"item_purchase_floors":[2,19],"current_hp_per_floor":[71,71,71,70,70,70,56,62,62,59,59,65,71,71,71,55,74,58,87,71,54,36,63,48,37,37,28,55,55,55,33,60,0],"gold":291,"neow_bonus":"RANDOM_COMMON_RELIC","is_prod":false,"is_daily":false,"chose_seed":false,"campfire_upgraded":4,"win_rate":0,"timestamp":1555156996,"path_taken":["M","$","M","M","M","R","M","M","T","E","R","M","M","?","R","BOSS","M","$","?","?","M","R","M","M","T","M","R","?","R","M","R","BOSS"],"build_version":"2019-01-23","purchased_purges":1,"victory":false,"max_hp_per_floor":[80,80,80,80,80,80,80,80,80,80,80,80,80,80,80,80,80,80,87,87,92,92,92,92,92,92,92,92,92,92,92,92,92],"card_choices":[{"not_picked":["Fire Breathing","Sever Soul"],"picked":"Cleave","floor":1},{"not_picked":["Twin Strike","Sever Soul"],"picked":"Headbutt","floor":3},{"not_picked":["Dual Wield","Iron Wave"],"picked":"Armaments","floor":4},{"not_picked":["Flex","Iron Wave"],"picked":"Body Slam","floor":5},{"not_picked":["Hemokinesis","Feel No Pain"],"picked":"Warcry","floor":7},{"not_picked":["Cleave","Havoc"],"picked":"Metallicize","floor":8},{"not_picked":["Limit Break","Uppercut"],"picked":"Shockwave","floor":10},{"not_picked":["Dropkick","Thunderclap","Intimidate"],"picked":"SKIP","floor":12},{"not_picked":["Iron Wave","Havoc"],"picked":"Clothesline","floor":13},{"not_picked":["Dark Embrace","Impervious"],"picked":"Immolate","floor":16},{"not_picked":["Sword Boomerang","Headbutt"],"picked":"Iron Wave+1","floor":18},{"not_picked":["Flame Barrier","Shockwave"],"picked":"Battle Trance","floor":22},{"not_picked":["Shrug It Off","Sever Soul"],"picked":"Infernal Blade+1","floor":24},{"not_picked":["Shrug It Off","Heavy Blade"],"picked":"Burning Pact+1","floor":25},{"not_picked":["Warcry","Immolate"],"picked":"Dropkick+1","floor":27},{"not_picked":["Infernal Blade","Dropkick"],"picked":"Battle Trance","floor":31}],"player_experience":320154,"relics_obtained":[{"floor":9,"key":"Anchor"},{"floor":10,"key":"Juzu Bracelet"},{"floor":17,"key":"Smiling Mask"},{"floor":17,"key":"Ornamental Fan"},{"floor":17,"key":"Gambling Chip"},{"floor":20,"key":"Enchiridion"},{"floor":26,"key":"MawBank"}],"event_choices":[{"damage_healed":0,"gold_gain":0,"player_choice":"Forge","damage_taken":0,"max_hp_gain":0,"max_hp_loss":0,"event_name":"Accursed Blacksmith","floor":14,"gold_loss":0,"cards_upgraded":["Shockwave"]},{"damage_healed":0,"gold_gain":0,"player_choice":"Obtained Book","damage_taken":16,"max_hp_gain":0,"max_hp_loss":0,"event_name":"Cursed Tome","floor":20,"gold_loss":0},{"damage_healed":0,"gold_gain":0,"player_choice":"Shed Blood","damage_taken":22,"max_hp_gain":5,"max_hp_loss":0,"event_name":"Forgotten Altar","floor":21,"gold_loss":0},{"cards_removed":["Injury"],"damage_healed":0,"gold_gain":0,"player_choice":"Removed Curses","damage_taken":0,"max_hp_gain":0,"max_hp_loss":0,"event_name":"Fountain of Cleansing","floor":29,"gold_loss":0}],"is_beta":false,"boss_relics":[{"not_picked":["Fusion Hammer","Black Star"],"picked":"Calling Bell"}],"items_purged_floors":[19],"is_endless":false,"potions_floor_spawned":[3,7,8,12,22,27],"killed_by":"Automaton","ascension_level":7}