{"gold_per_floor":[116,116,131,144,69,69,103,103,175,47,66,66,66,91,91,168,168,186,111,111,24,44,44,79,79],"floor_reached":25,"playtime":1117,"items_purged":["Strike_R"],"score":443,"play_id":"f08fed28-e851-4cef-92cd-ca5c8b5664bb","local_time":"20190505224903","is_ascension_mode":true,"campfire_choices":[{"data":"Anger","floor":6,"key":"SMITH"},{"data":"Uppercut","floor":8,"key":"SMITH"},{"data":"Feel No Pain","floor":13,"key":"SMITH"},{"data":"Rampage","floor":15,"key":"SMITH"},{"floor":23,"key":"REST"}],"neow_cost":"NONE","seed_source_timestamp":148998350801185,"circlet_count":0,"master_deck":["AscendersBane","Defend_R","Defend_R","Defend_R","Defend_R","Bash+1","Clash","Anger+1","Feel No Pain+1","Uppercut+1","Armaments","Shrug It Off","Second Wind","Rampage+1","Immolate","Shrug It Off","Spot Weakness"],"relics":["Burning Blood","Strawberry","Letter Opener","Singing Bowl","Runic Pyramid","Matryoshka"],"potions_floor_usage":[7,16,24,25],"damage_taken":[{"damage":7,"enemies":"Jaw Worm","floor":1,"turns":4},{"damage":0,"enemies":"Cultist","floor":3,"turns":2},{"damage":8,"enemies":"2 Louse","floor":4,"turns":3},{"damage":26,"enemies":"Gremlin Nob","floor":7,"turns":4},{"damage":0,"enemies":"2 Fungi Beasts","floor":11,"turns":4},{"damage":15,"enemies":"Lagavulin","floor":14,"turns":7},{"damage":33,"enemies":"Slime Boss","floor":16,"turns":10},{"damage":32,"enemies":"3 Byrds","floor":18,"turns":5},{"damage":31,"enemies":"Shell Parasite","floor":22,"turns":6},{"damage":45,"enemies":"Slavers","floor":24,"turns":7},{"damage":15,"enemies":"Snake Plant","floor":25,"turns":2}],"seed_played":"3691729543839290979","potions_obtained":[{"floor":1,"key":"AttackPotion"},{"floor":7,"key":"PowerPotion"},{"floor":18,"key":"Energy Potion"},{"floor":24,"key":"Ancient Potion"}],"is_trial":false,"path_per_floor":["M","?","M","M","?","R","E","R","T","$","M","?","R","E","R","B",null,"M","?","?","$","M","R","E","M"],"character_chosen":"IRONCLAD","items_purchased":["Shrug It Off","Spot Weakness"],"campfire_rested":1,"item_purchase_floors":[10,21],"current_hp_per_floor":[67,67,73,71,71,71,58,58,58,58,64,69,69,60,60,33,74,48,48,48,48,25,51,14,0],"gold":79,"neow_bonus":"TRANSFORM_CARD","is_prod":false,"is_daily":false,"chose_seed":false,"campfire_upgraded":4,"win_rate":0,"timestamp":1557121743,"path_taken":["M","?","M","?","?","R","E","R","T","$","M","?","R","E","R","BOSS","M","?","?","?","M","R","E","M"],"build_version":"2019-01-23","purchased_purges":1,"victory":false,"max_hp_per_floor":[75,75,75,75,75,75,82,82,82,82,82,87,87,87,87,87,87,87,87,87,87,89,89,91,91],"card_choices":[{"not_picked":["Intimidate","Sentinel"],"picked":"Anger","floor":1},{"not_picked":["Iron Wave","Inflame"],"picked":"Feel No Pain","floor":3},{"not_picked":["Thunderclap","Pummel"],"picked":"Uppercut","floor":4},{"not_picked":["Entrench","Headbutt"],"picked":"Armaments","floor":7},{"not_picked":["Searing Blow","Burning Pact"],"picked":"Second Wind","floor":11},{"not_picked":["Whirlwind","Body Slam"],"picked":"Rampage","floor":14},{"not_picked":["Feed","Barricade"],"picked":"Immolate","floor":16},{"not_picked":["Body Slam","Battle Trance"],"picked":"Shrug It Off","floor":18},{"not_picked":["Entrench","Heavy Blade","Spot Weakness"],"picked":"Singing Bowl","floor":22},{"not_picked":["Whirlwind","Immolate","Dual Wield"],"picked":"Singing Bowl","floor":24}],"player_experience":554632,"relics_obtained":[{"floor":7,"key":"Strawberry"},{"floor":9,"key":"Letter Opener"},{"floor":14,"key":"Singing Bowl"},{"floor":24,"key":"Matryoshka"}],"event_choices":[{"damage_healed":0,"gold_gain":0,"player_choice":"Upgraded","damage_taken":0,"max_hp_gain":0,"max_hp_loss":0,"event_name":"Upgrade Shrine","floor":2,"gold_loss":0,"cards_upgraded":["Bash"]},{"cards_removed":["Strike_R"],"damage_healed":0,"gold_gain":0,"player_choice":"Card Removal","damage_taken":0,"max_hp_gain":0,"max_hp_loss":0,"event_name":"The Cleric","floor":5,"gold_loss":75},{"damage_healed":0,"gold_gain":0,"player_choice":"Donut","damage_taken":0,"max_hp_gain":5,"max_hp_loss":0,"event_name":"Big Fish","floor":12,"gold_loss":0},{"cards_removed":["Strike_R"],"damage_healed":0,"gold_gain":0,"player_choice":"Gave Gold","damage_taken":0,"max_hp_gain":0,"max_hp_loss":0,"event_name":"Beggar","floor":19,"gold_loss":75},{"cards_removed":["Strike_R"],"damage_healed":0,"gold_gain":0,"player_choice":"Elegance","damage_taken":0,"max_hp_gain":0,"max_hp_loss":0,"event_name":"Back to Basics","floor":20,"gold_loss":0}],"is_beta":false,"boss_relics":[{"not_picked":["Pandora\u0027s Box","Coffee Dripper"],"picked":"Runic Pyramid"}],"items_purged_floors":[10],"is_endless":false,"potions_floor_spawned":[1,7,18,24],"killed_by":"Snake Plant","ascension_level":19}