{"gold_per_floor":[115,131,131,131,142,173,184,212,212,212,227,238,58,72,72,167,167,186,200,217,230,230,259,259,293,341,366,397,397,397,412,412,517,517,536,536,536,551,600,600,630,381,381,381,381,409,103,70,70,70],"floor_reached":51,"playtime":2913,"items_purged":["Writhe","Defend_R"],"score":1210,"play_id":"f7b639c5-20b7-4bd7-a17e-df4eb2ec8666","local_time":"20190427235704","is_ascension_mode":true,"campfire_choices":[{"data":"Pummel","floor":10,"key":"SMITH"},{"floor":15,"key":"REST"},{"data":"Havoc","floor":24,"key":"SMITH"},{"floor":32,"key":"REST"},{"data":"Whirlwind","floor":40,"key":"SMITH"},{"floor":44,"key":"REST"},{"floor":49,"key":"REST"}],"neow_cost":"NONE","seed_source_timestamp":1558383871967900,"circlet_count":0,"master_deck":["Strike_R","Strike_R","Strike_R","Strike_R","Defend_R","Defend_R","Defend_R+1","Bash","Ghostly Armor+1","Power Through","Inflame+1","Seeing Red","Pummel+1","Whirlwind+1","Shrug It Off","Offering","Barricade+1","Shrug It Off","Havoc+1","Havoc+1","Ghostly","Ghostly","Ghostly","Ghostly","Ghostly","Battle Trance+1","J.A.X.+1","Impervious+1","Madness+1","Madness+1","Demon Form+1","Mayhem+1","Chrysalis+1","Apotheosis+1","Bandage Up+1","Shrug It Off+1","Infernal Blade+1"],"relics":["Burning Blood","NeowsBlessing","Mummified Hand","Frozen Egg 2","War Paint","Kunai","Oddly Smooth Stone","Mark of Pain","Boot","Toxic Egg 2","Juzu Bracelet","PreservedInsect","Mercury Hourglass","Shuriken","Sozu","Magic Flower","Bag of Marbles","Question Card","Ice Cream","Strange Spoon"],"potions_floor_usage":[6,6,16,16,18],"damage_taken":[{"damage":0,"enemies":"Cultist","floor":1,"turns":1},{"damage":0,"enemies":"Jaw Worm","floor":2,"turns":1},{"damage":0,"enemies":"Small Slimes","floor":5,"turns":1},{"damage":32,"enemies":"Gremlin Nob","floor":6,"turns":4},{"damage":13,"enemies":"Exordium Wildlife","floor":7,"turns":4},{"damage":35,"enemies":"3 Sentries","floor":8,"turns":15},{"damage":9,"enemies":"3 Louse","floor":11,"turns":5},{"damage":0,"enemies":"2 Fungi Beasts","floor":12,"turns":2},{"damage":0,"enemies":"Blue Slaver","floor":14,"turns":5},{"damage":31,"enemies":"Hexaghost","floor":16,"turns":11},{"damage":6,"enemies":"Chosen","floor":18,"turns":6},{"damage":6,"enemies":"Spheric Guardian","floor":19,"turns":4},{"damage":38,"enemies":"Shelled Parasite and Fungi","floor":20,"turns":9},{"damage":29,"enemies":"Snake Plant","floor":21,"turns":6},{"damage":1,"enemies":"Slavers","floor":23,"turns":4},{"damage":10,"enemies":"Gremlin Leader","floor":25,"turns":7},{"damage":1,"enemies":"Book of Stabbing","floor":28,"turns":4},{"damage":14,"enemies":"Snecko","floor":31,"turns":6},{"damage":11,"enemies":"Automaton","floor":33,"turns":13},{"damage":9,"enemies":"3 Shapes","floor":35,"turns":4},{"damage":9,"enemies":"3 Darklings","floor":38,"turns":6},{"damage":44,"enemies":"2 Orb Walkers","floor":39,"turns":9},{"damage":2,"enemies":"Reptomancer","floor":41,"turns":7},{"damage":8,"enemies":"Nemesis","floor":46,"turns":7},{"damage":14,"enemies":"Awakened One","floor":50,"turns":10}],"seed_played":"-6957900366894513211","potions_obtained":[{"floor":1,"key":"FearPotion"},{"floor":2,"key":"Explosive Potion"},{"floor":11,"key":"EntropicBrew"},{"floor":12,"key":"FearPotion"},{"floor":20,"key":"FairyPotion"},{"floor":21,"key":"Block Potion"},{"floor":25,"key":"FairyPotion"},{"floor":33,"key":"FairyPotion"}],"is_trial":false,"path_per_floor":["M","M","?","?","M","E","M","E","T","R","M","M","$","M","R","B",null,"M","M","M","M","?","E","R","E","T","T","E","?","?","M","R","B",null,"M","?","?","M","?","R","E","$","T","R","?","E","$","$","R","B",null],"character_chosen":"IRONCLAD","items_purchased":["Shrug It Off","Oddly Smooth Stone","Mayhem+1","Strange Spoon","Infernal Blade+1"],"campfire_rested":4,"item_purchase_floors":[13,13,42,47,48],"current_hp_per_floor":[78,80,77,70,76,50,43,14,14,14,11,17,17,23,47,22,66,66,66,34,11,11,16,16,12,12,12,17,17,17,9,21,16,34,31,26,26,23,10,10,17,17,17,29,19,29,29,29,40,40],"gold":70,"neow_bonus":"THREE_ENEMY_KILL","is_prod":false,"is_daily":false,"chose_seed":false,"campfire_upgraded":3,"win_rate":0,"timestamp":1556402224,"path_taken":["M","?","?","?","M","E","M","E","T","R","M","M","$","M","R","BOSS","M","M","M","M","?","E","R","E","T","?","E","?","?","M","R","BOSS","M","?","?","M","?","R","E","$","T","R","?","E","?","$","R","BOSS"],"build_version":"2019-01-23","purchased_purges":2,"victory":true,"max_hp_per_floor":[80,80,80,80,80,80,80,80,80,80,80,80,80,80,80,80,80,80,80,80,80,40,40,40,40,40,40,40,40,40,40,40,40,40,40,40,40,40,40,40,40,40,40,40,40,40,40,40,40,40],"card_choices":[{"not_picked":["Anger","Pommel Strike"],"picked":"Ghostly Armor","floor":1},{"not_picked":["Headbutt","Iron Wave","Anger"],"picked":"SKIP","floor":2},{"not_picked":["Flex","Clothesline"],"picked":"Power Through","floor":5},{"not_picked":["Shrug It Off","Feel No Pain"],"picked":"Inflame","floor":6},{"not_picked":["Armaments","Rampage"],"picked":"Seeing Red","floor":7},{"not_picked":["Anger","Clash"],"picked":"Pummel","floor":8},{"not_picked":["Headbutt","Rampage"],"picked":"Whirlwind","floor":11},{"not_picked":["Second Wind","Headbutt","Power Through"],"picked":"SKIP","floor":12},{"not_picked":["Burning Pact","Warcry"],"picked":"Offering","floor":14},{"not_picked":["Impervious","Juggernaut+1"],"picked":"Barricade+1","floor":16},{"not_picked":["Hemokinesis","Sword Boomerang+1","Thunderclap"],"picked":"SKIP","floor":18},{"not_picked":["Pummel","True Grit"],"picked":"Shrug It Off","floor":19},{"not_picked":["Twin Strike","Flex"],"picked":"Havoc","floor":20},{"not_picked":["Evolve+1","Wild Strike"],"picked":"Havoc+1","floor":21},{"not_picked":["Exhume","Anger","Clothesline"],"picked":"SKIP","floor":23},{"not_picked":["Clash","Flex","Anger"],"picked":"SKIP","floor":25},{"not_picked":["Armaments+1","Sword Boomerang"],"picked":"Battle Trance+1","floor":28},{"not_picked":["Carnage","Twin Strike","Sword Boomerang"],"picked":"SKIP","floor":31},{"not_picked":["Bludgeon","Exhume+1"],"picked":"Impervious+1","floor":33},{"not_picked":["Flex+1","Thunderclap"],"picked":"Clothesline+1","floor":35},{"not_picked":["Thunderclap+1","Flex+1","Perfected Strike+1"],"picked":"SKIP","floor":38},{"not_picked":["Armaments+1","Warcry+1"],"picked":"Demon Form+1","floor":41},{"not_picked":["Good Instincts+1","Trip+1","Blind+1"],"picked":"Chrysalis+1","floor":45},{"not_picked":["Trip+1","PanicButton+1","Bandage Up+1"],"picked":"Apotheosis+1","floor":45},{"not_picked":["Finesse+1","Flash of Steel","Madness+1"],"picked":"Bandage Up+1","floor":45},{"not_picked":["Metallicize+1","Flame Barrier+1","Feed"],"picked":"Shrug It Off+1","floor":46}],"player_experience":812416,"relics_obtained":[{"floor":6,"key":"Frozen Egg 2"},{"floor":8,"key":"War Paint"},{"floor":9,"key":"Kunai"},{"floor":23,"key":"Boot"},{"floor":25,"key":"Toxic Egg 2"},{"floor":26,"key":"Juzu Bracelet"},{"floor":27,"key":"PreservedInsect"},{"floor":28,"key":"Mercury Hourglass"},{"floor":39,"key":"Magic Flower"},{"floor":41,"key":"Bag of Marbles"},{"floor":43,"key":"Question Card"},{"floor":46,"key":"Ice Cream"}],"event_choices":[{"damage_healed":0,"gold_gain":0,"player_choice":"Success","damage_taken":3,"relics_obtained":["Mummified Hand"],"max_hp_gain":0,"max_hp_loss":0,"event_name":"Scrap Ooze","floor":3,"gold_loss":0},{"cards_removed":["Strike_R"],"damage_healed":0,"gold_gain":0,"player_choice":"Card Removal","damage_taken":7,"max_hp_gain":0,"max_hp_loss":0,"event_name":"Golden Wing","floor":4,"gold_loss":0},{"damage_healed":0,"gold_gain":0,"player_choice":"Became a Ghost","damage_taken":0,"max_hp_gain":0,"max_hp_loss":40,"event_name":"Ghosts","floor":22,"gold_loss":0,"cards_obtained":["Ghostly","Ghostly","Ghostly","Ghostly","Ghostly"]},{"damage_healed":0,"gold_gain":0,"player_choice":"Opened","damage_taken":0,"relics_obtained":["Shuriken"],"max_hp_gain":0,"max_hp_loss":0,"event_name":"The Mausoleum","floor":29,"gold_loss":0,"cards_obtained":["Writhe"]},{"damage_healed":0,"gold_gain":0,"player_choice":"Obtain J.A.X.","damage_taken":0,"max_hp_gain":0,"max_hp_loss":0,"event_name":"Drug Dealer","floor":30,"gold_loss":0,"cards_obtained":["J.A.X."]},{"damage_healed":0,"gold_gain":0,"player_choice":"Embrace Madness","damage_taken":5,"max_hp_gain":0,"max_hp_loss":0,"event_name":"Winding Halls","floor":36,"gold_loss":0,"cards_obtained":["Madness","Madness"]},{"cards_removed":["Clothesline"],"damage_healed":0,"gold_gain":0,"player_choice":"Removed Attack","damage_taken":0,"max_hp_gain":0,"max_hp_loss":0,"event_name":"Falling","floor":37,"gold_loss":0},{"damage_healed":0,"gold_gain":0,"player_choice":"Fight","damage_taken":0,"max_hp_gain":0,"max_hp_loss":0,"event_name":"Mysterious Sphere","floor":39,"gold_loss":0},{"damage_healed":0,"gold_gain":0,"player_choice":"Memory 3","damage_taken":10,"max_hp_gain":0,"max_hp_loss":0,"event_name":"SensoryStone","floor":45,"gold_loss":0}],"is_beta":false,"boss_relics":[{"not_picked":["Orrery","Black Blood"],"picked":"Mark of Pain"},{"not_picked":["White Beast Statue","Lizard Tail"],"picked":"Sozu"}],"items_purged_floors":[42,47],"is_endless":false,"potions_floor_spawned":[1,2,11,12,20,21,25,28,33,35,39],"ascension_level":6}