{"gold_per_floor":[111,111,125,125,125,156,56,75,100,100,100,125,125,141,141,141],"floor_reached":16,"playtime":496,"items_purged":["Pain"],"score":133,"play_id":"62c2a9df-0a03-47d8-9508-baa0b8cba1ea","local_time":"20181009200103","is_ascension_mode":false,"campfire_choices":[{"data":"Bash","floor":10,"key":"SMITH"},{"data":"Reaper","floor":13,"key":"SMITH"},{"data":"Flame Barrier","floor":15,"key":"SMITH"}],"neow_cost":"NONE","seed_source_timestamp":1391976649796227,"circlet_count":0,"master_deck":["Strike_R","Strike_R","Strike_R","Strike_R","Strike_R","Defend_R","Defend_R","Defend_R","Bash+1","Iron Wave","Whirlwind","Shrug It Off","Reaper+1","Flame Barrier+1"],"relics":["Burning Blood","Gremlin Horn","WarpedTongs","Mango","Juzu Bracelet","Regal Pillow"],"potions_floor_usage":[],"damage_taken":[{"damage":4,"enemies":"2 Louse","floor":1,"turns":3},{"damage":1,"enemies":"Cultist","floor":3,"turns":3},{"damage":34,"enemies":"Lagavulin","floor":6,"turns":7},{"damage":3,"enemies":"Jaw Worm","floor":8,"turns":3},{"damage":1,"enemies":"Gremlin Nob","floor":12,"turns":3},{"damage":12,"enemies":"Looter","floor":14,"turns":3},{"damage":80,"enemies":"Slime Boss","floor":16,"turns":9}],"seed_played":"6823069100054936745","potions_obtained":[{"floor":6,"key":"EssenceOfSteel"},{"floor":12,"key":"Weak Potion"}],"is_trial":false,"path_per_floor":["M","?","M","T","?","E","$","M","T","R","?","E","R","M","R"],"character_chosen":"IRONCLAD","items_purchased":["Shrug It Off"],"campfire_rested":0,"item_purchase_floors":[7],"current_hp_per_floor":[80,80,80,80,80,66,66,69,69,69,74,79,79,73,73,0],"gold":141,"neow_bonus":"REMOVE_CARD","is_prod":false,"is_daily":false,"chose_seed":false,"campfire_upgraded":3,"win_rate":0,"timestamp":1539140463,"path_taken":["M","?","M","?","?","E","$","M","T","R","?","E","R","M","R","BOSS"],"build_version":"2018-10-04v2","purchased_purges":1,"victory":false,"max_hp_per_floor":[80,80,80,80,80,94,94,94,94,94,99,99,99,99,99,99],"card_choices":[{"not_picked":["Whirlwind","Infernal Blade"],"picked":"Iron Wave","floor":1},{"not_picked":["Anger","Rage"],"picked":"Whirlwind","floor":3},{"not_picked":["Clash","Hemokinesis","Perfected Strike"],"picked":"SKIP","floor":6},{"not_picked":["Body Slam","Twin Strike","True Grit"],"picked":"SKIP","floor":8},{"not_picked":["Wild Strike","Inflame"],"picked":"Reaper","floor":12},{"not_picked":["Havoc","Anger"],"picked":"Flame Barrier","floor":14}],"player_experience":276373,"relics_obtained":[{"floor":4,"key":"Gremlin Horn"},{"floor":6,"key":"Mango"},{"floor":9,"key":"Juzu Bracelet"},{"floor":12,"key":"Regal Pillow"}],"event_choices":[{"event_name":"The Woman in Blue","player_choice":"Bought 0 Potions","floor":2,"damage_taken":0},{"event_name":"Accursed Blacksmith","player_choice":"Rummage","floor":5,"damage_taken":0},{"event_name":"Big Fish","player_choice":"Donut","floor":11,"damage_taken":0}],"is_beta":false,"boss_relics":[],"items_purged_floors":[7],"is_endless":false,"potions_floor_spawned":[6,12],"killed_by":"Slime Boss","ascension_level":0}