{"gold_per_floor":[116,129,144,161,161,161,191,191,273,307,327,327,358,376,376,471,471,485,498,498,498,498],"floor_reached":22,"playtime":740,"items_purged":[],"score":281,"play_id":"c7fb9f37-2a8b-49b5-9434-d4aaebe68431","local_time":"20190420190403","is_ascension_mode":true,"campfire_choices":[{"data":"Sweeping Beam","floor":6.0,"key":"SMITH"},{"floor":12.0,"key":"REST"},{"data":"Zap","floor":15.0,"key":"SMITH"}],"neow_cost":"NONE","seed_source_timestamp":639613723813328,"circlet_count":0,"master_deck":["Strike_B","Strike_B","Defend_B","Defend_B","Defend_B","Defend_B","Zap+1","Dualcast","Leap","Rebound","Gash","Sweeping Beam+1","Beam Cell+1","Ball Lightning","BootSequence","Rip and Tear","Streamline","Reboot","Hologram"],"special_seed":0,"relics":["Cracked Core","Potion Belt","Bottled Flame","Question Card","Symbiotic Virus","Dream Catcher","WingedGreaves","Empty Cage","MutagenicStrength"],"potions_floor_usage":[],"damage_taken":[{"damage":1.0,"enemies":"Cultist","floor":1.0,"turns":3.0},{"damage":0.0,"enemies":"2 Louse","floor":2.0,"turns":2.0},{"damage":6.0,"enemies":"Small Slimes","floor":3.0,"turns":3.0},{"damage":2.0,"enemies":"2 Fungi Beasts","floor":4.0,"turns":3.0},{"damage":16.0,"enemies":"3 Sentries","floor":7.0,"turns":5.0},{"damage":8.0,"enemies":"Gremlin Nob","floor":10.0,"turns":3.0},{"damage":1.0,"enemies":"Looter","floor":11.0,"turns":2.0},{"damage":6.0,"enemies":"3 Sentries","floor":13.0,"turns":4.0},{"damage":1.0,"enemies":"Gremlin Gang","floor":14.0,"turns":3.0},{"damage":32.0,"enemies":"Hexaghost","floor":16.0,"turns":7.0},{"damage":34.0,"enemies":"2 Thieves","floor":18.0,"turns":4.0},{"damage":15.0,"enemies":"3 Byrds","floor":19.0,"turns":3.0},{"damage":0.0,"enemies":"Shelled Parasite and Fungi","floor":21.0,"turns":1.0},{"damage":14,"enemies":"Centurion and Healer","floor":22,"turns":2}],"seed_played":"1103922572460194489","potions_obtained":[{"floor":1.0,"key":"SkillPotion"},{"floor":4.0,"key":"Ancient Potion"},{"floor":7.0,"key":"Swift Potion"},{"floor":10.0,"key":"Regen Potion"},{"floor":11.0,"key":"SmokeBomb"}],"is_trial":false,"path_per_floor":["M","M","M","M","T","R","E","?","T","E","M","R","E","M","R","B",null,"M","M","?","M","M"],"character_chosen":"DEFECT","items_purchased":[],"campfire_rested":1,"item_purchase_floors":[],"current_hp_per_floor":[67,67,61,59,59,59,43,43,43,35,34,56,50,58,58,26,63,29,14,14,14,0],"gold":498,"neow_bonus":"RANDOM_COMMON_RELIC","is_prod":false,"is_daily":false,"chose_seed":false,"campfire_upgraded":2,"win_rate":0,"timestamp":1555754643,"path_taken":["M","M","M","M","?","R","E","?","T","E","M","R","E","M","R","BOSS","M","M","?","M","M"],"build_version":"2019-01-23","purchased_purges":0,"victory":false,"max_hp_per_floor":[75,75,75,75,75,75,75,75,75,75,75,75,75,75,75,75,75,75,75,75,75,75],"card_choices":[{"not_picked":["Scrape","Steam"],"picked":"Leap","floor":1.0},{"not_picked":["Doom and Gloom","Beam Cell"],"picked":"Rebound","floor":2.0},{"not_picked":["Compile Driver","Turbo"],"picked":"Gash","floor":3.0},{"not_picked":["Barrage","Leap","Sweeping Beam"],"picked":"SKIP","floor":4.0},{"not_picked":["Barrage","Leap"],"picked":"Sweeping Beam","floor":4.0},{"not_picked":["Storm","Double Energy"],"picked":"Beam Cell","floor":7.0},{"not_picked":["Aggregate","Creative AI","Meteor Strike"],"picked":"Ball Lightning","floor":10.0},{"not_picked":["Auto Shields","Go for the Eyes","Steam"],"picked":"BootSequence","floor":11.0},{"not_picked":["Redo","Beam Cell","Darkness"],"picked":"Rip and Tear","floor":13.0},{"not_picked":["Sweeping Beam","Rebound","Cold Snap"],"picked":"Streamline","floor":14.0},{"not_picked":["Hyperbeam","Multi-Cast","Meteor Strike"],"picked":"Reboot","floor":16.0},{"not_picked":["Beam Cell+1","Hello World+1","Rebound+1"],"picked":"Hologram","floor":18.0},{"not_picked":["Blizzard","Doom and Gloom","Redo","Static Discharge"],"picked":"SKIP","floor":19.0}],"player_experience":370115,"relics_obtained":[{"floor":5.0,"key":"Bottled Flame"},{"floor":7.0,"key":"Question Card"},{"floor":9.0,"key":"Symbiotic Virus"},{"floor":10.0,"key":"Dream Catcher"},{"floor":13.0,"key":"WingedGreaves"}],"event_choices":[{"damage_healed":0.0,"max_hp_gain":0.0,"max_hp_loss":0.0,"gold_gain":0.0,"event_name":"Living Wall","player_choice":"Grow","floor":8.0,"gold_loss":0.0,"damage_taken":0.0,"cards_upgraded":["Beam Cell"]},{"damage_healed":0.0,"max_hp_gain":0.0,"max_hp_loss":0.0,"gold_gain":0.0,"event_name":"Drug Dealer","player_choice":"Inject Mutagens","floor":20.0,"gold_loss":0.0,"damage_taken":0.0,"relics_obtained":["MutagenicStrength"]}],"is_beta":false,"boss_relics":[{"not_picked":["Fusion Hammer","Coffee Dripper"],"picked":"Empty Cage"}],"items_purged_floors":[],"is_endless":false,"potions_floor_spawned":[1,4,7,10,11,21],"killed_by":"Centurion and Healer","ascension_level":7}