{"gold_per_floor":[117,1,1,1,1,1,18,32,58,69,87,105,138,48,48,146,146,158,68,81,6,6,37,56,56,56,56,70,86,0,20,20,20],"floor_reached":33,"playtime":1086,"items_purged":[],"score":309,"play_id":"0b00dc8f-ed59-4e0b-883d-664304e1420a","local_time":"20190410221654","is_ascension_mode":true,"campfire_choices":[{"data":"Zap","floor":6,"key":"SMITH"},{"floor":15,"key":"REST"},{"floor":25,"key":"REST"},{"floor":27,"key":"REST"},{"floor":32,"key":"REST"}],"neow_cost":"NONE","seed_source_timestamp":99995686537037,"circlet_count":0,"master_deck":["Strike_B","Strike_B","Strike_B","Strike_B","Defend_B","Defend_B","Defend_B","Defend_B","Zap+1","Dualcast","Lockon","Static Discharge+1","Rebound","Self Repair","Sweeping Beam","Amplify","Melter","Coolheaded","Glacier","Enlightenment","Electrodynamics","Rip and Tear","Mind Blast","BootSequence","Defragment","Thunder Strike"],"relics":["FrozenCore","Bag of Marbles","Pear","Nloth\u0027s Gift","Potion Belt","Question Card"],"potions_floor_usage":[13,18,28,33],"damage_taken":[{"damage":0,"enemies":"Jaw Worm","floor":1,"turns":1},{"damage":0,"enemies":"Cultist","floor":7,"turns":1},{"damage":0,"enemies":"2 Louse","floor":8,"turns":1},{"damage":17,"enemies":"Gremlin Gang","floor":10,"turns":3},{"damage":21,"enemies":"Red Slaver","floor":11,"turns":4},{"damage":16,"enemies":"3 Louse","floor":12,"turns":3},{"damage":34,"enemies":"Gremlin Nob","floor":13,"turns":3},{"damage":34,"enemies":"Hexaghost","floor":16,"turns":8},{"damage":4,"enemies":"3 Byrds","floor":18,"turns":3},{"damage":10,"enemies":"Chosen","floor":20,"turns":4},{"damage":53,"enemies":"Gremlin Leader","floor":23,"turns":7},{"damage":20,"enemies":"3 Cultists","floor":24,"turns":5},{"damage":21,"enemies":"Snecko","floor":28,"turns":5},{"damage":31,"enemies":"Centurion and Healer","floor":29,"turns":6},{"damage":32,"enemies":"Snake Plant","floor":31,"turns":5},{"damage":47,"enemies":"Automaton","floor":33,"turns":6}],"seed_played":"6957097629571779100","potions_obtained":[{"floor":1,"key":"FearPotion"},{"floor":12,"key":"FearPotion"},{"floor":16,"key":"Block Potion"},{"floor":18,"key":"Ancient Potion"},{"floor":31,"key":"GamblersBrew"}],"is_trial":false,"path_per_floor":["M","$","?","$","?","R","M","M","T","M","M","M","E","$","R","B",null,"M","$","M","$","?","E","M","R","T","R","M","M","?","M","R","B"],"character_chosen":"DEFECT","items_purchased":["Static Discharge","Rebound","Enlightenment","Mind Blast","Defragment"],"campfire_rested":4,"item_purchase_floors":[2,2,14,19,21],"current_hp_per_floor":[75,75,75,75,75,75,75,75,75,65,58,49,32,32,57,37,85,85,85,75,75,75,29,16,41,41,66,52,35,35,3,28,0],"gold":20,"neow_bonus":"THREE_ENEMY_KILL","is_prod":false,"is_daily":false,"chose_seed":false,"campfire_upgraded":1,"win_rate":0,"timestamp":1554959814,"path_taken":["M","$","?","?","?","R","M","?","T","M","M","M","E","?","R","BOSS","M","$","M","$","?","E","M","R","T","R","?","M","?","M","R","BOSS"],"build_version":"2019-01-23","purchased_purges":0,"victory":false,"max_hp_per_floor":[75,75,75,75,75,75,75,75,75,75,75,75,85,85,85,85,85,85,85,85,85,85,85,85,85,85,85,85,85,85,85,85,85],"card_choices":[{"not_picked":["Scrape","Sweeping Beam"],"picked":"Lockon","floor":1},{"not_picked":["Beam Cell","Sweeping Beam"],"picked":"Self Repair","floor":7},{"not_picked":["Redo","Stack"],"picked":"Sweeping Beam","floor":8},{"not_picked":["Sweeping Beam","Redo"],"picked":"Amplify","floor":10},{"not_picked":["Redo","Rebound"],"picked":"Melter","floor":11},{"not_picked":["Rebound","Streamline"],"picked":"Coolheaded","floor":12},{"not_picked":["Beam Cell","Redo"],"picked":"Glacier","floor":13},{"not_picked":["Fission","Multi-Cast"],"picked":"Electrodynamics","floor":16},{"not_picked":["Force Field","Scrape"],"picked":"Rip and Tear","floor":18},{"not_picked":["Leap","Stack"],"picked":"BootSequence","floor":20},{"not_picked":["Gash+1","Biased Cognition","Cold Snap+1"],"picked":"SKIP","floor":23},{"not_picked":["Double Energy","White Noise","Fusion"],"picked":"SKIP","floor":24},{"not_picked":["Coolheaded","Go for the Eyes","Leap","Sweeping Beam"],"picked":"SKIP","floor":28},{"not_picked":["Barrage","Gash","Cold Snap","Sweeping Beam+1"],"picked":"SKIP","floor":29},{"not_picked":["Streamline+1","Hello World+1","Barrage"],"picked":"Thunder Strike","floor":31}],"player_experience":416473,"relics_obtained":[{"floor":13,"key":"Pear"},{"floor":23,"key":"Potion Belt"},{"floor":26,"key":"Question Card"}],"event_choices":[{"damage_healed":0,"gold_gain":0,"player_choice":"Upgraded","damage_taken":0,"max_hp_gain":0,"max_hp_loss":0,"event_name":"Upgrade Shrine","floor":3,"gold_loss":0,"cards_upgraded":["Static Discharge"]},{"damage_healed":0,"gold_gain":0,"player_choice":"Gave Potion","damage_taken":0,"relics_obtained":["Bag of Marbles"],"max_hp_gain":0,"max_hp_loss":0,"event_name":"WeMeetAgain","floor":5,"gold_loss":0},{"damage_healed":0,"gold_gain":0,"player_choice":"Traded Relic","damage_taken":0,"relics_obtained":["Nloth\u0027s Gift"],"max_hp_gain":0,"max_hp_loss":0,"event_name":"N\u0027loth","floor":22,"relics_lost":["NeowsBlessing"],"gold_loss":0},{"damage_healed":0,"gold_gain":0,"player_choice":"Paid Fearfully","damage_taken":0,"max_hp_gain":0,"max_hp_loss":0,"event_name":"Masked Bandits","floor":30,"gold_loss":86}],"is_beta":false,"boss_relics":[{"not_picked":["Runic Dome","Pandora\u0027s Box"],"picked":"FrozenCore"}],"items_purged_floors":[],"is_endless":false,"potions_floor_spawned":[1,12,16,18,31],"killed_by":"Automaton","ascension_level":3}