{"gold_per_floor":[112,112,135,60,85,128,152,183,183,183,183,183,222,222,222,347,347,368,368,368,391,242,242,255,289,315,315,315,315,340,354,354,483,483,496,169,169,194,194,229,229,244,244,244,259,259,318,334,334,334],"floor_reached":51,"playtime":1882,"items_purged":["Defend_R","Strike_R","Strike_R"],"score":763,"play_id":"9f6f093a-6825-471b-b13a-2eb65ca6fcf7","local_time":"20180912110552","is_ascension_mode":false,"campfire_choices":[{"data":"Corruption","floor":10,"key":"SMITH"},{"floor":12,"key":"REST"},{"floor":15,"key":"DIG"},{"floor":23,"key":"DIG"},{"floor":27,"key":"DIG"},{"floor":29,"key":"DIG"},{"floor":32,"key":"DIG"},{"floor":41,"key":"REST"},{"floor":44,"key":"DIG"},{"floor":46,"key":"DIG"},{"floor":49,"key":"DIG"}],"neow_cost":"NONE","seed_source_timestamp":829049081012276,"circlet_count":0,"master_deck":["Strike_R+1","Strike_R","Defend_R","Defend_R+1","Defend_R","Bash","Clash","Pommel Strike","Flame Barrier","Corruption+1","Clash","Metallicize","Flame Barrier+1","Iron Wave","Clash","Warcry+1","Uppercut+1","Panache","Iron Wave+1","Iron Wave+1","Flame Barrier"],"relics":["Burning Blood","Golden Idol","Shovel","PreservedInsect","Bottled Tornado","Turnip","Kunai","Strawberry","Fusion Hammer","MutagenicStrength","Juzu Bracelet","WingedGreaves","Bronze Scales","Darkstone Periapt","War Paint","Whetstone","Eternal Feather","Meat on the Bone","Singing Bowl","Shuriken","Blood Vial","Bird Faced Urn","Du-Vu Doll"],"potions_floor_usage":[8,13,13,25,30,33,33,40,50,50],"damage_taken":[{"damage":0,"enemies":"2 Louse","floor":1,"turns":2},{"damage":2,"enemies":"Small Slimes","floor":3,"turns":4},{"damage":0,"enemies":"Cultist","floor":5,"turns":2},{"damage":32,"enemies":"Gremlin Nob","floor":6,"turns":4},{"damage":7,"enemies":"2 Fungi Beasts","floor":7,"turns":4},{"damage":30,"enemies":"3 Sentries","floor":8,"turns":7},{"damage":0,"enemies":"Gremlin Nob","floor":13,"turns":2},{"damage":47,"enemies":"The Guardian","floor":16,"turns":10},{"damage":3,"enemies":"Shell Parasite","floor":18,"turns":4},{"damage":0,"enemies":"3 Byrds","floor":21,"turns":3},{"damage":25,"enemies":"Snake Plant","floor":24,"turns":4},{"damage":17,"enemies":"Slavers","floor":25,"turns":4},{"damage":0,"enemies":"Snecko","floor":30,"turns":4},{"damage":0,"enemies":"Shelled Parasite and Fungi","floor":31,"turns":4},{"damage":58,"enemies":"Collector","floor":33,"turns":11},{"damage":2,"enemies":"Orb Walker","floor":35,"turns":3},{"damage":24,"enemies":"3 Shapes","floor":38,"turns":5},{"damage":80,"enemies":"Nemesis","floor":40,"turns":11},{"damage":31,"enemies":"Maw","floor":42,"turns":6},{"damage":1,"enemies":"Reptomancer","floor":45,"turns":5},{"damage":10,"enemies":"Mysterious Sphere","floor":47,"turns":3},{"damage":11,"enemies":"3 Darklings","floor":48,"turns":5},{"damage":86,"enemies":"Awakened One","floor":50,"turns":12}],"seed_played":"-8773461481632865093","potions_obtained":[{"floor":5,"key":"SkillPotion"},{"floor":6,"key":"Poison Potion"},{"floor":8,"key":"Fruit Juice"},{"floor":16,"key":"Ancient Potion"},{"floor":21,"key":"Poison Potion"},{"floor":24,"key":"Poison Potion"},{"floor":30,"key":"Ancient Potion"},{"floor":35,"key":"Regen Potion"},{"floor":42,"key":"Block Potion"},{"floor":45,"key":"EssenceOfSteel"}],"is_trial":false,"path_per_floor":["M","?","M","$","M","E","M","E","T","R","?","R","E","?","R","B",null,"M","?","?","M","$","R","M","E","T","R","?","R","M","M","R","B",null,"M","$","?","M","?","E","R","M","T","R","M","R","?","M","R","B"],"character_chosen":"IRONCLAD","items_purchased":["Clash","Panache"],"campfire_rested":2,"item_purchase_floors":[22,36],"current_hp_per_floor":[80,60,64,64,70,44,43,19,19,19,19,43,54,54,61,20,92,92,92,92,92,92,92,73,62,62,62,62,62,68,74,74,22,92,92,92,92,74,74,15,51,38,38,50,55,67,67,72,84,24],"gold":334,"neow_bonus":"THREE_CARDS","is_prod":false,"is_daily":false,"chose_seed":false,"campfire_upgraded":1,"win_rate":0,"timestamp":1536775552,"path_taken":["M","?","M","$","M","E","M","E","T","R","?","R","E","?","R","BOSS","M","?","?","M","$","R","M","E","T","R","?","R","M","M","R","BOSS","M","$","?","M","?","E","R","M","T","R","M","R","?","M","R","BOSS"],"build_version":"2018-09-06","purchased_purges":3,"victory":true,"max_hp_per_floor":[80,80,80,80,80,80,80,80,80,80,80,80,85,85,92,92,92,92,92,92,92,92,92,92,92,92,92,92,92,92,92,92,92,92,92,92,92,92,92,92,92,92,92,92,92,92,94,96,96,96],"card_choices":[{"not_picked":["Heavy Blade","Sentinel"],"picked":"Clash","floor":0},{"not_picked":["Shrug It Off","Infernal Blade"],"picked":"Pommel Strike","floor":1},{"not_picked":["Sentinel","Twin Strike","Battle Trance"],"picked":"SKIP","floor":3},{"not_picked":["Clothesline","Combust"],"picked":"Flame Barrier","floor":5},{"not_picked":["Carnage","Impervious"],"picked":"Corruption","floor":6},{"not_picked":["Headbutt","Intimidate"],"picked":"Clash","floor":7},{"not_picked":["Thunderclap","Havoc","Heavy Blade"],"picked":"SKIP","floor":8},{"not_picked":["Body Slam","Reckless Charge"],"picked":"Metallicize","floor":13},{"not_picked":["Seeing Red","Battle Trance+1","Pommel Strike"],"picked":"SKIP","floor":18},{"not_picked":["Shrug It Off","Feel No Pain"],"picked":"Iron Wave","floor":21},{"not_picked":["Twin Strike","True Grit"],"picked":"Warcry+1","floor":24},{"not_picked":["Battle Trance","Twin Strike"],"picked":"Uppercut+1","floor":25},{"not_picked":["Sword Boomerang","Seeing Red+1","Warcry"],"picked":"SKIP","floor":30},{"not_picked":["Bloodletting","Fiend Fire","Twin Strike"],"picked":"SKIP","floor":31},{"not_picked":["Sever Soul+1","Sword Boomerang","Heavy Blade"],"picked":"SKIP","floor":35},{"not_picked":["Burning Pact","Wild Strike+1","Corruption"],"picked":"SKIP","floor":38},{"not_picked":["Havoc","Flame Barrier"],"picked":"Iron Wave+1","floor":40},{"not_picked":["Inflame+1","Sever Soul+1"],"picked":"Iron Wave+1","floor":42},{"not_picked":["Clothesline+1","Fire Breathing"],"picked":"Flame Barrier","floor":45},{"not_picked":["Battle Trance+1","True Grit+1","Flex+1"],"picked":"Singing Bowl","floor":47},{"not_picked":["Flex","Dropkick+1","Havoc+1"],"picked":"Singing Bowl","floor":48}],"player_experience":208456,"relics_obtained":[{"floor":6,"key":"Shovel"},{"floor":8,"key":"PreservedInsect"},{"floor":9,"key":"Bottled Tornado"},{"floor":13,"key":"Kunai"},{"floor":15,"key":"Strawberry"},{"floor":23,"key":"Juzu Bracelet"},{"floor":25,"key":"WingedGreaves"},{"floor":26,"key":"Bronze Scales"},{"floor":27,"key":"Darkstone Periapt"},{"floor":29,"key":"War Paint"},{"floor":32,"key":"Whetstone"},{"floor":40,"key":"Meat on the Bone"},{"floor":43,"key":"Singing Bowl"},{"floor":44,"key":"Shuriken"},{"floor":46,"key":"Blood Vial"},{"floor":47,"key":"Bird Faced Urn"},{"floor":49,"key":"Du-Vu Doll"}],"event_choices":[{"event_name":"Golden Idol","player_choice":"Take Damage","floor":2,"damage_taken":0},{"event_name":"Dead Adventurer","player_choice":"Searched \u00271\u0027 times","floor":11,"damage_taken":0},{"event_name":"Match and Keep!","player_choice":"0 cards matched","floor":14,"damage_taken":0},{"event_name":"The Library","player_choice":"Read","floor":19,"damage_taken":0},{"event_name":"Drug Dealer","player_choice":"Inject Mutagens","floor":20,"damage_taken":0},{"event_name":"Vampires","player_choice":"Ignored","floor":28,"damage_taken":0},{"event_name":"SecretPortal","player_choice":"Rejected Portal.","floor":37,"damage_taken":0},{"event_name":"Falling","player_choice":"Removed Attack","floor":39,"damage_taken":0},{"event_name":"Mysterious Sphere","player_choice":"Fight","floor":47,"damage_taken":0}],"is_beta":false,"boss_relics":[{"not_picked":["Runic Pyramid","Velvet Choker"],"picked":"Fusion Hammer"},{"not_picked":["Calling Bell","Runic Cube"],"picked":"Eternal Feather"}],"items_purged_floors":[4,22,36],"is_endless":false,"potions_floor_spawned":[5,6,8,16,21,24,30,35,42,45],"ascension_level":0}