{"gold_per_floor":[110,110,29,29,46,74,74,107,131,131,306,306,306,316,316,415,415,430,150,150],"floor_reached":20,"playtime":523,"items_purged":["Regret"],"score":264,"play_id":"3a0851ba-b7e0-4eb7-9fdb-a371b2417d69","local_time":"20190430234259","is_ascension_mode":true,"campfire_choices":[{"data":"Defragment","floor":7,"key":"SMITH"},{"data":"Zap","floor":12,"key":"SMITH"},{"floor":15,"key":"REST"}],"neow_cost":"NONE","seed_source_timestamp":85646156469600,"circlet_count":0,"master_deck":["Strike_B","Strike_B","Strike_B","Defend_B","Defend_B","Defend_B+1","Defend_B","Zap+1","Dualcast","Barrage+1","Self Repair","Defragment+1","Leap","Doubt","Self Repair","Ball Lightning","Multi-Cast"],"relics":["Cracked Core","NeowsBlessing","GremlinMask","Dream Catcher","PreservedInsect","Art of War","Bag of Marbles","Cursed Key","Runic Capacitor"],"potions_floor_usage":[16,20,20],"damage_taken":[{"damage":0,"enemies":"2 Louse","floor":1,"turns":1},{"damage":0,"enemies":"Cultist","floor":5,"turns":1},{"damage":0,"enemies":"Lagavulin","floor":6,"turns":1},{"damage":29,"enemies":"3 Sentries","floor":8,"turns":8},{"damage":0,"enemies":"Small Slimes","floor":14,"turns":3},{"damage":44,"enemies":"Hexaghost","floor":16,"turns":9},{"damage":50,"enemies":"3 Byrds","floor":18,"turns":4},{"damage":28,"enemies":"Shell Parasite","floor":20,"turns":7}],"seed_played":"1775231604958932054","potions_obtained":[{"floor":1,"key":"Strength Potion"},{"floor":8,"key":"EssenceOfSteel"},{"floor":16,"key":"GamblersBrew"}],"is_trial":false,"path_per_floor":["M","?","$","?","M","E","R","E","T","?","?","R","?","M","R","B",null,"M","$","M"],"character_chosen":"DEFECT","items_purchased":["Self Repair","Runic Capacitor"],"campfire_rested":1,"item_purchase_floors":[3,19],"current_hp_per_floor":[68,53,53,53,53,53,53,24,24,24,24,24,24,31,53,23,62,26,26,0],"gold":150,"neow_bonus":"THREE_ENEMY_KILL","is_prod":false,"is_daily":false,"chose_seed":false,"campfire_upgraded":2,"win_rate":0,"timestamp":1556660579,"path_taken":["M","?","$","?","?","E","R","E","T","?","?","R","?","M","R","BOSS","M","$","M"],"build_version":"2019-01-23","purchased_purges":1,"victory":false,"max_hp_per_floor":[75,75,75,75,75,75,75,75,75,75,75,75,75,75,75,75,75,75,75,75],"card_choices":[{"not_picked":["Double Energy","Fusion"],"picked":"Barrage","floor":1},{"not_picked":["Coolheaded","Hologram"],"picked":"Defragment","floor":5},{"not_picked":["Leap","Sweeping Beam","Stack"],"picked":"SKIP","floor":6},{"not_picked":["Gash","Steam"],"picked":"Leap","floor":8},{"not_picked":["Aggregate","Sweeping Beam"],"picked":"Self Repair","floor":14},{"not_picked":["Streamline","Compile Driver"],"picked":"Ball Lightning","floor":15},{"not_picked":["Reboot","Amplify"],"picked":"Multi-Cast","floor":16},{"not_picked":["Melter+1","Gash","Heatsinks"],"picked":"SKIP","floor":18}],"player_experience":915213,"relics_obtained":[{"floor":6,"key":"Dream Catcher"},{"floor":8,"key":"PreservedInsect"},{"floor":9,"key":"Art of War"}],"event_choices":[{"damage_healed":0,"gold_gain":0,"player_choice":"Entered Light","damage_taken":15,"max_hp_gain":0,"max_hp_loss":0,"event_name":"Shining Light","floor":2,"gold_loss":0,"cards_upgraded":["Defend_B","Barrage"]},{"damage_healed":0,"gold_gain":0,"player_choice":"Trade","damage_taken":0,"relics_obtained":["GremlinMask"],"max_hp_gain":0,"max_hp_loss":0,"event_name":"FaceTrader","floor":4,"gold_loss":0},{"cards_removed":["Strike_B"],"damage_healed":0,"gold_gain":0,"player_choice":"Forget","damage_taken":0,"max_hp_gain":0,"max_hp_loss":0,"event_name":"Living Wall","floor":10,"gold_loss":0},{"damage_healed":0,"gold_gain":175,"player_choice":"AGREE","damage_taken":0,"max_hp_gain":0,"max_hp_loss":0,"event_name":"Liars Game","floor":11,"gold_loss":0,"cards_obtained":["Doubt"]},{"damage_healed":0,"gold_gain":0,"player_choice":"Box","damage_taken":0,"relics_obtained":["Bag of Marbles"],"max_hp_gain":0,"max_hp_loss":0,"event_name":"Big Fish","floor":13,"gold_loss":0,"cards_obtained":["Regret"]}],"is_beta":false,"boss_relics":[{"not_picked":["Ectoplasm","Runic Dome"],"picked":"Cursed Key"}],"items_purged_floors":[19],"is_endless":false,"potions_floor_spawned":[1,8,16],"killed_by":"Shell Parasite","ascension_level":6}