{"gold_per_floor":[119,138,158,158,174,201,201,230,230,248,282,262,274,300,300,395,425,440,460,487,487],"floor_reached":21,"playtime":2248,"items_purged":[],"score":268,"play_id":"4144f5f8-fa4d-491e-9552-85566b4438a4","local_time":"20190423144554","is_ascension_mode":true,"campfire_choices":[{"data":"Dagger Spray","floor":7,"key":"SMITH"},{"floor":15,"key":"REST"}],"neow_cost":"NONE","seed_source_timestamp":1180383644463700,"circlet_count":0,"master_deck":["Defend_G","Defend_G","Defend_G","Defend_G","Defend_G","Strike_G","Strike_G","Strike_G","Strike_G","Strike_G","Survivor","Neutralize","Endless Agony","Masterful Stab","Well Laid Plans","Distraction","Dagger Spray+1","Malaise","Predator","Poisoned Stab","Quick Slash","Wraith Form v2","Parasite","Regret","Parasite","Escape Plan+1","Crippling Poison+1","Deflect+1","Prepared+1"],"relics":["Ring of the Snake","NeowsBlessing","Orichalcum","Ancient Tea Set","Bottled Tornado","Bag of Preparation","Darkstone Periapt","Toxic Egg 2","Calling Bell","Tiny Chest","Shuriken","Prayer Wheel","Omamori"],"potions_floor_usage":[6,6,11,14,16,16,21],"damage_taken":[{"damage":0,"enemies":"Cultist","floor":1,"turns":1},{"damage":0,"enemies":"2 Louse","floor":2,"turns":1},{"damage":0,"enemies":"Small Slimes","floor":3,"turns":1},{"damage":0,"enemies":"Red Slaver","floor":5,"turns":5},{"damage":15,"enemies":"Gremlin Nob","floor":6,"turns":4},{"damage":16,"enemies":"3 Sentries","floor":8,"turns":7},{"damage":0,"enemies":"3 Louse","floor":10,"turns":1},{"damage":6,"enemies":"Gremlin Nob","floor":11,"turns":3},{"damage":6,"enemies":"Looter","floor":13,"turns":2},{"damage":10,"enemies":"Lagavulin","floor":14,"turns":5},{"damage":26,"enemies":"Slime Boss","floor":16,"turns":7},{"damage":22,"enemies":"3 Byrds","floor":18,"turns":5},{"damage":9,"enemies":"Chosen","floor":19,"turns":4},{"damage":66,"enemies":"Shelled Parasite and Fungi","floor":21,"turns":5}],"seed_played":"-70398669483453580","potions_obtained":[{"floor":1,"key":"Swift Potion"},{"floor":5,"key":"Strength Potion"},{"floor":8,"key":"GhostInAJar"},{"floor":10,"key":"SteroidPotion"},{"floor":11,"key":"Poison Potion"},{"floor":12,"key":"SneckoOil"},{"floor":18,"key":"SteroidPotion"}],"is_trial":false,"path_per_floor":["M","M","M","?","M","E","R","E","T","M","E","?","M","E","R","B",null,"M","M","T","M"],"character_chosen":"THE_SILENT","items_purchased":[],"campfire_rested":1,"item_purchase_floors":[],"current_hp_per_floor":[70,70,70,67,67,52,52,36,36,36,30,30,24,14,35,9,88,66,57,57,0],"gold":487,"neow_bonus":"THREE_ENEMY_KILL","is_prod":false,"is_daily":false,"chose_seed":false,"campfire_upgraded":1,"win_rate":0,"timestamp":1556023554,"path_taken":["M","?","M","?","M","E","R","E","T","M","E","?","M","E","R","BOSS","M","M","?","M"],"build_version":"2019-01-23","purchased_purges":0,"victory":false,"max_hp_per_floor":[70,70,70,70,70,70,70,70,70,70,70,70,70,70,70,70,88,88,88,88,88],"card_choices":[{"not_picked":["Quick Slash","Blade Dance"],"picked":"Endless Agony","floor":1},{"not_picked":["Dagger Spray","Bouncing Flask"],"picked":"Masterful Stab","floor":2},{"not_picked":["Prepared","Sucker Punch"],"picked":"Well Laid Plans","floor":3},{"not_picked":["Flechettes","Well Laid Plans"],"picked":"Distraction","floor":5},{"not_picked":["Infinite Blades","PiercingWail"],"picked":"Dagger Spray","floor":6},{"not_picked":["Cloak And Dagger","Slice"],"picked":"Malaise","floor":8},{"not_picked":["Heel Hook","Dagger Spray","Outmaneuver"],"picked":"SKIP","floor":10},{"not_picked":["Sucker Punch","Dagger Spray"],"picked":"Predator","floor":11},{"not_picked":["Doppelganger","Escape Plan"],"picked":"Poisoned Stab","floor":13},{"not_picked":["Distraction","Expertise"],"picked":"Quick Slash","floor":14},{"not_picked":["Grand Finale","Tools of the Trade"],"picked":"Wraith Form v2","floor":16},{"not_picked":["Deadly Poison+1","Reflex+1"],"picked":"Escape Plan+1","floor":18},{"not_picked":["Dagger Throw","Heel Hook+1"],"picked":"Crippling Poison+1","floor":18},{"not_picked":["Expertise+1","Outmaneuver+1"],"picked":"Deflect+1","floor":19},{"not_picked":["Tactician+1","Cloak And Dagger+1"],"picked":"Prepared+1","floor":19}],"player_experience":625507,"relics_obtained":[{"floor":6,"key":"Ancient Tea Set"},{"floor":8,"key":"Bottled Tornado"},{"floor":9,"key":"Bag of Preparation"},{"floor":11,"key":"Darkstone Periapt"},{"floor":14,"key":"Toxic Egg 2"},{"floor":17,"key":"Tiny Chest"},{"floor":17,"key":"Shuriken"},{"floor":17,"key":"Prayer Wheel"},{"floor":20,"key":"Omamori"}],"event_choices":[{"damage_healed":0,"gold_gain":0,"player_choice":"Success","damage_taken":3,"relics_obtained":["Orichalcum"],"max_hp_gain":0,"max_hp_loss":0,"event_name":"Scrap Ooze","floor":4,"gold_loss":0},{"damage_healed":0,"gold_gain":0,"player_choice":"Bought 1 Potion","damage_taken":0,"max_hp_gain":0,"max_hp_loss":0,"event_name":"The Woman in Blue","floor":12,"gold_loss":0}],"is_beta":false,"boss_relics":[{"not_picked":["Empty Cage","White Beast Statue"],"picked":"Calling Bell"}],"items_purged_floors":[],"is_endless":false,"potions_floor_spawned":[1,5,8,10,11,13,18],"killed_by":"Shelled Parasite and Fungi","ascension_level":3}