{"gold_per_floor":[111,131,144,94,269,269,295,295,344,376,376,405,423,423],"floor_reached":14,"playtime":406,"items_purged":[],"score":108,"play_id":"4e444523-dd1f-42c4-a65e-d202ef86b0b4","local_time":"20190222151740","is_ascension_mode":false,"campfire_choices":[{"data":"Defragment","floor":6,"key":"SMITH"},{"data":"Defend_B","floor":8,"key":"SMITH"},{"data":"Beam Cell","floor":11,"key":"SMITH"}],"neow_cost":"NONE","seed_source_timestamp":165981555940081,"circlet_count":0,"master_deck":["Strike_B","Strike_B","Strike_B","Defend_B","Defend_B","Defend_B","Defend_B+1","Zap","Dualcast","Defragment+1","Doubt","Beam Cell+1","Gash"],"relics":["Cracked Core","DataDisk","PreservedInsect","Boot","Darkstone Periapt","Bag of Preparation"],"potions_floor_usage":[14],"damage_taken":[{"damage":1,"enemies":"Jaw Worm","floor":1,"turns":3},{"damage":0,"enemies":"2 Louse","floor":2,"turns":2},{"damage":0,"enemies":"Small Slimes","floor":3,"turns":3},{"damage":32,"enemies":"Gremlin Nob","floor":7,"turns":4},{"damage":18,"enemies":"Lagavulin","floor":10,"turns":5},{"damage":8,"enemies":"Gremlin Nob","floor":12,"turns":3},{"damage":0,"enemies":"Red Slaver","floor":13,"turns":2},{"damage":16,"enemies":"The Mushroom Lair","floor":14,"turns":2}],"seed_played":"2205578554343727162","potions_obtained":[{"floor":2,"key":"FearPotion"},{"floor":7,"key":"FocusPotion"},{"floor":10,"key":"Weak Potion"},{"floor":13,"key":"PowerPotion"}],"is_trial":false,"path_per_floor":["M","M","M","?","?","R","E","R","T","E","R","E","M","?"],"character_chosen":"DEFECT","items_purchased":[],"campfire_rested":0,"item_purchase_floors":[],"current_hp_per_floor":[74,74,74,74,74,74,42,42,42,24,24,16,16,0],"gold":423,"neow_bonus":"RANDOM_COMMON_RELIC","is_prod":false,"is_daily":false,"chose_seed":false,"campfire_upgraded":3,"win_rate":0,"timestamp":1550877460,"path_taken":["M","M","M","?","?","R","E","R","T","E","R","E","M","?"],"build_version":"2019-01-23","purchased_purges":0,"victory":false,"max_hp_per_floor":[75,75,75,75,75,75,75,75,75,75,75,75,75,75],"card_choices":[{"not_picked":["Cold Snap","Leap","Heatsinks"],"picked":"SKIP","floor":1},{"not_picked":["Recycle","Steam"],"picked":"Defragment","floor":2},{"not_picked":["FTL","Barrage","Cold Snap"],"picked":"SKIP","floor":3},{"not_picked":["Redo","Blizzard","Rebound"],"picked":"SKIP","floor":7},{"not_picked":["Fission","Leap"],"picked":"Beam Cell","floor":10},{"not_picked":["Rebound","Coolheaded"],"picked":"Gash","floor":12},{"not_picked":["Rebound","Sweeping Beam","Darkness"],"picked":"SKIP","floor":13}],"player_experience":433626,"relics_obtained":[{"floor":7,"key":"PreservedInsect"},{"floor":9,"key":"Boot"},{"floor":10,"key":"Darkstone Periapt"},{"floor":12,"key":"Bag of Preparation"}],"event_choices":[{"cards_removed":["Strike_B"],"damage_healed":0,"gold_gain":0,"player_choice":"Card Removal","damage_taken":0,"max_hp_gain":0,"max_hp_loss":0,"event_name":"The Cleric","floor":4,"gold_loss":50},{"damage_healed":0,"gold_gain":175,"player_choice":"AGREE","damage_taken":0,"max_hp_gain":0,"max_hp_loss":0,"event_name":"Liars Game","floor":5,"gold_loss":0,"cards_obtained":["Doubt"]},{"damage_healed":0,"gold_gain":0,"player_choice":"Fought Mushrooms","damage_taken":0,"max_hp_gain":0,"max_hp_loss":0,"event_name":"Mushrooms","floor":14,"gold_loss":0}],"is_beta":false,"boss_relics":[],"items_purged_floors":[],"is_endless":false,"potions_floor_spawned":[2,7,10,13],"killed_by":"The Mushroom Lair","ascension_level":0}