{"gold_per_floor":[215,215,45,56,71,97,97,97,97,111,127,127,146,20,20,123,123,141,161,174,22,22,49,1,20,20,20,95,95,105,28,28,130,130,140,140,153,153,164,164,190,190,190,220,180,37,37,52,52,52],"floor_reached":50,"playtime":2668,"items_purged":["Searing Blow"],"score":648,"play_id":"3891a8ad-1068-45d7-81bd-a96419d851f4","local_time":"20190321151613","is_ascension_mode":true,"campfire_choices":[{"data":"Hemokinesis","floor":7,"key":"SMITH"},{"floor":12,"key":"REST"},{"data":"Uppercut","floor":15,"key":"SMITH"},{"floor":27,"key":"REST"},{"floor":29,"key":"REST"},{"data":"Flame Barrier","floor":32,"key":"SMITH"},{"data":"Feel No Pain","floor":40,"key":"SMITH"},{"floor":42,"key":"REST"},{"floor":49,"key":"REST"}],"neow_cost":"NONE","seed_source_timestamp":141656705760017,"circlet_count":0,"master_deck":["Bash","Ghostly Armor","Shrug It Off","Metallicize","Rampage","Hemokinesis+1","Sword Boomerang","Rampage","Wild Strike","Shrug It Off","Uppercut+1","Feed","Spot Weakness","Flame Barrier+1","Havoc","Feel No Pain+1","True Grit+1","Havoc","True Grit","Corruption","Infernal Blade+1","Feel No Pain+1","Reaper","Battle Trance+1","Sentinel+1","Corruption+1","Havoc","Ghostly Armor","Inflame","Offering","Exhume"],"relics":["Burning Blood","StoneCalendar","Incense Burner","Pandora\u0027s Box","Singing Bowl","Torii","Astrolabe","Question Card","Lantern","Bag of Preparation","Strawberry"],"potions_floor_usage":[8,11,13,20,23,25,25,41,50],"damage_taken":[{"damage":14,"enemies":"Jaw Worm","floor":1,"turns":5},{"damage":0,"enemies":"2 Louse","floor":4,"turns":2},{"damage":0,"enemies":"Cultist","floor":5,"turns":3},{"damage":32,"enemies":"Gremlin Nob","floor":6,"turns":5},{"damage":9,"enemies":"3 Louse","floor":10,"turns":4},{"damage":13,"enemies":"Gremlin Gang","floor":11,"turns":3},{"damage":7,"enemies":"Exordium Thugs","floor":13,"turns":3},{"damage":21,"enemies":"Hexaghost","floor":16,"turns":9},{"damage":9,"enemies":"Spheric Guardian","floor":18,"turns":6},{"damage":10,"enemies":"3 Byrds","floor":19,"turns":5},{"damage":41,"enemies":"Snake Plant","floor":20,"turns":6},{"damage":61,"enemies":"Slavers","floor":23,"turns":7},{"damage":15,"enemies":"Centurion and Healer","floor":25,"turns":7},{"damage":13,"enemies":"Snecko","floor":30,"turns":4},{"damage":29,"enemies":"Collector","floor":33,"turns":11},{"damage":33,"enemies":"Orb Walker","floor":35,"turns":7},{"damage":6,"enemies":"3 Shapes","floor":37,"turns":6},{"damage":44,"enemies":"Transient","floor":39,"turns":5},{"damage":66,"enemies":"Reptomancer","floor":41,"turns":8},{"damage":65,"enemies":"Giant Head","floor":44,"turns":8},{"damage":9,"enemies":"Jaw Worm Horde","floor":48,"turns":7},{"damage":133,"enemies":"Awakened One","floor":50,"turns":10}],"seed_played":"-2530711277258669855","potions_obtained":[{"floor":1,"key":"Swift Potion"},{"floor":4,"key":"Poison Potion"},{"floor":8,"key":"Fruit Juice"},{"floor":8,"key":"FairyPotion"},{"floor":10,"key":"AttackPotion"},{"floor":11,"key":"BloodPotion"},{"floor":18,"key":"Swift Potion"},{"floor":19,"key":"Regen Potion"},{"floor":20,"key":"SpeedPotion"},{"floor":23,"key":"Weak Potion"},{"floor":37,"key":"FairyPotion"},{"floor":39,"key":"Weak Potion"},{"floor":44,"key":"Block Potion"}],"is_trial":false,"path_per_floor":["M","?","$","M","M","E","R","?","T","M","M","R","M","$","R","B",null,"M","M","M","$","?","E","$","M","T","R","?","R","M","$","R","B",null,"M","?","M","?","M","R","E","R","T","E","?","$","$","M","R","B"],"character_chosen":"IRONCLAD","items_purchased":["Shrug It Off","Metallicize","AttackPotion","Shrug It Off","Uppercut","Corruption","SkillPotion","Feel No Pain","Strawberry"],"campfire_rested":5,"item_purchase_floors":[3,3,3,14,14,21,24,31,46],"current_hp_per_floor":[72,56,56,62,68,42,42,47,47,44,37,62,61,61,61,46,85,85,84,58,58,49,12,12,17,17,45,36,64,62,62,62,39,101,84,84,98,98,60,60,11,42,42,34,34,41,41,50,84,0],"gold":52,"neow_bonus":"HUNDRED_GOLD","is_prod":false,"is_daily":false,"chose_seed":false,"campfire_upgraded":4,"win_rate":0,"timestamp":1553202973,"path_taken":["M","?","$","M","M","E","R","?","T","M","M","R","M","$","R","BOSS","M","?","M","$","?","E","$","?","T","R","?","R","?","?","R","BOSS","M","?","M","?","?","R","E","R","T","E","?","?","$","M","R","BOSS"],"build_version":"2019-01-23","purchased_purges":1,"victory":false,"max_hp_per_floor":[80,80,80,80,80,80,80,85,85,85,85,85,85,85,85,85,85,88,91,91,91,91,94,94,96,96,96,96,96,101,101,101,101,101,104,104,106,101,101,101,104,104,104,104,104,111,111,114,114,114],"card_choices":[{"not_picked":["Corruption","Clash"],"picked":"Ghostly Armor","floor":1},{"not_picked":["Seeing Red","Anger"],"picked":"Rampage","floor":4},{"not_picked":["Entrench","Clash"],"picked":"Hemokinesis","floor":5},{"not_picked":["Dropkick","Hemokinesis"],"picked":"Sword Boomerang","floor":6},{"not_picked":["Twin Strike","Body Slam"],"picked":"Rampage","floor":10},{"not_picked":["Dual Wield","Juggernaut","Rampage"],"picked":"SKIP","floor":11},{"not_picked":["Burning Pact","Sword Boomerang"],"picked":"Wild Strike","floor":13},{"not_picked":["Dark Embrace","Double Tap"],"picked":"Feed","floor":16},{"not_picked":["Thunderclap","Twin Strike"],"picked":"True Grit+1","floor":18},{"not_picked":["Perfected Strike","Flex"],"picked":"Havoc","floor":19},{"not_picked":["Spot Weakness","Perfected Strike"],"picked":"True Grit","floor":20},{"not_picked":["Brutality","Cleave"],"picked":"Infernal Blade+1","floor":23},{"not_picked":["Whirlwind","Armaments+1","Infernal Blade"],"picked":"Singing Bowl","floor":25},{"not_picked":["Sword Boomerang+1","Combust+1","Shrug It Off"],"picked":"Singing Bowl","floor":30},{"not_picked":["Juggernaut","Brutality"],"picked":"Reaper","floor":33},{"not_picked":["Combust","Armaments+1"],"picked":"Havoc","floor":35},{"not_picked":["True Grit+1","Intimidate","Shrug It Off"],"picked":"Singing Bowl","floor":37},{"not_picked":["Whirlwind+1","Sword Boomerang+1"],"picked":"Ghostly Armor","floor":39},{"not_picked":["Battle Trance+1","Searing Blow"],"picked":"Inflame","floor":41},{"not_picked":["Perfected Strike+1","Shrug It Off","Body Slam+1"],"picked":"Offering","floor":44},{"not_picked":["Armaments+1","Clash","Power Through+1"],"picked":"Exhume","floor":48}],"player_experience":306675,"relics_obtained":[{"floor":6,"key":"StoneCalendar"},{"floor":9,"key":"Incense Burner"},{"floor":23,"key":"Singing Bowl"},{"floor":26,"key":"Torii"},{"floor":41,"key":"Question Card"},{"floor":43,"key":"Lantern"},{"floor":44,"key":"Bag of Preparation"}],"event_choices":[{"damage_healed":0,"gold_gain":0,"player_choice":"Entered Light","damage_taken":16,"max_hp_gain":0,"max_hp_loss":0,"event_name":"Shining Light","floor":2,"gold_loss":0,"cards_upgraded":["Strike_R","Strike_R"]},{"damage_healed":0,"gold_gain":0,"player_choice":"Got Potions","damage_taken":0,"max_hp_gain":0,"max_hp_loss":0,"event_name":"Lab","floor":8,"gold_loss":0},{"damage_healed":0,"gold_gain":0,"player_choice":"","damage_taken":9,"max_hp_gain":0,"max_hp_loss":0,"event_name":"Knowing Skull","floor":22,"potions_obtained":[],"gold_loss":0,"cards_obtained":[]},{"damage_healed":0,"gold_gain":75,"player_choice":"Touch","damage_taken":9,"max_hp_gain":0,"max_hp_loss":0,"event_name":"FaceTrader","floor":28,"gold_loss":0},{"cards_removed":["Carnage"],"damage_healed":0,"gold_gain":0,"player_choice":"Removed Attack","damage_taken":0,"max_hp_gain":0,"max_hp_loss":0,"event_name":"Falling","floor":36,"gold_loss":0},{"damage_healed":0,"gold_gain":0,"player_choice":"Max HP","damage_taken":0,"max_hp_gain":0,"max_hp_loss":5,"event_name":"Winding Halls","floor":38,"gold_loss":0},{"damage_healed":0,"gold_gain":0,"player_choice":"Upgrade","damage_taken":0,"max_hp_gain":0,"max_hp_loss":0,"event_name":"Designer","floor":45,"gold_loss":40,"cards_upgraded":["Feel No Pain"]}],"is_beta":false,"boss_relics":[{"not_picked":["Orrery","White Beast Statue"],"picked":"Pandora\u0027s Box"},{"not_picked":["Coffee Dripper","Busted Crown"],"picked":"Astrolabe"}],"items_purged_floors":[21],"is_endless":false,"potions_floor_spawned":[1,4,10,11,18,19,20,23,37,39,44],"killed_by":"Awakened One","ascension_level":3}