{"gold_per_floor":[118,129,145,13,26,59,59,59,85,85,103,134,134,151,151,250,250,263,263,36,135,35,35,47,75,75,75,75,75,75,100,100,100],"floor_reached":33,"playtime":1587,"items_purged":["Strike_B","Defend_B"],"score":366,"play_id":"e1bda379-b19f-460e-8a22-8ceee4fe9c56","local_time":"20181203131607","is_ascension_mode":true,"campfire_choices":[{"data":"Scrape","floor":7,"key":"SMITH"},{"data":"FTL","floor":13,"key":"SMITH"},{"floor":15,"key":"REST"},{"data":"Cold Snap","floor":23,"key":"SMITH"},{"data":"Cold Snap","floor":28,"key":"SMITH"},{"data":"Beam Cell","floor":30,"key":"SMITH"},{"data":"Conserve Battery","floor":32,"key":"SMITH"}],"neow_cost":"NONE","seed_source_timestamp":150286606556203,"circlet_count":0,"master_deck":["Strike_B+1","Strike_B","Defend_B","Defend_B","Defend_B","Zap","Dualcast","Scrape+1","Beam Cell+1","FTL+1","Cold Snap+1","Conserve Battery+1","All For One+1","Cold Snap+1","Coolheaded","Seek"],"relics":["Cracked Core","PreservedInsect","Orichalcum","Happy Flower","Eternal Feather","Juzu Bracelet","Boot","Ice Cream","Whetstone"],"potions_floor_usage":[6,6,6,16,18,25,25],"damage_taken":[{"damage":0,"enemies":"Small Slimes","floor":1,"turns":3},{"damage":1,"enemies":"Cultist","floor":2,"turns":4},{"damage":0,"enemies":"2 Louse","floor":3,"turns":2},{"damage":2,"enemies":"Large Slime","floor":5,"turns":5},{"damage":9,"enemies":"Lagavulin","floor":6,"turns":5},{"damage":0,"enemies":"Exordium Wildlife","floor":11,"turns":2},{"damage":2,"enemies":"3 Sentries","floor":12,"turns":6},{"damage":4,"enemies":"Looter","floor":14,"turns":3},{"damage":66,"enemies":"Hexaghost","floor":16,"turns":12},{"damage":8,"enemies":"Spheric Guardian","floor":18,"turns":4},{"damage":12,"enemies":"2 Thieves","floor":24,"turns":3},{"damage":12,"enemies":"Gremlin Leader","floor":25,"turns":6},{"damage":74,"enemies":"Automaton","floor":33,"turns":8}],"seed_played":"-5159330334406090067","potions_obtained":[{"floor":0,"key":"Poison Potion"},{"floor":0,"key":"SmokeBomb"},{"floor":0,"key":"AttackPotion"},{"floor":1,"key":"SkillPotion"},{"floor":12,"key":"Ancient Potion"},{"floor":14,"key":"Swift Potion"},{"floor":18,"key":"SkillPotion"},{"floor":24,"key":"FocusPotion"}],"is_trial":false,"path_per_floor":["M","M","M","$","M","E","R","?","T","?","M","E","R","M","R","B",null,"M","?","$","?","$","R","M","E","T","?","R","$","R","T","R","B"],"character_chosen":"DEFECT","items_purchased":["FTL","Cold Snap","Juzu Bracelet"],"campfire_rested":1,"item_purchase_floors":[4,4,20],"current_hp_per_floor":[68,67,67,67,65,56,56,56,56,56,56,54,54,50,72,6,58,50,36,36,36,36,45,33,21,21,47,56,56,65,65,74,0],"gold":100,"neow_bonus":"THREE_SMALL_POTIONS","is_prod":false,"is_daily":false,"chose_seed":false,"campfire_upgraded":6,"win_rate":0,"timestamp":1543839367,"path_taken":["M","M","M","$","M","E","R","?","T","?","M","E","R","?","R","BOSS","M","?","$","?","?","R","M","E","T","?","R","$","R","?","R","BOSS"],"build_version":"2018-11-15","purchased_purges":2,"victory":false,"max_hp_per_floor":[75,75,75,75,75,75,75,75,75,75,75,75,75,75,75,75,75,75,80,80,80,80,80,80,80,80,80,80,80,80,80,80,80],"card_choices":[{"not_picked":["Recycle","Sweeping Beam"],"picked":"Scrape","floor":1},{"not_picked":["Steam","Aggregate","Turbo"],"picked":"SKIP","floor":2},{"not_picked":["Compile Driver","Capacitor"],"picked":"Beam Cell","floor":3},{"not_picked":["Turbo","Force Field"],"picked":"Conserve Battery","floor":5},{"not_picked":["Beam Cell","Redo"],"picked":"All For One","floor":6},{"not_picked":["Blizzard","Conserve Battery"],"picked":"Cold Snap","floor":11},{"not_picked":["Turbo","Consume"],"picked":"Coolheaded","floor":12},{"not_picked":["Heatsinks","Redo","Loop"],"picked":"SKIP","floor":14},{"not_picked":["Creative AI","Electrodynamics"],"picked":"Seek","floor":16},{"not_picked":["Loop","Lockon","Coolheaded+1"],"picked":"SKIP","floor":18},{"not_picked":["Hologram","Steam+1","Capacitor"],"picked":"SKIP","floor":24},{"not_picked":["Fusion","Rebound","Cold Snap"],"picked":"SKIP","floor":25}],"player_experience":330123,"relics_obtained":[{"floor":6,"key":"PreservedInsect"},{"floor":9,"key":"Orichalcum"},{"floor":12,"key":"Happy Flower"},{"floor":25,"key":"Boot"},{"floor":26,"key":"Ice Cream"},{"floor":31,"key":"Whetstone"}],"event_choices":[{"damage_healed":0,"gold_gain":0,"player_choice":"Ignored","damage_taken":0,"max_hp_gain":0,"max_hp_loss":0,"event_name":"Liars Game","floor":8,"gold_loss":0},{"cards_removed":["Strike_B"],"damage_healed":0,"gold_gain":0,"player_choice":"Offered Basic","damage_taken":0,"max_hp_gain":0,"max_hp_loss":0,"event_name":"Bonfire Elementals","floor":10,"gold_loss":0},{"damage_healed":0,"gold_gain":0,"player_choice":"Shed Blood","damage_taken":19,"max_hp_gain":5,"max_hp_loss":0,"event_name":"Forgotten Altar","floor":19,"gold_loss":0},{"damage_healed":0,"gold_gain":99,"player_choice":"Stole From Cult","damage_taken":0,"max_hp_gain":0,"max_hp_loss":0,"event_name":"Nest","floor":21,"gold_loss":0},{"damage_healed":26,"gold_gain":0,"player_choice":"Heal","damage_taken":0,"max_hp_gain":0,"max_hp_loss":0,"event_name":"The Library","floor":27,"gold_loss":0}],"is_beta":false,"boss_relics":[{"not_picked":["Sozu","Fusion Hammer"],"picked":"Eternal Feather"}],"items_purged_floors":[20,22],"is_endless":false,"potions_floor_spawned":[1,2,12,14,18,24],"killed_by":"Automaton","ascension_level":7}