{"gold_per_floor":[361,37,51,51,66,66,81,81,81,81,91,91,106,138,138,239,239,250,349,349,349,363,363,363],"floor_reached":24,"playtime":687,"items_purged":["Strike_B"],"score":298,"play_id":"66905a86-e4fa-4a63-b178-4a4b998d56d5","local_time":"20190113212424","is_ascension_mode":true,"campfire_choices":[{"data":"Leap","floor":6,"key":"SMITH"},{"data":"Zap","floor":8,"key":"SMITH"},{"data":"Scrape","floor":10,"key":"SMITH"},{"data":"Go for the Eyes","floor":15,"key":"SMITH"},{"data":"Dualcast","floor":23,"key":"SMITH"}],"neow_cost":"PERCENT_DAMAGE","seed_source_timestamp":696673414337253,"circlet_count":0,"master_deck":["Strike_B","Defend_B","Defend_B","Defend_B","Defend_B","Zap+1","Dualcast+1","Gash","Steam","Scrape+1","Gash","Leap+1","Go for the Eyes+1","Gash","Core Surge","Conserve Battery+1"],"relics":["Cracked Core","Pen Nib","Sundial","Singing Bowl","Sozu","Darkstone Periapt","MutagenicStrength"],"potions_floor_usage":[16,16],"damage_taken":[{"damage":2,"enemies":"Jaw Worm","floor":1,"turns":4},{"damage":0,"enemies":"Cultist","floor":3,"turns":3},{"damage":0,"enemies":"Small Slimes","floor":5,"turns":2},{"damage":0,"enemies":"Exordium Thugs","floor":7,"turns":4},{"damage":0,"enemies":"Large Slime","floor":11,"turns":3},{"damage":4,"enemies":"Gremlin Gang","floor":13,"turns":4},{"damage":0,"enemies":"3 Sentries","floor":14,"turns":6},{"damage":18,"enemies":"The Guardian","floor":16,"turns":7},{"damage":22,"enemies":"2 Thieves","floor":18,"turns":4},{"damage":0,"enemies":"Spheric Guardian","floor":22,"turns":2},{"damage":49,"enemies":"Gremlin Leader","floor":24,"turns":4}],"seed_played":"-7566555825889579472","potions_obtained":[{"floor":11,"key":"Weak Potion"},{"floor":14,"key":"PowerPotion"},{"floor":16,"key":"Ancient Potion"}],"is_trial":false,"path_per_floor":["M","$","M","?","M","R","M","R","T","R","M","?","M","E","R","B",null,"M","?","?","?","M","R","E"],"character_chosen":"DEFECT","items_purchased":["Steam","Scrape","Pen Nib"],"campfire_rested":0,"item_purchase_floors":[2,2,2],"current_hp_per_floor":[48,48,48,41,41,41,41,41,41,41,41,41,37,39,39,21,63,43,43,43,43,43,43,0],"gold":363,"neow_bonus":"TWO_FIFTY_GOLD","is_prod":false,"is_daily":false,"chose_seed":false,"campfire_upgraded":5,"win_rate":0,"timestamp":1547414664,"path_taken":["M","$","M","?","M","R","M","R","T","R","M","?","?","E","R","BOSS","M","?","?","?","?","R","E"],"build_version":"2019-01-10","purchased_purges":1,"victory":false,"max_hp_per_floor":[75,75,75,75,75,75,75,75,75,75,75,75,75,77,77,77,77,79,79,79,79,79,79,79],"card_choices":[{"not_picked":["Rebound","Go for the Eyes"],"picked":"Gash","floor":1},{"not_picked":["Cold Snap","Barrage"],"picked":"Gash","floor":3},{"not_picked":["Fusion","Undo"],"picked":"Leap","floor":5},{"not_picked":["Hello World","Coolheaded","Rip and Tear"],"picked":"SKIP","floor":7},{"not_picked":["Recycle","Heatsinks"],"picked":"Go for the Eyes","floor":11},{"not_picked":["BootSequence","Ball Lightning"],"picked":"Gash","floor":13},{"not_picked":["Ball Lightning","Compile Driver","Thunder Strike"],"picked":"Singing Bowl","floor":14},{"not_picked":["Multi-Cast","Thunder Strike"],"picked":"Core Surge","floor":16},{"not_picked":["Streamline+1","Compile Driver","Turbo"],"picked":"Singing Bowl","floor":18},{"not_picked":["Glacier","Ball Lightning+1"],"picked":"Conserve Battery+1","floor":22}],"player_experience":73767,"relics_obtained":[{"floor":9,"key":"Sundial"},{"floor":14,"key":"Singing Bowl"}],"event_choices":[{"cards_removed":["Strike_B"],"damage_healed":0,"gold_gain":0,"player_choice":"Card Removal","damage_taken":7,"max_hp_gain":0,"max_hp_loss":0,"event_name":"Golden Wing","floor":4,"gold_loss":0},{"cards_removed":["Strike_B"],"damage_healed":0,"gold_gain":0,"player_choice":"Offered Basic","damage_taken":0,"max_hp_gain":0,"max_hp_loss":0,"event_name":"Bonfire Elementals","floor":12,"gold_loss":0},{"damage_healed":0,"gold_gain":99,"player_choice":"Stole From Cult","damage_taken":0,"max_hp_gain":0,"max_hp_loss":0,"event_name":"Nest","floor":19,"gold_loss":0},{"damage_healed":0,"gold_gain":0,"player_choice":"Opened","damage_taken":0,"relics_obtained":["Darkstone Periapt"],"max_hp_gain":0,"max_hp_loss":0,"event_name":"The Mausoleum","floor":20,"gold_loss":0},{"damage_healed":0,"gold_gain":0,"player_choice":"Inject Mutagens","damage_taken":0,"relics_obtained":["MutagenicStrength"],"max_hp_gain":0,"max_hp_loss":0,"event_name":"Drug Dealer","floor":21,"gold_loss":0}],"is_beta":false,"boss_relics":[{"not_picked":["Inserter","Coffee Dripper"],"picked":"Sozu"}],"items_purged_floors":[2],"is_endless":false,"potions_floor_spawned":[11,14,16,18],"killed_by":"Gremlin Leader","ascension_level":7}