{"gold_per_floor":[112,129,71,81,41,70,70,95,119,119,132,132,132,132,132,208,208,228,503,52,67,0,26,36,36,36,62,73,73,131,147,147,147],"floor_reached":33,"playtime":1697,"items_purged":["Strike_R"],"score":579,"play_id":"406a2384-472f-44d7-b00d-67a933a3d0ff","local_time":"20190425121310","is_ascension_mode":true,"campfire_choices":[{"data":"Bash","floor":7,"key":"SMITH"},{"data":"Immolate","floor":10,"key":"SMITH"},{"data":"Disarm","floor":12,"key":"SMITH"},{"data":"Armaments","floor":15,"key":"SMITH"},{"floor":25,"key":"REST"},{"floor":29,"key":"REST"},{"data":"Disarm","floor":32,"key":"SMITH"}],"neow_cost":"NONE","seed_source_timestamp":19324218781445,"circlet_count":0,"master_deck":["AscendersBane","Strike_R","Strike_R","Strike_R","Strike_R","Defend_R","Defend_R","Defend_R","Defend_R","Bash+1","Panacea","Shrug It Off","Perfected Strike","Armaments+1","Immolate+1","Metallicize+1","Disarm+1","Pommel Strike","True Grit","Dark Embrace","Thunderclap","Flex","Feel No Pain","Disarm+1","Uppercut","Intimidate","Feed"],"relics":["Burning Blood","Blood Vial","Happy Flower","Omamori","Velvet Choker","Mango","Boot","Pocketwatch","Gambling Chip","Tiny Chest"],"potions_floor_usage":[8,8,27,27,33],"damage_taken":[{"damage":6,"enemies":"Small Slimes","floor":1,"turns":5},{"damage":10,"enemies":"2 Louse","floor":2,"turns":3},{"damage":13,"enemies":"Cultist","floor":4,"turns":5},{"damage":7,"enemies":"Looter","floor":5,"turns":4},{"damage":22,"enemies":"3 Sentries","floor":6,"turns":6},{"damage":12,"enemies":"Gremlin Nob","floor":8,"turns":4},{"damage":9,"enemies":"3 Louse","floor":11,"turns":4},{"damage":2,"enemies":"The Guardian","floor":16,"turns":14},{"damage":20,"enemies":"2 Thieves","floor":18,"turns":5},{"damage":24,"enemies":"Shell Parasite","floor":21,"turns":6},{"damage":13,"enemies":"Gremlin Leader","floor":23,"turns":6},{"damage":8,"enemies":"Centurion and Healer","floor":24,"turns":7},{"damage":28,"enemies":"Slavers","floor":27,"turns":4},{"damage":33,"enemies":"3 Cultists","floor":28,"turns":5},{"damage":3,"enemies":"Gremlin Leader","floor":30,"turns":8},{"damage":15,"enemies":"Snecko","floor":31,"turns":4},{"damage":75,"enemies":"Automaton","floor":33,"turns":10}],"seed_played":"1516298608142586932","potions_obtained":[{"floor":4,"key":"SteroidPotion"},{"floor":6,"key":"AttackPotion"},{"floor":11,"key":"Explosive Potion"},{"floor":16,"key":"SneckoOil"},{"floor":23,"key":"LiquidBronze"},{"floor":24,"key":"Fire Potion"},{"floor":30,"key":"Block Potion"}],"is_trial":false,"path_per_floor":["M","M","$","M","M","E","R","E","T","R","M","R","?","?","R","B",null,"M","?","$","M","?","E","M","R","T","E","M","R","E","M","R","B"],"character_chosen":"IRONCLAD","items_purchased":["Armaments","Mango","Flex"],"campfire_rested":2,"item_purchase_floors":[3,20,20],"current_hp_per_floor":[68,64,64,57,56,40,40,36,36,36,35,35,40,40,40,46,72,60,60,74,58,58,53,53,81,81,61,36,64,69,62,62,0],"gold":147,"neow_bonus":"RANDOM_COLORLESS","is_prod":false,"is_daily":false,"chose_seed":false,"campfire_upgraded":5,"win_rate":0,"timestamp":1556219590,"path_taken":["M","M","$","M","M","E","R","E","T","R","M","R","?","?","R","BOSS","M","?","?","M","?","E","M","R","T","E","M","R","E","M","R","BOSS"],"build_version":"2019-01-23","purchased_purges":1,"victory":false,"max_hp_per_floor":[75,75,75,75,75,75,75,75,75,75,75,75,80,80,80,80,80,80,80,94,94,94,94,94,94,94,94,94,94,94,94,94,94],"card_choices":[{"not_picked":["Twin Strike","Cleave"],"picked":"Shrug It Off","floor":1},{"not_picked":["Dropkick","Fire Breathing"],"picked":"Perfected Strike","floor":2},{"not_picked":["Flex","Perfected Strike"],"picked":"Immolate","floor":4},{"not_picked":["Pommel Strike","Clothesline"],"picked":"Metallicize","floor":5},{"not_picked":["Perfected Strike","Body Slam"],"picked":"Disarm","floor":6},{"not_picked":["Seeing Red","Infernal Blade"],"picked":"Pommel Strike","floor":8},{"not_picked":["Intimidate","Perfected Strike"],"picked":"True Grit","floor":11},{"not_picked":["Barricade","Limit Break"],"picked":"Dark Embrace","floor":16},{"not_picked":["Body Slam","Wild Strike"],"picked":"Thunderclap","floor":18},{"not_picked":["Rage","Clash"],"picked":"Feel No Pain","floor":21},{"not_picked":["Brutality","Twin Strike"],"picked":"Disarm","floor":23},{"not_picked":["Dual Wield","Dropkick"],"picked":"Uppercut","floor":24},{"not_picked":["Wild Strike","Searing Blow+1"],"picked":"Intimidate","floor":27},{"not_picked":["Heavy Blade","Perfected Strike","Power Through"],"picked":"SKIP","floor":28},{"not_picked":["Cleave","Thunderclap"],"picked":"Feed","floor":30},{"not_picked":["Sentinel","Rampage","Clothesline"],"picked":"SKIP","floor":31}],"player_experience":480801,"relics_obtained":[{"floor":6,"key":"Blood Vial"},{"floor":8,"key":"Happy Flower"},{"floor":9,"key":"Omamori"},{"floor":23,"key":"Boot"},{"floor":26,"key":"Pocketwatch"},{"floor":27,"key":"Gambling Chip"},{"floor":30,"key":"Tiny Chest"}],"event_choices":[{"damage_healed":0,"gold_gain":0,"player_choice":"Donut","damage_taken":0,"max_hp_gain":5,"max_hp_loss":0,"event_name":"Big Fish","floor":13,"gold_loss":0},{"damage_healed":0,"gold_gain":0,"player_choice":"Grow","damage_taken":0,"max_hp_gain":0,"max_hp_loss":0,"event_name":"Living Wall","floor":14,"gold_loss":0,"cards_upgraded":["Metallicize"]},{"damage_healed":0,"gold_gain":275,"player_choice":"Desecrate","damage_taken":0,"max_hp_gain":0,"max_hp_loss":0,"event_name":"Golden Shrine","floor":19,"gold_loss":0,"cards_obtained":["Regret"]},{"damage_healed":0,"gold_gain":0,"player_choice":"Paid Fearfully","damage_taken":0,"max_hp_gain":0,"max_hp_loss":0,"event_name":"Masked Bandits","floor":22,"gold_loss":67}],"is_beta":false,"boss_relics":[{"not_picked":["Black Blood","Empty Cage"],"picked":"Velvet Choker"}],"items_purged_floors":[20],"is_endless":false,"potions_floor_spawned":[4,6,11,16,23,24,30],"killed_by":"Automaton","ascension_level":17}