{"gold_per_floor":[109,128,140,38,49,49,77,2,29,51,108,155,132,174,186,270,282,305,317,14,14,34,34,34,59,59,59,72,72,82,82,82,158,158,168,179,179,197,22,22,48,60,60,60,60,60,72,72,72,72],"floor_reached":51,"playtime":3211,"items_purged":["Strike_R","Pain"],"score":1278,"play_id":"4ea835f1-113f-44eb-8870-307a7df9fadf","local_time":"20190326211745","is_ascension_mode":true,"campfire_choices":[{"data":"Berserk","floor":6,"key":"SMITH"},{"data":"Bash","floor":15,"key":"SMITH"},{"data":"Double Tap","floor":23,"key":"SMITH"},{"data":"Rampage","floor":27,"key":"SMITH"},{"floor":29,"key":"REST"},{"data":"Intimidate","floor":32,"key":"SMITH"},{"floor":40,"key":"REST"},{"floor":45,"key":"REST"},{"data":"Dramatic Entrance","floor":49,"key":"SMITH"}],"neow_cost":"NONE","seed_source_timestamp":1303981576044718,"circlet_count":0,"master_deck":["AscendersBane","Strike_R+1","Strike_R","Strike_R","Strike_R","Defend_R","Defend_R","Defend_R+1","Defend_R","Bash+1","Berserk+1","Pommel Strike+1","Ghostly Armor+1","Battle Trance","Clothesline","Rampage+1","Intimidate+1","Impervious","Double Tap+1","Shrug It Off","Twin Strike","Cleave","Reaper","Immolate","Armaments+1","Disarm+1","Spot Weakness+1","Dramatic Entrance+1"],"relics":["Burning Blood","Potion Belt","MawBank","Centennial Puzzle","Whetstone","Velvet Choker","Shuriken","Mercury Hourglass","Pen Nib","Toxic Egg 2","Sozu","WarpedTongs","Question Card","War Paint"],"potions_floor_usage":[12,12,25,28,33],"damage_taken":[{"damage":1,"enemies":"Cultist","floor":1,"turns":4},{"damage":4,"enemies":"Small Slimes","floor":2,"turns":5},{"damage":4,"enemies":"2 Louse","floor":3,"turns":3},{"damage":0,"enemies":"2 Fungi Beasts","floor":5,"turns":4},{"damage":45,"enemies":"3 Sentries","floor":7,"turns":9},{"damage":3,"enemies":"Large Slime","floor":10,"turns":8},{"damage":5,"enemies":"Lagavulin","floor":12,"turns":7},{"damage":16,"enemies":"The Guardian","floor":16,"turns":13},{"damage":6,"enemies":"Spheric Guardian","floor":18,"turns":4},{"damage":1,"enemies":"3 Byrds","floor":22,"turns":5},{"damage":15,"enemies":"Slavers","floor":25,"turns":5},{"damage":13,"enemies":"Snecko","floor":28,"turns":3},{"damage":16,"enemies":"Cultist and Chosen","floor":30,"turns":4},{"damage":32,"enemies":"Collector","floor":33,"turns":8},{"damage":7,"enemies":"3 Shapes","floor":35,"turns":4},{"damage":29,"enemies":"3 Darklings","floor":36,"turns":3},{"damage":43,"enemies":"Transient","floor":38,"turns":5},{"damage":23,"enemies":"Reptomancer","floor":41,"turns":6},{"damage":35,"enemies":"Jaw Worm Horde","floor":42,"turns":4},{"damage":15,"enemies":"Maw","floor":47,"turns":6},{"damage":56,"enemies":"Awakened One","floor":50,"turns":10}],"seed_played":"7144076822453699444","potions_obtained":[{"floor":3,"key":"Energy Potion"},{"floor":5,"key":"Weak Potion"},{"floor":7,"key":"SkillPotion"},{"floor":25,"key":"GamblersBrew"},{"floor":28,"key":"Explosive Potion"}],"is_trial":false,"path_per_floor":["M","M","M","$","M","R","E","$","T","M","T","E","?","?","R","B",null,"M","?","$","?","M","R","?","E","T","R","M","R","M","$","R","B",null,"M","M","?","M","$","R","E","M","T","?","R","?","M","?","R","B",null],"character_chosen":"IRONCLAD","items_purchased":["Clothesline","Rampage","Shuriken","Shrug It Off","Twin Strike","Disarm+1"],"campfire_rested":3,"item_purchase_floors":[4,4,20,20,20,39],"current_hp_per_floor":[73,75,75,75,75,75,36,36,36,39,39,40,58,58,58,48,68,68,54,54,54,59,59,59,50,50,50,43,67,57,57,57,55,74,80,80,80,52,52,76,73,56,56,56,80,80,80,80,80,61],"gold":72,"neow_bonus":"ONE_RANDOM_RARE_CARD","is_prod":false,"is_daily":false,"chose_seed":false,"campfire_upgraded":6,"win_rate":0,"timestamp":1553635065,"path_taken":["M","M","M","$","M","R","E","$","T","M","?","E","?","?","R","BOSS","M","?","$","?","M","R","?","E","T","R","M","R","M","?","R","BOSS","M","M","?","M","$","R","E","?","T","?","R","?","?","?","R","BOSS"],"build_version":"2019-01-23","purchased_purges":2,"victory":true,"max_hp_per_floor":[75,75,75,75,75,75,75,75,75,75,75,75,75,75,75,75,75,75,80,80,80,80,80,80,80,80,80,80,80,80,80,80,80,80,80,80,80,80,80,80,80,80,80,80,80,80,80,80,80,80],"card_choices":[{"not_picked":["Headbutt","Rage"],"picked":"Pommel Strike","floor":1},{"not_picked":["Dual Wield","Power Through"],"picked":"Ghostly Armor","floor":2},{"not_picked":["Combust","Armaments"],"picked":"Battle Trance","floor":3},{"not_picked":["Sword Boomerang","Warcry","Wild Strike"],"picked":"SKIP","floor":5},{"not_picked":["Havoc","True Grit"],"picked":"Intimidate","floor":7},{"not_picked":["Havoc","Headbutt","Perfected Strike"],"picked":"SKIP","floor":10},{"not_picked":["Offering","Clothesline"],"picked":"Impervious","floor":12},{"not_picked":["Juggernaut","Brutality"],"picked":"Double Tap","floor":16},{"not_picked":["Pommel Strike","Body Slam+1","Fire Breathing"],"picked":"SKIP","floor":18},{"not_picked":["Perfected Strike","Clothesline+1","Pommel Strike"],"picked":"SKIP","floor":22},{"not_picked":["Clothesline+1","Shrug It Off"],"picked":"Twin Strike","floor":25},{"not_picked":["True Grit+1","Intimidate+1"],"picked":"Cleave","floor":28},{"not_picked":["Body Slam","Headbutt"],"picked":"Reaper","floor":30},{"not_picked":["Double Tap+1","Feed"],"picked":"Immolate","floor":33},{"not_picked":["Searing Blow","Clash","Feel No Pain"],"picked":"SKIP","floor":35},{"not_picked":["Shrug It Off+1","Infernal Blade+1"],"picked":"Armaments+1","floor":36},{"not_picked":["Shrug It Off+1","Rage+1","Sentinel+1"],"picked":"SKIP","floor":38},{"not_picked":["Thunderclap","Corruption"],"picked":"Spot Weakness+1","floor":41},{"not_picked":["Evolve+1","Bloodletting+1","Body Slam","Headbutt+1"],"picked":"SKIP","floor":42},{"not_picked":["Purity+1","HandOfGreed","Swift Strike"],"picked":"Dramatic Entrance","floor":44},{"not_picked":["Anger","Clothesline","Blood for Blood","Perfected Strike"],"picked":"SKIP","floor":47}],"player_experience":1643432,"relics_obtained":[{"floor":7,"key":"Potion Belt"},{"floor":9,"key":"MawBank"},{"floor":11,"key":"Centennial Puzzle"},{"floor":12,"key":"Whetstone"},{"floor":25,"key":"Pen Nib"},{"floor":26,"key":"Toxic Egg 2"},{"floor":41,"key":"Question Card"},{"floor":43,"key":"War Paint"}],"event_choices":[{"damage_healed":18,"gold_gain":0,"player_choice":"Healed","damage_taken":0,"max_hp_gain":0,"max_hp_loss":0,"event_name":"The Cleric","floor":13,"gold_loss":35},{"damage_healed":0,"gold_gain":30,"player_choice":"Searched \u00271\u0027 times","damage_taken":0,"max_hp_gain":0,"max_hp_loss":0,"event_name":"Dead Adventurer","floor":14,"gold_loss":0},{"damage_healed":0,"gold_gain":0,"player_choice":"Shed Blood","damage_taken":19,"max_hp_gain":5,"max_hp_loss":0,"event_name":"Forgotten Altar","floor":19,"gold_loss":0},{"damage_healed":0,"gold_gain":0,"player_choice":"Opened","damage_taken":0,"relics_obtained":["Mercury Hourglass"],"max_hp_gain":0,"max_hp_loss":0,"event_name":"The Mausoleum","floor":21,"gold_loss":0},{"damage_healed":0,"gold_gain":0,"player_choice":"Ignored","damage_taken":0,"max_hp_gain":0,"max_hp_loss":0,"event_name":"Vampires","floor":24,"gold_loss":0},{"damage_healed":0,"gold_gain":0,"player_choice":"Rummage","damage_taken":0,"relics_obtained":["WarpedTongs"],"max_hp_gain":0,"max_hp_loss":0,"event_name":"Accursed Blacksmith","floor":37,"gold_loss":0,"cards_obtained":["Pain"]},{"damage_healed":0,"gold_gain":0,"player_choice":"Memory 1","damage_taken":0,"max_hp_gain":0,"max_hp_loss":0,"event_name":"SensoryStone","floor":44,"gold_loss":0},{"damage_healed":0,"gold_gain":0,"player_choice":"Bought 0 Potions","damage_taken":0,"max_hp_gain":0,"max_hp_loss":0,"event_name":"The Woman in Blue","floor":46,"gold_loss":0},{"cards_removed":["Twin Strike"],"damage_healed":0,"gold_gain":0,"player_choice":"Removed Attack","damage_taken":0,"max_hp_gain":0,"max_hp_loss":0,"event_name":"Falling","floor":48,"gold_loss":0}],"is_beta":false,"boss_relics":[{"not_picked":["Fusion Hammer","Tiny House"],"picked":"Velvet Choker"},{"not_picked":["Runic Pyramid","Lizard Tail"],"picked":"Sozu"}],"items_purged_floors":[8,39],"is_endless":false,"potions_floor_spawned":[3,5,7,25,28,38],"ascension_level":14}