{"gold_per_floor":[110,124,124,134,151,151,178,24,71,71,14,14,40,40,40,40],"floor_reached":16,"playtime":518,"items_purged":["Strike_R"],"score":194,"play_id":"1ad9ce6b-4818-4869-ae78-44811fa7df9e","local_time":"20190423122705","is_ascension_mode":true,"campfire_choices":[{"data":"Carnage","floor":6,"key":"SMITH"},{"data":"Shockwave","floor":10,"key":"SMITH"},{"data":"Clothesline","floor":15,"key":"SMITH"}],"neow_cost":"NONE","seed_source_timestamp":148939147405175,"circlet_count":0,"master_deck":["AscendersBane","Strike_R","Strike_R","Strike_R","Defend_R","Defend_R","Defend_R","Defend_R","Bash+1","Shockwave+1","Clothesline+1","Armaments","Carnage+1","Inflame+1","Shrug It Off","Armaments","Shrug It Off","Injury"],"relics":["Burning Blood","Self Forming Clay","Orichalcum","Oddly Smooth Stone","Golden Idol"],"potions_floor_usage":[5,16,16],"damage_taken":[{"damage":8,"enemies":"Jaw Worm","floor":1,"turns":5},{"damage":0,"enemies":"Cultist","floor":2,"turns":4},{"damage":14,"enemies":"Small Slimes","floor":4,"turns":5},{"damage":6,"enemies":"Red Slaver","floor":5,"turns":4},{"damage":21,"enemies":"Gremlin Nob","floor":7,"turns":4},{"damage":14,"enemies":"Lagavulin","floor":13,"turns":6},{"damage":43,"enemies":"Slime Boss","floor":16,"turns":9}],"seed_played":"-8570045005319260417","potions_obtained":[{"floor":1,"key":"Weak Potion"},{"floor":2,"key":"Poison Potion"},{"floor":13,"key":"Dexterity Potion"}],"is_trial":false,"path_per_floor":["M","M","?","M","M","R","E","$","T","R","$","?","E","?","R","B"],"character_chosen":"IRONCLAD","items_purchased":["Shrug It Off","Armaments","Shrug It Off"],"campfire_rested":0,"item_purchase_floors":[8,8,11],"current_hp_per_floor":[66,72,72,64,64,64,49,49,49,49,49,49,41,41,41,0],"gold":40,"neow_bonus":"UPGRADE_CARD","is_prod":false,"is_daily":false,"chose_seed":false,"campfire_upgraded":3,"win_rate":0,"timestamp":1556047625,"path_taken":["M","M","?","?","M","R","E","$","T","R","?","?","E","?","R","BOSS"],"build_version":"2019-01-23","purchased_purges":1,"victory":false,"max_hp_per_floor":[75,75,75,75,75,75,75,75,75,75,75,75,75,75,75,75],"card_choices":[{"not_picked":["Havoc","Dual Wield"],"picked":"Shockwave","floor":1},{"not_picked":["Flex","Pommel Strike"],"picked":"Clothesline","floor":2},{"not_picked":["Reckless Charge","Blood for Blood"],"picked":"Armaments","floor":4},{"not_picked":["True Grit","Body Slam"],"picked":"Carnage","floor":5},{"not_picked":["Bloodletting","Shrug It Off"],"picked":"Inflame","floor":7},{"not_picked":["Havoc","Flex","Reckless Charge"],"picked":"SKIP","floor":13}],"player_experience":468418,"relics_obtained":[{"floor":7,"key":"Self Forming Clay"},{"floor":9,"key":"Orichalcum"},{"floor":13,"key":"Oddly Smooth Stone"}],"event_choices":[{"cards_removed":["Strike_R"],"damage_healed":0,"gold_gain":0,"player_choice":"Offered Basic","damage_taken":0,"max_hp_gain":0,"max_hp_loss":0,"event_name":"Bonfire Elementals","floor":3,"gold_loss":0},{"damage_healed":0,"gold_gain":0,"player_choice":"Grow","damage_taken":0,"max_hp_gain":0,"max_hp_loss":0,"event_name":"Living Wall","floor":12,"gold_loss":0,"cards_upgraded":["Inflame"]},{"damage_healed":0,"gold_gain":0,"player_choice":"Take Wound","damage_taken":0,"relics_obtained":["Golden Idol"],"max_hp_gain":0,"max_hp_loss":0,"event_name":"Golden Idol","floor":14,"gold_loss":0,"cards_obtained":["Injury"]}],"is_beta":false,"boss_relics":[],"items_purged_floors":[8],"is_endless":false,"potions_floor_spawned":[1,2,13],"killed_by":"Slime Boss","ascension_level":16}