{"gold_per_floor":[111,130,83,94,20,53,71,71,71,71,84,34,50,69,69,165,165,179,192,209,99,99,99,111,111,162,187,228,267,313,424,436,545,557,580,225,240,240,253,280,280,308,308,308,308,308,226,242,242,242,242,242,85,116,116],"floor_reached":55,"playtime":3760,"items_purged":["Strike_R","Bash"],"score":1387,"play_id":"36aa26ef-124c-402e-badb-d94f9bfc926f","local_time":"20190505110424","is_ascension_mode":true,"campfire_choices":[{"data":"True Grit","floor":8.0,"key":"SMITH"},{"floor":10.0,"key":"REST"},{"data":"Fiend Fire","floor":15.0,"key":"SMITH"},{"data":"Corruption","floor":23.0,"key":"SMITH"},{"data":"Perfected Strike","floor":25.0,"key":"SMITH"},{"floor":32.0,"key":"REST"},{"floor":41.0,"key":"RECALL"},{"floor":44.0,"key":"REST"},{"floor":46.0,"key":"REST"},{"floor":49.0,"key":"REST"},{"floor":52.0,"key":"REST"}],"neow_cost":"PERCENT_DAMAGE","seed_source_timestamp":1903065882454066,"circlet_count":0,"master_deck":["AscendersBane","Strike_R","Strike_R+1","Strike_R+1","Strike_R","Defend_R","Defend_R","Defend_R","Cleave","Perfected Strike","Havoc","Pommel Strike","Shockwave","Offering","True Grit+1","Warcry+1","Fiend Fire+1","Perfected Strike+1","Offering+1","Havoc+1","Headbutt+1","Burning Pact+1","Corruption+1","Havoc+1","Warcry+1","Rupture","Offering+1","Power Through+1","Trip+1","Feel No Pain","Battle Trance+1","Sever Soul","Feel No Pain","Power Through+1"],"special_seed":0,"relics":["Burning Blood","Dead Branch","Strawberry","Toxic Egg 2","Mark of Pain","MawBank","Nunchaku","Smiling Mask","Magic Flower","Fusion Hammer","PreservedInsect","Anchor","Incense Burner","Happy Flower","Whetstone"],"potions_floor_usage":[],"damage_taken":[{"damage":2.0,"enemies":"2 Louse","floor":1.0,"turns":3.0},{"damage":18.0,"enemies":"Small Slimes","floor":2.0,"turns":5.0},{"damage":7.0,"enemies":"Jaw Worm","floor":4.0,"turns":2.0},{"damage":30.0,"enemies":"3 Sentries","floor":6.0,"turns":6.0},{"damage":11.0,"enemies":"Looter","floor":7.0,"turns":3.0},{"damage":6.0,"enemies":"2 Fungi Beasts","floor":11.0,"turns":2.0},{"damage":6.0,"enemies":"3 Louse","floor":13.0,"turns":2.0},{"damage":2.0,"enemies":"Looter","floor":14.0,"turns":2.0},{"damage":48.0,"enemies":"The Guardian","floor":16.0,"turns":11.0},{"damage":12.0,"enemies":"Shell Parasite","floor":18.0,"turns":1.0},{"damage":6.0,"enemies":"Chosen","floor":19.0,"turns":1.0},{"damage":6.0,"enemies":"Centurion and Healer","floor":20.0,"turns":2.0},{"damage":12.0,"enemies":"Cultist and Chosen","floor":24.0,"turns":3.0},{"damage":9.0,"enemies":"3 Cultists","floor":27.0,"turns":2.0},{"damage":9.0,"enemies":"Gremlin Leader","floor":28.0,"turns":1.0},{"damage":18.0,"enemies":"Slavers","floor":30.0,"turns":1.0},{"damage":42.0,"enemies":"Automaton","floor":33.0,"turns":6.0},{"damage":12.0,"enemies":"3 Darklings","floor":35.0,"turns":2.0},{"damage":12.0,"enemies":"Orb Walker","floor":37.0,"turns":1.0},{"damage":6.0,"enemies":"Sphere and 2 Shapes","floor":39.0,"turns":2.0},{"damage":6.0,"enemies":"Reptomancer","floor":40.0,"turns":1.0},{"damage":12.0,"enemies":"Nemesis","floor":42.0,"turns":3.0},{"damage":9.0,"enemies":"Maw","floor":48.0,"turns":4.0},{"damage":61.0,"enemies":"Awakened One","floor":50.0,"turns":7.0},{"damage":16.0,"enemies":"Shield and Spear","floor":54.0,"turns":3.0},{"damage":124,"enemies":"The Heart","floor":55,"turns":3}],"seed_played":"-6504198908610726848","potions_obtained":[{"floor":1.0,"key":"SpeedPotion"},{"floor":7.0,"key":"SteroidPotion"},{"floor":13.0,"key":"BloodPotion"},{"floor":14.0,"key":"FearPotion"},{"floor":16.0,"key":"FearPotion"}],"is_trial":false,"path_per_floor":["M","M","$","M","$","E","M","R","T","R","M","?","M","M","R","B",null,"M","M","M","$","?","R","M","R","T","M","E","T","E","?","R","B",null,"M","$","M","?","M","E","R","E","T","R","?","R","$","M","R","B",null,"R","$","E","B"],"character_chosen":"IRONCLAD","items_purchased":["Havoc","Shockwave","Corruption","Power Through+1","Trip+1","PreservedInsect","Feel No Pain","Happy Flower"],"campfire_rested":6,"item_purchase_floors":[3,5,21,36,36,36,47,53],"current_hp_per_floor":[55,43,43,42,42,25,20,20,20,46,46,46,46,50,50,8,67,61,61,61,61,61,61,55,55,55,52,49,49,37,37,63,30,73,70,70,67,67,70,73,73,70,70,87,83,83,83,83,83,31,70,83,83,76,0],"gold":116,"neow_bonus":"ONE_RARE_RELIC","is_prod":false,"is_daily":false,"chose_seed":false,"campfire_upgraded":4,"win_rate":0,"timestamp":1557021864,"path_taken":["M","M","$","M","$","E","M","R","T","R","M","?","M","M","R","BOSS","M","M","M","$","?","R","M","R","T","M","E","?","E","?","R","BOSS","M","$","M","?","M","E","R","E","T","R","?","R","$","M","R","BOSS","R","$","E","BOSS"],"build_version":"2019-01-23","purchased_purges":2,"victory":false,"max_hp_per_floor":[80,80,80,80,80,87,87,87,87,87,87,87,87,87,87,87,87,87,87,87,87,87,87,87,87,87,87,87,87,87,87,87,87,87,87,87,87,87,87,87,87,87,87,87,83,83,83,83,83,83,83,83,83,83,83],"card_choices":[{"not_picked":["Metallicize","Blood for Blood"],"picked":"Cleave","floor":1.0},{"not_picked":["Clothesline","Combust"],"picked":"Perfected Strike","floor":2.0},{"not_picked":["Heavy Blade","Bloodletting"],"picked":"Pommel Strike","floor":4.0},{"not_picked":["Clothesline","Pommel Strike"],"picked":"Offering","floor":6.0},{"not_picked":["Uppercut","Metallicize"],"picked":"True Grit","floor":7.0},{"not_picked":["Headbutt","Burning Pact+1"],"picked":"Warcry+1","floor":11.0},{"not_picked":["Flame Barrier+1","Sword Boomerang"],"picked":"Fiend Fire","floor":13.0},{"not_picked":["Battle Trance+1","Cleave"],"picked":"Perfected Strike","floor":14.0},{"not_picked":["Brutality","Barricade"],"picked":"Offering+1","floor":16.0},{"not_picked":["Entrench+1","Anger"],"picked":"Havoc+1","floor":18.0},{"not_picked":["Havoc+1","Anger"],"picked":"Headbutt+1","floor":19.0},{"not_picked":["Whirlwind","Heavy Blade"],"picked":"Burning Pact+1","floor":20.0},{"not_picked":["Headbutt","Shrug It Off+1"],"picked":"Havoc+1","floor":24.0},{"not_picked":["True Grit+1","Iron Wave"],"picked":"Warcry+1","floor":27.0},{"not_picked":["Limit Break+1","Spot Weakness+1","Carnage"],"picked":"SKIP","floor":28.0},{"not_picked":["Havoc+1","Armaments+1"],"picked":"Rupture","floor":30.0},{"not_picked":["Limit Break+1","Bludgeon"],"picked":"Offering+1","floor":33.0},{"not_picked":["Anger+1","Sword Boomerang","Dropkick"],"picked":"SKIP","floor":35.0},{"not_picked":["Headbutt","Entrench+1"],"picked":"Feel No Pain","floor":37.0},{"not_picked":["Perfected Strike+1","Wild Strike"],"picked":"Battle Trance+1","floor":39.0},{"not_picked":["Rampage+1","Uppercut"],"picked":"Sever Soul","floor":40.0},{"not_picked":["Pommel Strike","Carnage+1","Shrug It Off+1"],"picked":"SKIP","floor":42.0},{"not_picked":["Shrug It Off+1","Sword Boomerang","Reckless Charge+1"],"picked":"SKIP","floor":48.0},{"not_picked":["Body Slam","Havoc+1"],"picked":"Power Through+1","floor":54.0}],"player_experience":513584,"relics_obtained":[{"floor":6.0,"key":"Strawberry"},{"floor":9.0,"key":"Toxic Egg 2"},{"floor":26.0,"key":"MawBank"},{"floor":28.0,"key":"Nunchaku"},{"floor":29.0,"key":"Smiling Mask"},{"floor":30.0,"key":"Magic Flower"},{"floor":40.0,"key":"Anchor"},{"floor":42.0,"key":"Incense Burner"},{"floor":54.0,"key":"Whetstone"}],"event_choices":[{"cards_removed":["Defend_R"],"damage_healed":0.0,"max_hp_gain":0.0,"max_hp_loss":0.0,"gold_gain":0.0,"event_name":"The Cleric","player_choice":"Card Removal","floor":12.0,"gold_loss":50.0,"damage_taken":0.0},{"damage_healed":0.0,"max_hp_gain":0.0,"max_hp_loss":0.0,"gold_gain":0.0,"event_name":"Cursed Tome","player_choice":"Ignored","floor":22.0,"gold_loss":0.0,"damage_taken":0.0},{"damage_healed":0.0,"max_hp_gain":0.0,"max_hp_loss":0.0,"gold_gain":99.0,"event_name":"Nest","player_choice":"Stole From Cult","floor":31.0,"gold_loss":0.0,"damage_taken":0.0},{"damage_healed":0.0,"max_hp_gain":0.0,"max_hp_loss":0.0,"gold_gain":0.0,"event_name":"Tomb of Lord Red Mask","player_choice":"Ignored","floor":38.0,"gold_loss":0.0,"damage_taken":0.0},{"damage_healed":0.0,"max_hp_gain":0.0,"max_hp_loss":4.0,"gold_gain":0.0,"event_name":"Winding Halls","player_choice":"Max HP","floor":45.0,"gold_loss":0.0,"damage_taken":0.0}],"is_beta":false,"boss_relics":[{"not_picked":["Tiny House","Astrolabe"],"picked":"Mark of Pain"},{"not_picked":["Velvet Choker","Black Blood"],"picked":"Fusion Hammer"}],"items_purged_floors":[21,36],"is_endless":false,"potions_floor_spawned":[1,7,13,14,16,19,24,28,33,35,40,48],"killed_by":"The Heart","ascension_level":12}