{"gold_per_floor":[110,56,69,69,69,69,112,125,125,41,65,79,112,112,112,208,208,232,4,4],"floor_reached":20,"playtime":735,"items_purged":["Injury"],"score":328,"play_id":"63b0a9ff-7ab7-4e16-81b2-6df88622d0b4","local_time":"20190422155147","is_ascension_mode":true,"campfire_choices":[{"data":"Bash","floor":6,"key":"SMITH"},{"floor":15,"key":"REST"}],"neow_cost":"NONE","seed_source_timestamp":114149327728567,"circlet_count":0,"master_deck":["AscendersBane","Strike_R","Strike_R","Defend_R","Defend_R","Defend_R","Defend_R","Bash+1","Clothesline","Cleave","Armaments","Spot Weakness","Clothesline","Disarm","Metallicize","Pommel Strike+1","Feel No Pain","Limit Break","Seeing Red+1","Rupture+1","Barricade+1","Sword Boomerang+1","Feed+1"],"relics":["Burning Blood","Golden Idol","GremlinMask","Ornamental Fan","Molten Egg 2","Kunai","Astrolabe"],"potions_floor_usage":[11,11,16,18,20],"damage_taken":[{"damage":4,"enemies":"Small Slimes","floor":1,"turns":4},{"damage":9,"enemies":"Jaw Worm","floor":3,"turns":4},{"damage":29,"enemies":"Gremlin Nob","floor":7,"turns":5},{"damage":8,"enemies":"Cultist","floor":8,"turns":4},{"damage":2,"enemies":"3 Louse","floor":11,"turns":4},{"damage":8,"enemies":"Blue Slaver","floor":12,"turns":5},{"damage":37,"enemies":"Lagavulin","floor":13,"turns":7},{"damage":28,"enemies":"Hexaghost","floor":16,"turns":12},{"damage":55,"enemies":"3 Byrds","floor":18,"turns":8},{"damage":34,"enemies":"Spheric Guardian","floor":20,"turns":5}],"seed_played":"-2771804268490216318","potions_obtained":[{"floor":3,"key":"Regen Potion"},{"floor":7,"key":"EssenceOfSteel"},{"floor":11,"key":"GamblersBrew"},{"floor":13,"key":"SteroidPotion"},{"floor":18,"key":"BloodPotion"}],"is_trial":false,"path_per_floor":["M","$","M","?","?","R","E","M","T","$","M","M","E","?","R","B",null,"M","$","M"],"character_chosen":"IRONCLAD","items_purchased":["Cleave","Disarm","Feed+1"],"campfire_rested":1,"item_purchase_floors":[2,10,19],"current_hp_per_floor":[77,77,74,74,74,74,51,49,49,49,65,63,32,32,56,34,70,21,21,0],"gold":4,"neow_bonus":"TEN_PERCENT_HP_BONUS","is_prod":false,"is_daily":false,"chose_seed":false,"campfire_upgraded":1,"win_rate":0,"timestamp":1555973507,"path_taken":["M","$","M","?","?","R","E","?","T","$","M","M","E","?","R","BOSS","M","$","M"],"build_version":"2019-01-23","purchased_purges":1,"victory":false,"max_hp_per_floor":[82,82,82,82,82,82,82,82,82,82,82,82,82,82,82,82,82,82,82,82],"card_choices":[{"not_picked":["Flex","Warcry"],"picked":"Clothesline","floor":1},{"not_picked":["Intimidate","Clothesline"],"picked":"Armaments","floor":3},{"not_picked":["Wild Strike","Dual Wield"],"picked":"Spot Weakness","floor":7},{"not_picked":["Body Slam","Anger"],"picked":"Clothesline","floor":8},{"not_picked":["Twin Strike+1","Perfected Strike+1"],"picked":"Metallicize","floor":11},{"not_picked":["Dark Embrace","Dual Wield"],"picked":"Pommel Strike+1","floor":12},{"not_picked":["Blood for Blood+1","Flex"],"picked":"Feel No Pain","floor":13},{"not_picked":["Demon Form","Impervious"],"picked":"Limit Break","floor":16},{"not_picked":["Flex","True Grit"],"picked":"Sword Boomerang+1","floor":18}],"player_experience":466332,"relics_obtained":[{"floor":7,"key":"Ornamental Fan"},{"floor":9,"key":"Molten Egg 2"},{"floor":13,"key":"Kunai"}],"event_choices":[{"damage_healed":0,"gold_gain":0,"player_choice":"Take Wound","damage_taken":0,"relics_obtained":["Golden Idol"],"max_hp_gain":0,"max_hp_loss":0,"event_name":"Golden Idol","floor":4,"gold_loss":0,"cards_obtained":["Injury"]},{"damage_healed":0,"gold_gain":0,"player_choice":"Trade","damage_taken":0,"relics_obtained":["GremlinMask"],"max_hp_gain":0,"max_hp_loss":0,"event_name":"FaceTrader","floor":5,"gold_loss":0},{"damage_healed":0,"gold_gain":0,"player_choice":"Searched \u00270\u0027 times","damage_taken":0,"max_hp_gain":0,"max_hp_loss":0,"event_name":"Dead Adventurer","floor":14,"gold_loss":0}],"is_beta":false,"boss_relics":[{"not_picked":["White Beast Statue","Coffee Dripper"],"picked":"Astrolabe"}],"items_purged_floors":[19],"is_endless":false,"potions_floor_spawned":[3,7,11,13,18],"killed_by":"Spheric Guardian","ascension_level":16}