{"gold_per_floor":[117,130,5,5,17,44,61,96,96,125,125,160,235,11,11,84,84,101,461,475,575,575,575,575],"floor_reached":24,"playtime":864,"items_purged":[],"score":494,"play_id":"fdc8895f-6125-4afa-9574-ec76fb64d604","local_time":"20190501175336","is_ascension_mode":true,"campfire_choices":[{"floor":11,"key":"REST"},{"data":"Whirlwind","floor":15,"key":"SMITH"},{"data":"Shrug It Off","floor":23,"key":"SMITH"}],"neow_cost":"NONE","seed_source_timestamp":3354909852083968,"circlet_count":0,"master_deck":["AscendersBane","Strike_R+1","Strike_R+1","Strike_R+1","Strike_R+1","Strike_R+1","Defend_R+1","Defend_R+1","Defend_R+1","Defend_R+1","Bash","Perfected Strike","Shrug It Off","Perfected Strike","Shockwave","Whirlwind+1","Cleave","Double Tap","Feed","Shrug It Off+1","Perfected Strike"],"relics":["Burning Blood","Omamori","Lantern","Blue Candle","Pantograph","Bag of Marbles","Bottled Lightning","TheAbacus","Cursed Key","Incense Burner","Kunai"],"potions_floor_usage":[6,7,10,18,20],"damage_taken":[{"damage":1,"enemies":"2 Louse","floor":1,"turns":3},{"damage":4,"enemies":"Small Slimes","floor":2,"turns":3},{"damage":1,"enemies":"Jaw Worm","floor":5,"turns":3},{"damage":20,"enemies":"Lagavulin","floor":6,"turns":6},{"damage":0,"enemies":"Gremlin Gang","floor":7,"turns":1},{"damage":8,"enemies":"Gremlin Nob","floor":8,"turns":3},{"damage":40,"enemies":"Lagavulin","floor":10,"turns":8},{"damage":0,"enemies":"Gremlin Nob","floor":12,"turns":2},{"damage":36,"enemies":"Slime Boss","floor":16,"turns":9},{"damage":7,"enemies":"3 Byrds","floor":18,"turns":4},{"damage":15,"enemies":"2 Thieves","floor":20,"turns":4},{"damage":0,"enemies":"Colosseum Slavers","floor":21,"turns":1},{"damage":10,"enemies":"Colosseum Nobs","floor":21,"turns":5},{"damage":37,"enemies":"Sentry and Sphere","floor":24,"turns":5}],"seed_played":"-7025786591882094702","potions_obtained":[{"floor":1,"key":"GamblersBrew"},{"floor":5,"key":"Explosive Potion"},{"floor":6,"key":"Energy Potion"},{"floor":16,"key":"Explosive Potion"},{"floor":18,"key":"BloodPotion"}],"is_trial":false,"path_per_floor":["M","M","$","?","M","E","M","E","T","E","R","E","?","$","R","B",null,"M","?","M","?","?","R","M"],"character_chosen":"IRONCLAD","items_purchased":["Shockwave","Whirlwind","TheAbacus"],"campfire_rested":1,"item_purchase_floors":[3,3,14],"current_hp_per_floor":[73,75,75,57,62,48,54,52,52,18,40,46,35,35,35,30,64,63,28,26,28,28,28,0],"gold":575,"neow_bonus":"THREE_CARDS","is_prod":false,"is_daily":false,"chose_seed":false,"campfire_upgraded":2,"win_rate":0,"timestamp":1556729616,"path_taken":["M","M","$","?","M","E","M","E","T","E","R","E","?","$","R","BOSS","M","?","?","?","?","R","M"],"build_version":"2019-01-23","purchased_purges":0,"victory":false,"max_hp_per_floor":[75,75,75,75,75,75,75,75,75,75,75,75,75,75,75,75,75,75,75,75,75,75,75,75],"card_choices":[{"not_picked":["Heavy Blade","Thunderclap"],"picked":"Perfected Strike","floor":0},{"not_picked":["Sentinel","Headbutt"],"picked":"Shrug It Off","floor":1},{"not_picked":["Power Through","Flex"],"picked":"Perfected Strike","floor":2},{"not_picked":["Wild Strike","Pummel","Fiend Fire"],"picked":"SKIP","floor":5},{"not_picked":["Sever Soul","Feel No Pain"],"picked":"Cleave","floor":6},{"not_picked":["Infernal Blade","Havoc","Whirlwind"],"picked":"SKIP","floor":7},{"not_picked":["Headbutt","Cleave"],"picked":"Double Tap","floor":8},{"not_picked":["Cleave","Body Slam","Warcry"],"picked":"SKIP","floor":10},{"not_picked":["Flame Barrier","Dropkick","Clash"],"picked":"SKIP","floor":12},{"not_picked":["Dark Embrace","Exhume"],"picked":"Feed","floor":16},{"not_picked":["Searing Blow","Clash"],"picked":"Shrug It Off","floor":18},{"not_picked":["Twin Strike","Heavy Blade","Sword Boomerang"],"picked":"SKIP","floor":20},{"not_picked":["Twin Strike","Feel No Pain"],"picked":"Perfected Strike","floor":21}],"player_experience":280405,"relics_obtained":[{"floor":6,"key":"Lantern"},{"floor":8,"key":"Blue Candle"},{"floor":9,"key":"Pantograph"},{"floor":10,"key":"Bag of Marbles"},{"floor":12,"key":"Bottled Lightning"},{"floor":21,"key":"Incense Burner"},{"floor":21,"key":"Kunai"}],"event_choices":[{"damage_healed":0,"gold_gain":0,"player_choice":"Success","damage_taken":18,"relics_obtained":["Omamori"],"max_hp_gain":0,"max_hp_loss":0,"event_name":"Scrap Ooze","floor":4,"gold_loss":0},{"damage_healed":0,"gold_gain":75,"player_choice":"Gather Gold","damage_taken":11,"max_hp_gain":0,"max_hp_loss":0,"event_name":"World of Goop","floor":13,"gold_loss":0},{"damage_healed":0,"gold_gain":360,"player_choice":"GOLD GOLD GOLD GOLD ","damage_taken":35,"max_hp_gain":0,"max_hp_loss":0,"event_name":"Knowing Skull","floor":19,"potions_obtained":[],"gold_loss":0,"cards_obtained":[]},{"damage_healed":0,"gold_gain":0,"player_choice":"Fight","damage_taken":0,"max_hp_gain":0,"max_hp_loss":0,"event_name":"Colosseum","floor":21,"gold_loss":0},{"damage_healed":0,"gold_gain":0,"player_choice":"Fought Nobs","damage_taken":0,"max_hp_gain":0,"max_hp_loss":0,"event_name":"Colosseum","floor":21,"gold_loss":0},{"damage_healed":0,"gold_gain":0,"player_choice":"Simplicity","damage_taken":0,"max_hp_gain":0,"max_hp_loss":0,"event_name":"Back to Basics","floor":22,"gold_loss":0,"cards_upgraded":["Strike_R","Strike_R","Strike_R","Strike_R","Strike_R","Defend_R","Defend_R","Defend_R","Defend_R"]}],"is_beta":false,"boss_relics":[{"not_picked":["Busted Crown","Lizard Tail"],"picked":"Cursed Key"}],"items_purged_floors":[],"is_endless":false,"potions_floor_spawned":[1,5,6,16,18],"killed_by":"Sentry and Sphere","ascension_level":20}