{"gold_per_floor":[361,361,361,22,22,22,56,56,106,6,31,31,31,46,46,137,137,101,124,139,189,210,210],"floor_reached":23,"playtime":895,"items_purged":["Strike_R","Injury"],"score":350,"play_id":"cccc1f8c-eefa-48c5-87b5-b9d3dbd77400","local_time":"20190426101629","is_ascension_mode":true,"campfire_choices":[{"data":"1","floor":6,"key":"LIFT"},{"data":"2","floor":8,"key":"LIFT"},{"data":"3","floor":13,"key":"LIFT"},{"data":"Armaments","floor":15,"key":"SMITH"}],"neow_cost":"CURSE","seed_source_timestamp":49338969761454,"circlet_count":0,"master_deck":["AscendersBane","Strike_R","Strike_R","Strike_R","Strike_R","Defend_R","Defend_R","Defend_R","Defend_R","Bash","Flame Barrier","Shockwave","Metallicize","Armaments+1","Battle Trance","Reaper","Shrug It Off","Feel No Pain","Warcry","Disarm"],"relics":["Burning Blood","Girya","PreservedInsect","Golden Idol","Blood Vial","Vajra","Black Star"],"potions_floor_usage":[7,16,16,19,23],"damage_taken":[{"damage":10,"enemies":"2 Louse","floor":1,"turns":3},{"damage":20,"enemies":"3 Sentries","floor":7,"turns":7},{"damage":3,"enemies":"Jaw Worm","floor":11,"turns":4},{"damage":0,"enemies":"Cultist","floor":14,"turns":3},{"damage":26,"enemies":"Slime Boss","floor":16,"turns":12},{"damage":33,"enemies":"2 Thieves","floor":18,"turns":5},{"damage":48,"enemies":"Spheric Guardian","floor":19,"turns":10},{"damage":9,"enemies":"Snecko","floor":20,"turns":8},{"damage":27,"enemies":"Snake Plant","floor":22,"turns":7},{"damage":38,"enemies":"Book of Stabbing","floor":23,"turns":7}],"seed_played":"-5649733610679947513","potions_obtained":[{"floor":1,"key":"Explosive Potion"},{"floor":7,"key":"SteroidPotion"},{"floor":18,"key":"FearPotion"},{"floor":20,"key":"Weak Potion"}],"is_trial":false,"path_per_floor":["M","?","?","$","?","R","E","R","T","$","M","$","R","M","R","B",null,"M","M","M","?","M","E"],"character_chosen":"IRONCLAD","items_purchased":["PreservedInsect","Shockwave","SteroidPotion"],"campfire_rested":0,"item_purchase_floors":[4,4,4],"current_hp_per_floor":[64,53,46,46,46,46,32,32,32,32,37,37,37,45,45,27,63,52,25,36,36,23,0],"gold":210,"neow_bonus":"TWO_FIFTY_GOLD","is_prod":false,"is_daily":false,"chose_seed":false,"campfire_upgraded":1,"win_rate":0,"timestamp":1556298989,"path_taken":["M","?","?","$","?","R","E","R","T","$","M","?","R","?","R","BOSS","M","M","M","?","?","E"],"build_version":"2019-01-23","purchased_purges":2,"victory":false,"max_hp_per_floor":[75,75,75,75,75,75,75,75,75,75,75,75,75,75,75,75,75,75,75,75,75,75,75],"card_choices":[{"not_picked":["Uppercut","Body Slam"],"picked":"Flame Barrier","floor":1},{"not_picked":["Cleave","Clothesline"],"picked":"Metallicize","floor":7},{"not_picked":["Anger","Headbutt"],"picked":"Armaments","floor":11},{"not_picked":["Twin Strike","Clash"],"picked":"Battle Trance","floor":14},{"not_picked":["Bludgeon","Double Tap"],"picked":"Reaper","floor":16},{"not_picked":["Blood for Blood","Wild Strike"],"picked":"Shrug It Off","floor":18},{"not_picked":["Fire Breathing","Seeing Red+1"],"picked":"Feel No Pain","floor":19},{"not_picked":["Twin Strike+1","Headbutt"],"picked":"Warcry","floor":20},{"not_picked":["Clash","Searing Blow+1"],"picked":"Disarm","floor":22}],"player_experience":493246,"relics_obtained":[{"floor":7,"key":"Blood Vial"},{"floor":9,"key":"Vajra"}],"event_choices":[{"damage_healed":0,"gold_gain":0,"player_choice":"Success","damage_taken":11,"relics_obtained":["Girya"],"max_hp_gain":0,"max_hp_loss":0,"event_name":"Scrap Ooze","floor":2,"gold_loss":0},{"cards_removed":["Shame"],"damage_healed":0,"gold_gain":0,"player_choice":"Card Removal","damage_taken":7,"max_hp_gain":0,"max_hp_loss":0,"event_name":"Golden Wing","floor":3,"gold_loss":0},{"damage_healed":0,"gold_gain":0,"player_choice":"Take Wound","damage_taken":0,"relics_obtained":["Golden Idol"],"max_hp_gain":0,"max_hp_loss":0,"event_name":"Golden Idol","floor":5,"gold_loss":0,"cards_obtained":["Injury"]},{"damage_healed":0,"gold_gain":50,"player_choice":"Pray","damage_taken":0,"max_hp_gain":0,"max_hp_loss":0,"event_name":"Golden Shrine","floor":21,"gold_loss":0}],"is_beta":false,"boss_relics":[{"not_picked":["Runic Pyramid","Cursed Key"],"picked":"Black Star"}],"items_purged_floors":[4,10],"is_endless":false,"potions_floor_spawned":[1,7,14,18,20],"killed_by":"Book of Stabbing","ascension_level":17}