{"gold_per_floor":[115,125,143,106,119,154,165,165,165,182,210,210,238,238,238,357,357,345,365,85,101,101],"floor_reached":22,"playtime":926,"items_purged":["Injury"],"score":317,"play_id":"4c05b322-de9f-4641-9581-2925dc89dc61","local_time":"20190424110611","is_ascension_mode":true,"campfire_choices":[{"data":"Leg Sweep","floor":8,"key":"SMITH"},{"data":"Footwork","floor":12,"key":"SMITH"},{"floor":15,"key":"REST"}],"neow_cost":"NONE","seed_source_timestamp":949490348431664,"circlet_count":0,"master_deck":["AscendersBane","Defend_G","Defend_G","Defend_G","Defend_G","Defend_G","Strike_G","Strike_G","Strike_G","Strike_G","Strike_G","Survivor","Neutralize+1","Dagger Throw","Endless Agony","Dagger Spray","Dash","Poisoned Stab","Dash","Leg Sweep+1","Footwork+1","Infinite Blades","Noxious Fumes","Burst","Poisoned Stab","Blur","Footwork","Caltrops+1"],"relics":["Ring of the Snake","Lantern","Peace Pipe","Question Card","Odd Mushroom","Golden Idol","White Beast Statue","Membership Card"],"potions_floor_usage":[13,16,21,22],"damage_taken":[{"damage":7,"enemies":"Jaw Worm","floor":1,"turns":5},{"damage":0,"enemies":"Small Slimes","floor":2,"turns":4},{"damage":3,"enemies":"2 Louse","floor":3,"turns":2},{"damage":2,"enemies":"2 Fungi Beasts","floor":5,"turns":3},{"damage":14,"enemies":"3 Sentries","floor":6,"turns":9},{"damage":2,"enemies":"Looter","floor":7,"turns":3},{"damage":0,"enemies":"Gremlin Gang","floor":10,"turns":4},{"damage":19,"enemies":"Gremlin Nob","floor":11,"turns":5},{"damage":10,"enemies":"The Mushroom Lair","floor":13,"turns":4},{"damage":26,"enemies":"Hexaghost","floor":16,"turns":10},{"damage":19,"enemies":"2 Thieves","floor":18,"turns":5},{"damage":0,"enemies":"3 Byrds","floor":19,"turns":5},{"damage":30,"enemies":"Snake Plant","floor":21,"turns":6},{"damage":10,"enemies":"Cultist and Chosen","floor":22,"turns":4}],"seed_played":"-2542540006818121646","potions_obtained":[{"floor":3,"key":"Ancient Potion"},{"floor":6,"key":"Energy Potion"},{"floor":13,"key":"LiquidBronze"},{"floor":18,"key":"Ancient Potion"},{"floor":19,"key":"Strength Potion"},{"floor":21,"key":"EssenceOfSteel"}],"is_trial":false,"path_per_floor":["M","M","M","$","M","E","M","R","T","M","E","R","?","?","R","B",null,"M","M","$","M","M"],"character_chosen":"THE_SILENT","items_purchased":["Dash","Membership Card","Footwork"],"campfire_rested":1,"item_purchase_floors":[4,20,20],"current_hp_per_floor":[56,56,53,53,51,37,35,35,35,35,16,16,6,6,27,1,53,34,34,34,4,0],"gold":101,"neow_bonus":"UPGRADE_CARD","is_prod":false,"is_daily":false,"chose_seed":false,"campfire_upgraded":2,"win_rate":0,"timestamp":1556129171,"path_taken":["M","M","M","$","M","E","M","R","T","M","E","R","?","?","R","BOSS","M","M","$","M","M"],"build_version":"2019-01-23","purchased_purges":1,"victory":false,"max_hp_per_floor":[70,70,70,70,70,70,70,70,70,70,70,70,70,70,70,70,70,70,70,70,70,70],"card_choices":[{"not_picked":["Concentrate","Outmaneuver"],"picked":"Dagger Throw","floor":1},{"not_picked":["Bane","Outmaneuver"],"picked":"Endless Agony","floor":2},{"not_picked":["Backflip","Dodge and Roll"],"picked":"Dagger Spray","floor":3},{"not_picked":["Dagger Throw","Deadly Poison"],"picked":"Poisoned Stab","floor":5},{"not_picked":["Underhanded Strike","Dodge and Roll"],"picked":"Dash","floor":6},{"not_picked":["Skewer","Reflex"],"picked":"Leg Sweep","floor":7},{"not_picked":["Escape Plan","Prepared"],"picked":"Footwork","floor":10},{"not_picked":["Setup","Outmaneuver"],"picked":"Infinite Blades","floor":11},{"not_picked":["Terror","Deflect","Escape Plan"],"picked":"Noxious Fumes","floor":13},{"not_picked":["Night Terror","Doppelganger","Phantasmal Killer"],"picked":"Burst","floor":16},{"not_picked":["Cloak And Dagger","Slice","PiercingWail"],"picked":"Poisoned Stab","floor":18},{"not_picked":["Deadly Poison+1","Doppelganger","Finisher"],"picked":"Blur","floor":19},{"not_picked":["Acrobatics","Backflip","Underhanded Strike+1"],"picked":"Caltrops+1","floor":21}],"player_experience":297678,"relics_obtained":[{"floor":6,"key":"Lantern"},{"floor":9,"key":"Peace Pipe"},{"floor":11,"key":"Question Card"},{"floor":13,"key":"Odd Mushroom"}],"event_choices":[{"damage_healed":0,"gold_gain":0,"player_choice":"Fought Mushrooms","damage_taken":0,"max_hp_gain":0,"max_hp_loss":0,"event_name":"Mushrooms","floor":13,"gold_loss":0},{"damage_healed":0,"gold_gain":0,"player_choice":"Take Wound","damage_taken":0,"relics_obtained":["Golden Idol"],"max_hp_gain":0,"max_hp_loss":0,"event_name":"Golden Idol","floor":14,"gold_loss":0,"cards_obtained":["Injury"]}],"is_beta":false,"boss_relics":[{"not_picked":["Black Star","HoveringKite"],"picked":"White Beast Statue"}],"items_purged_floors":[20],"is_endless":false,"potions_floor_spawned":[3,6,13,18,19,21],"killed_by":"Cultist and Chosen","ascension_level":12}