{"gold_per_floor":[367,100,100,111,131,131,146,179,226,226,226,226,244,264,264,337,337,353,51,51,62,77,77],"floor_reached":23,"playtime":1371,"items_purged":["Normality"],"score":328,"play_id":"99c7db34-1a54-4b39-a03d-e3047b6a8f48","local_time":"20190323145553","is_ascension_mode":true,"campfire_choices":[{"data":"Inflame","floor":6,"key":"SMITH"},{"data":"Bash","floor":10,"key":"SMITH"},{"data":"Battle Trance","floor":12,"key":"SMITH"},{"floor":15,"key":"REST"}],"neow_cost":"CURSE","seed_source_timestamp":1023725589021408,"circlet_count":0,"master_deck":["AscendersBane","Strike_R","Strike_R","Strike_R","Strike_R","Strike_R","Defend_R","Defend_R","Defend_R","Defend_R","Bash+1","Inflame+1","Cleave","Battle Trance+1","Twin Strike","Dropkick","Thunderclap","Offering","Enlightenment","Riddle With Holes"],"relics":["Burning Blood","Pantograph","Regal Pillow","Blood Vial","CultistMask","Velvet Choker","PrismaticShard"],"potions_floor_usage":[2,14,16,19],"damage_taken":[{"damage":5,"enemies":"Small Slimes","floor":1,"turns":3},{"damage":1,"enemies":"Cultist","floor":4,"turns":3},{"damage":8,"enemies":"2 Louse","floor":5,"turns":3},{"damage":13,"enemies":"Red Slaver","floor":7,"turns":4},{"damage":32,"enemies":"Gremlin Nob","floor":8,"turns":4},{"damage":21,"enemies":"Blue Slaver","floor":13,"turns":3},{"damage":16,"enemies":"Lots of Slimes","floor":14,"turns":3},{"damage":66,"enemies":"Hexaghost","floor":16,"turns":8},{"damage":31,"enemies":"Shell Parasite","floor":18,"turns":3},{"damage":12,"enemies":"Chosen","floor":21,"turns":4},{"damage":17,"enemies":"3 Cultists","floor":22,"turns":4},{"damage":25,"enemies":"Gremlin Leader","floor":23,"turns":3}],"seed_played":"-2449521392165455337","potions_obtained":[{"floor":8,"key":"Swift Potion"},{"floor":14,"key":"Poison Potion"}],"is_trial":false,"path_per_floor":["M","$","?","M","M","R","M","E","T","R","?","R","M","M","R","B",null,"M","$","?","M","M","E"],"character_chosen":"IRONCLAD","items_purchased":["Inflame","Cleave","Fruit Juice","PrismaticShard","Fruit Juice"],"campfire_rested":1,"item_purchase_floors":[2,2,2,19,19],"current_hp_per_floor":[69,74,74,79,77,77,70,44,44,44,44,44,31,23,62,20,65,42,47,31,27,18,0],"gold":77,"neow_bonus":"TWO_FIFTY_GOLD","is_prod":false,"is_daily":false,"chose_seed":false,"campfire_upgraded":3,"win_rate":0,"timestamp":1553352953,"path_taken":["M","$","?","M","?","R","M","E","T","R","?","R","?","M","R","BOSS","M","$","?","M","?","E"],"build_version":"2019-01-23","purchased_purges":1,"victory":false,"max_hp_per_floor":[75,80,80,80,80,80,80,80,80,80,80,80,80,80,80,80,80,80,85,85,85,85,85],"card_choices":[{"not_picked":["Perfected Strike","Heavy Blade"],"picked":"Ghostly Armor","floor":1},{"not_picked":["True Grit","Dropkick"],"picked":"Battle Trance","floor":4},{"not_picked":["Fire Breathing","Power Through"],"picked":"Twin Strike","floor":5},{"not_picked":["Havoc","True Grit","Twin Strike"],"picked":"SKIP","floor":7},{"not_picked":["Perfected Strike","Hemokinesis","Twin Strike"],"picked":"SKIP","floor":8},{"not_picked":["Anger","Cleave"],"picked":"Dropkick","floor":13},{"not_picked":["Wild Strike","Blood for Blood"],"picked":"Thunderclap","floor":14},{"not_picked":["Brutality","Dark Embrace"],"picked":"Offering","floor":16},{"not_picked":["Intimidate","Wild Strike","Battle Trance"],"picked":"SKIP","floor":18},{"not_picked":["Auto Shields","Enlightenment"],"picked":"Riddle With Holes","floor":21},{"not_picked":["Jack Of All Trades","Gash","Calculated Gamble"],"picked":"SKIP","floor":22}],"player_experience":1608547,"relics_obtained":[{"floor":8,"key":"Regal Pillow"},{"floor":9,"key":"Blood Vial"}],"event_choices":[{"cards_removed":["Ghostly Armor"],"damage_healed":0,"gold_gain":0,"player_choice":"Gave Card","damage_taken":0,"relics_obtained":["Pantograph"],"max_hp_gain":0,"max_hp_loss":0,"event_name":"WeMeetAgain","floor":3,"gold_loss":0},{"damage_healed":0,"gold_gain":0,"player_choice":"Trade","damage_taken":0,"relics_obtained":["CultistMask"],"max_hp_gain":0,"max_hp_loss":0,"event_name":"FaceTrader","floor":11,"gold_loss":0},{"damage_healed":0,"gold_gain":0,"player_choice":"CARD ","damage_taken":16,"max_hp_gain":0,"max_hp_loss":0,"event_name":"Knowing Skull","floor":20,"potions_obtained":[],"gold_loss":0,"cards_obtained":["Enlightenment"]}],"is_beta":false,"boss_relics":[{"not_picked":["Ectoplasm","White Beast Statue"],"picked":"Velvet Choker"}],"items_purged_floors":[2],"is_endless":false,"potions_floor_spawned":[8,14],"killed_by":"Gremlin Leader","ascension_level":14}