{"gold_per_floor":[11,0,11,24,24,56,56,84,384,384,402,402,31,31,31,133,133,151,162,162,180,195,227,227,240,263,263,163,173,192,29,29,125,125,142,93,106,125,125,160,160,160,205,305,317,317,345,362,362,362],"floor_reached":51,"playtime":3295,"items_purged":["Strike_R","Strike_R"],"score":771,"play_id":"406a9e80-63c0-4144-9041-db6ac9a0d1ec","local_time":"20190401221317","is_ascension_mode":true,"campfire_choices":[{"data":"Demon Form","floor":7,"key":"SMITH"},{"data":"Shockwave","floor":10,"key":"SMITH"},{"data":"Seeing Red","floor":12,"key":"SMITH"},{"floor":15,"key":"REST"},{"floor":24,"key":"REST"},{"data":"Double Tap","floor":27,"key":"SMITH"},{"floor":32,"key":"REST"},{"floor":41,"key":"REST"},{"floor":49,"key":"REST"}],"neow_cost":"NO_GOLD","seed_source_timestamp":1821995205048021,"circlet_count":0,"master_deck":["Strike_R","Defend_R+1","Defend_R","Defend_R","Defend_R","Bash","Demon Form+1","Cleave","Shockwave+1","True Grit","Twin Strike","Thunderclap","Seeing Red+1","Double Tap+1","Sword Boomerang","Pummel","Disarm+1","Fiend Fire","Clothesline+1","Shrug It Off","Spot Weakness+1","Pummel+1"],"relics":["Burning Blood","Sundial","Ice Cream","Old Coin","FossilizedHelix","Sozu","Ornamental Fan","Orichalcum","Fusion Hammer","Lantern","War Paint","Turnip","Nunchaku"],"potions_floor_usage":[19,21,22],"damage_taken":[{"damage":3,"enemies":"2 Louse","floor":1,"turns":4},{"damage":1,"enemies":"Cultist","floor":3,"turns":3},{"damage":5,"enemies":"Jaw Worm","floor":4,"turns":5},{"damage":14,"enemies":"Lagavulin","floor":6,"turns":6},{"damage":29,"enemies":"Gremlin Nob","floor":8,"turns":5},{"damage":11,"enemies":"Blue Slaver","floor":11,"turns":3},{"damage":2,"enemies":"The Guardian","floor":16,"turns":8},{"damage":0,"enemies":"3 Byrds","floor":18,"turns":4},{"damage":7,"enemies":"Spheric Guardian","floor":19,"turns":5},{"damage":5,"enemies":"Chosen and Byrds","floor":21,"turns":4},{"damage":18,"enemies":"Centurion and Healer","floor":22,"turns":5},{"damage":59,"enemies":"Slavers","floor":23,"turns":6},{"damage":0,"enemies":"Snecko","floor":25,"turns":3},{"damage":0,"enemies":"Cultist and Chosen","floor":29,"turns":6},{"damage":12,"enemies":"Chosen and Byrds","floor":30,"turns":6},{"damage":39,"enemies":"Collector","floor":33,"turns":7},{"damage":25,"enemies":"3 Shapes","floor":35,"turns":6},{"damage":0,"enemies":"Orb Walker","floor":37,"turns":4},{"damage":3,"enemies":"Writhing Mass","floor":38,"turns":6},{"damage":50,"enemies":"Nemesis","floor":40,"turns":7},{"damage":0,"enemies":"Mind Bloom Boss Battle","floor":44,"turns":6},{"damage":0,"enemies":"3 Darklings","floor":45,"turns":4},{"damage":9,"enemies":"Giant Head","floor":47,"turns":6},{"damage":0,"enemies":"Transient","floor":48,"turns":5},{"damage":60,"enemies":"Time Eater","floor":50,"turns":10}],"seed_played":"-3014372944959942491","potions_obtained":[{"floor":8,"key":"Block Potion"},{"floor":11,"key":"GamblersBrew"},{"floor":16,"key":"AttackPotion"}],"is_trial":false,"path_per_floor":["M","?","M","M","?","E","R","E","T","R","M","R","$","?","R","B",null,"M","M","?","M","M","E","R","M","T","R","$","M","M","$","R","B",null,"M","$","M","M","?","E","R","?","T","?","M","?","E","M","R","B",null],"character_chosen":"IRONCLAD","items_purchased":["FossilizedHelix","Pummel","Disarm","Shrug It Off"],"campfire_rested":5,"item_purchase_floors":[13,31,31,36],"current_hp_per_floor":[80,80,80,80,80,72,72,49,49,49,44,44,44,44,68,72,80,80,79,79,80,68,15,39,45,45,45,45,51,45,45,69,36,80,61,61,67,70,70,26,50,50,50,56,62,62,59,65,80,26],"gold":362,"neow_bonus":"THREE_RARE_CARDS","is_prod":false,"is_daily":false,"chose_seed":false,"campfire_upgraded":4,"win_rate":0,"timestamp":1554153197,"path_taken":["M","?","M","M","?","E","R","E","T","R","?","R","$","?","R","BOSS","M","M","?","M","?","E","R","M","T","R","$","M","?","$","R","BOSS","M","?","M","?","?","E","R","?","T","?","M","?","E","M","R","BOSS"],"build_version":"2019-01-23","purchased_purges":2,"victory":true,"max_hp_per_floor":[80,80,80,80,80,80,80,80,80,80,80,80,80,80,80,80,80,80,80,80,80,80,80,80,80,80,80,80,80,80,80,80,80,80,80,80,80,80,80,80,80,80,80,80,80,80,80,80,80,80],"card_choices":[{"not_picked":["Exhume","Limit Break"],"picked":"Demon Form","floor":0},{"not_picked":["Headbutt","Havoc"],"picked":"Cleave","floor":1},{"not_picked":["Havoc","Body Slam"],"picked":"Shockwave","floor":3},{"not_picked":["Evolve","Body Slam","Headbutt"],"picked":"SKIP","floor":4},{"not_picked":["Flex","Offering"],"picked":"Twin Strike","floor":6},{"not_picked":["True Grit","Cleave"],"picked":"Thunderclap","floor":8},{"not_picked":["Pommel Strike","Dual Wield"],"picked":"Seeing Red","floor":11},{"not_picked":["Dark Embrace","Barricade"],"picked":"Double Tap","floor":16},{"not_picked":["Headbutt+1","Shrug It Off"],"picked":"Sword Boomerang","floor":18},{"not_picked":["Rage","Corruption","Perfected Strike"],"picked":"SKIP","floor":19},{"not_picked":["Inflame","Anger","Thunderclap"],"picked":"SKIP","floor":21},{"not_picked":["Evolve","Feel No Pain+1","Headbutt+1"],"picked":"SKIP","floor":22},{"not_picked":["Feel No Pain+1","Body Slam","Perfected Strike"],"picked":"SKIP","floor":23},{"not_picked":["Clothesline","Dropkick","Rupture"],"picked":"SKIP","floor":25},{"not_picked":["Flex+1","Entrench","Evolve"],"picked":"SKIP","floor":29},{"not_picked":["Rupture+1","Anger","Clash"],"picked":"SKIP","floor":30},{"not_picked":["Offering","Bludgeon"],"picked":"Fiend Fire","floor":33},{"not_picked":["Shrug It Off","Clash"],"picked":"Clothesline+1","floor":35},{"not_picked":["Sword Boomerang","True Grit","Sever Soul"],"picked":"SKIP","floor":37},{"not_picked":["Double Tap","Body Slam+1"],"picked":"Spot Weakness+1","floor":38},{"not_picked":["Second Wind+1","Shrug It Off+1","Warcry+1"],"picked":"SKIP","floor":40},{"not_picked":["Body Slam+1","Seeing Red","Wild Strike+1"],"picked":"SKIP","floor":45},{"not_picked":["Shrug It Off+1","Sentinel+1"],"picked":"Pummel+1","floor":47},{"not_picked":["Clash+1","Flex+1","Iron Wave+1"],"picked":"SKIP","floor":48}],"player_experience":1688344,"relics_obtained":[{"floor":6,"key":"Sundial"},{"floor":8,"key":"Ice Cream"},{"floor":9,"key":"Old Coin"},{"floor":23,"key":"Ornamental Fan"},{"floor":26,"key":"Orichalcum"},{"floor":40,"key":"Lantern"},{"floor":43,"key":"War Paint"},{"floor":44,"key":"Turnip"},{"floor":47,"key":"Nunchaku"}],"event_choices":[{"damage_healed":0,"gold_gain":0,"player_choice":"Left Gold","damage_taken":0,"max_hp_gain":0,"max_hp_loss":0,"event_name":"World of Goop","floor":2,"gold_loss":11},{"damage_healed":0,"gold_gain":0,"cards_transformed":["Strike_R"],"player_choice":"Transformed","damage_taken":0,"max_hp_gain":0,"max_hp_loss":0,"event_name":"Transmorgrifier","floor":5,"gold_loss":0,"cards_obtained":["True Grit"]},{"damage_healed":0,"gold_gain":0,"player_choice":"Leave","damage_taken":0,"max_hp_gain":0,"max_hp_loss":0,"event_name":"The Cleric","floor":14,"gold_loss":0},{"damage_healed":0,"gold_gain":0,"player_choice":"Got Potions","damage_taken":0,"max_hp_gain":0,"max_hp_loss":0,"event_name":"Lab","floor":20,"gold_loss":0},{"damage_healed":0,"gold_gain":0,"player_choice":"Memory 1","damage_taken":0,"max_hp_gain":0,"max_hp_loss":0,"event_name":"SensoryStone","floor":39,"gold_loss":0},{"cards_removed":["Strike_R"],"damage_healed":0,"gold_gain":0,"player_choice":"Removed Attack","damage_taken":0,"max_hp_gain":0,"max_hp_loss":0,"event_name":"Falling","floor":42,"gold_loss":0},{"damage_healed":0,"gold_gain":0,"player_choice":"Fight","damage_taken":0,"max_hp_gain":0,"max_hp_loss":0,"event_name":"MindBloom","floor":44,"gold_loss":0},{"damage_healed":0,"gold_gain":0,"player_choice":"Ignored","damage_taken":0,"max_hp_gain":0,"max_hp_loss":0,"event_name":"Tomb of Lord Red Mask","floor":46,"gold_loss":0}],"is_beta":false,"boss_relics":[{"not_picked":["Snecko Eye","Black Star"],"picked":"Sozu"},{"not_picked":["Eternal Feather","Philosopher\u0027s Stone"],"picked":"Fusion Hammer"}],"items_purged_floors":[13,28],"is_endless":false,"potions_floor_spawned":[8,11,16,23,29,30,33,35,37,47,48],"ascension_level":1}