{"gold_per_floor":[219,233,183,112,130,130,159,159,159,159,172,190,224,224,224,323,323,341,353,365,72,89,117,130,156,156,40,40,51,51,66,66,66],"floor_reached":33,"playtime":2106,"items_purged":[],"score":518,"play_id":"cde36d42-d09b-4f3d-a5d1-a9e17ab5a7a4","local_time":"20190424105032","is_ascension_mode":true,"campfire_choices":[{"data":"Poisoned Stab","floor":6.0,"key":"SMITH"},{"data":"Crippling Poison","floor":8.0,"key":"SMITH"},{"floor":15.0,"key":"REST"},{"floor":28,"key":"REST"},{"floor":32,"key":"REST"}],"neow_cost":"NONE","seed_source_timestamp":0,"circlet_count":0,"master_deck":["AscendersBane","Defend_G","Defend_G","Defend_G","Defend_G","Defend_G","Survivor","Neutralize","Quick Slash","Poisoned Stab+1","Infinite Blades+1","Flying Knee","Crippling Poison+1","Crippling Poison","Finisher","Deadly Poison","After Image","Quick Slash+1","Calculated Gamble+1","Tools of the Trade+1","Backflip","Leg Sweep","Noxious Fumes+1","Cloak And Dagger","PiercingWail","Escape Plan","PiercingWail","Storm of Steel","Accuracy","Dodge and Roll","Underhanded Strike+1","Acrobatics"],"special_seed":0,"relics":["Ring of the Snake","Ninja Scroll","Matryoshka","Pen Nib","Astrolabe","Kunai","Sundial","WingedGreaves","MawBank","Art of War","Mummified Hand"],"potions_floor_usage":[23,25,25,33],"damage_taken":[{"damage":2.0,"enemies":"2 Louse","floor":1.0,"turns":3.0},{"damage":7.0,"enemies":"Small Slimes","floor":2.0,"turns":3.0},{"damage":0.0,"enemies":"Cultist","floor":5.0,"turns":4.0},{"damage":28.0,"enemies":"Gremlin Nob","floor":7.0,"turns":4.0},{"damage":4.0,"enemies":"3 Louse","floor":11.0,"turns":3.0},{"damage":3.0,"enemies":"Looter","floor":12.0,"turns":3.0},{"damage":10.0,"enemies":"Lagavulin","floor":13.0,"turns":5.0},{"damage":21.0,"enemies":"The Guardian","floor":16.0,"turns":10.0},{"damage":0.0,"enemies":"Chosen","floor":18.0,"turns":4.0},{"damage":0.0,"enemies":"3 Byrds","floor":19.0,"turns":5.0},{"damage":18.0,"enemies":"Centurion and Healer","floor":20.0,"turns":8.0},{"damage":6,"enemies":"Shelled Parasite and Fungi","floor":22,"turns":8},{"damage":13,"enemies":"Gremlin Leader","floor":23,"turns":7},{"damage":6,"enemies":"Cultist and Chosen","floor":24,"turns":6},{"damage":0,"enemies":"Slavers","floor":25,"turns":6},{"damage":9,"enemies":"Snake Plant","floor":29,"turns":4},{"damage":19,"enemies":"3 Cultists","floor":31,"turns":7},{"damage":34,"enemies":"Champ","floor":33,"turns":10}],"seed_played":"759046308918545591","potions_obtained":[{"floor":7.0,"key":"Strength Potion"},{"floor":13.0,"key":"Block Potion"},{"floor":16.0,"key":"Fire Potion"},{"floor":18.0,"key":"GhostInAJar"},{"floor":23,"key":"EssenceOfSteel"},{"floor":29,"key":"Weak Potion"},{"floor":31,"key":"AttackPotion"}],"is_trial":false,"path_per_floor":["M","M","?","$","M","R","E","R","T","?","M","M","E","?","R","B",null,"M","M","M","$","M","E","M","E","T","$","R","M","?","M","R","B"],"character_chosen":"THE_SILENT","items_purchased":["Infinite Blades","Kunai","Cloak And Dagger","Accuracy","Dodge and Roll"],"campfire_rested":3,"item_purchase_floors":[4,21,21,27,27],"current_hp_per_floor":[61,54,54,54,54,54,26,26,26,26,22,19,9,2,23,2,53,53,53,35,35,29,16,10,10,10,10,31,22,22,3,24,0],"gold":66,"neow_bonus":"HUNDRED_GOLD","is_prod":false,"is_daily":false,"chose_seed":false,"campfire_upgraded":2,"win_rate":0,"timestamp":1556128232,"path_taken":["M","M","?","$","M","R","E","R","T","?","M","M","E","?","R","BOSS","M","M","M","$","M","E","M","E","T","$","R","M","?","M","R","BOSS"],"build_version":"2019-01-23","purchased_purges":0,"victory":false,"max_hp_per_floor":[70,70,70,70,70,70,70,70,70,70,70,70,70,70,70,70,70,70,70,70,70,70,70,70,70,70,70,70,70,70,70,70,70],"card_choices":[{"not_picked":["Sucker Punch","Prepared"],"picked":"Quick Slash","floor":1.0},{"not_picked":["Backflip","Dodge and Roll"],"picked":"Poisoned Stab","floor":2.0},{"not_picked":["Backflip","Deflect"],"picked":"Flying Knee","floor":5.0},{"not_picked":["Bane","Acrobatics"],"picked":"Crippling Poison","floor":7.0},{"not_picked":["Heel Hook","Riddle With Holes"],"picked":"Crippling Poison","floor":11.0},{"not_picked":["Backflip","Underhanded Strike"],"picked":"Finisher","floor":12.0},{"not_picked":["Storm of Steel","Tactician"],"picked":"Deadly Poison","floor":13.0},{"not_picked":["Tools of the Trade","Die Die Die"],"picked":"After Image","floor":16.0},{"not_picked":["Blade Dance","Skewer"],"picked":"Backflip","floor":18.0},{"not_picked":["Flechettes","Underhanded Strike"],"picked":"Leg Sweep","floor":19.0},{"not_picked":["Backflip","Flying Knee"],"picked":"Noxious Fumes+1","floor":20.0},{"not_picked":["Flying Knee+1","Riddle With Holes"],"picked":"PiercingWail","floor":22},{"not_picked":["Phantasmal Killer","Poisoned Stab"],"picked":"Escape Plan","floor":23},{"not_picked":["Sucker Punch","Deadly Poison"],"picked":"PiercingWail","floor":24},{"not_picked":["Skewer","Flying Knee"],"picked":"Storm of Steel","floor":25},{"not_picked":["Crippling Poison","Predator"],"picked":"Underhanded Strike+1","floor":29},{"not_picked":["Setup+1","PiercingWail"],"picked":"Acrobatics","floor":31}],"player_experience":295572,"relics_obtained":[{"floor":7.0,"key":"Ninja Scroll"},{"floor":9.0,"key":"Matryoshka"},{"floor":13.0,"key":"Pen Nib"},{"floor":23,"key":"Sundial"},{"floor":25,"key":"WingedGreaves"},{"floor":26,"key":"MawBank"},{"floor":26,"key":"Art of War"}],"event_choices":[{"cards_removed":["Strike_G"],"damage_healed":0.0,"max_hp_gain":0.0,"max_hp_loss":0.0,"gold_gain":0.0,"event_name":"The Cleric","player_choice":"Card Removal","floor":3.0,"gold_loss":50.0,"damage_taken":0.0},{"damage_healed":0.0,"max_hp_gain":0.0,"max_hp_loss":0.0,"gold_gain":0.0,"event_name":"Living Wall","player_choice":"Grow","floor":10.0,"gold_loss":0.0,"damage_taken":0.0,"cards_upgraded":["Infinite Blades"]},{"cards_removed":["Strike_G"],"damage_healed":0.0,"max_hp_gain":0.0,"max_hp_loss":0.0,"gold_gain":0.0,"event_name":"Golden Wing","player_choice":"Card Removal","floor":14.0,"gold_loss":0.0,"damage_taken":7.0},{"damage_healed":0,"gold_gain":0,"player_choice":"Gave Potion","damage_taken":0,"relics_obtained":["Mummified Hand"],"max_hp_gain":0,"max_hp_loss":0,"event_name":"WeMeetAgain","floor":30,"gold_loss":0}],"is_beta":false,"boss_relics":[{"not_picked":["Runic Pyramid","White Beast Statue"],"picked":"Astrolabe"}],"items_purged_floors":[],"is_endless":false,"potions_floor_spawned":[7,13,16,18,20,23,29,31],"killed_by":"Champ","ascension_level":12}