{"gold_per_floor":[110,127,52,68,68,103,34,34,64,99,99],"floor_reached":11,"playtime":1106,"items_purged":["Strike_R"],"score":81,"play_id":"999975b5-37eb-4616-a4c8-b7d2aa37ca6c","local_time":"20181129203902","is_ascension_mode":false,"campfire_choices":[{"floor":8,"key":"REST"}],"neow_cost":"NONE","seed_source_timestamp":7519204149017,"circlet_count":0,"master_deck":["Strike_R","Strike_R","Strike_R","Strike_R","Defend_R","Defend_R","Defend_R","Defend_R","Bash","Disarm","Heavy Blade","Pummel","Limit Break"],"relics":["Burning Blood","Centennial Puzzle","Paper Frog","Tiny Chest","Darkstone Periapt"],"potions_floor_usage":[4,4],"damage_taken":[{"damage":6,"enemies":"2 Louse","floor":1,"turns":3},{"damage":6,"enemies":"Cultist","floor":2,"turns":4},{"damage":0,"enemies":"Jaw Worm","floor":4,"turns":1},{"damage":60,"enemies":"Lagavulin","floor":6,"turns":10},{"damage":48,"enemies":"3 Sentries","floor":10,"turns":11},{"damage":14,"enemies":"3 Louse","floor":11,"turns":2}],"seed_played":"4795911761787046007","potions_obtained":[{"floor":1,"key":"SkillPotion"},{"floor":2,"key":"SteroidPotion"}],"is_trial":false,"path_per_floor":["M","M","$","M","?","E","$","R","T","E","M"],"character_chosen":"IRONCLAD","items_purchased":["Pummel"],"campfire_rested":1,"item_purchase_floors":[7],"current_hp_per_floor":[80,80,80,80,80,26,26,50,50,8,0],"gold":99,"neow_bonus":"RANDOM_COMMON_RELIC","is_prod":false,"is_daily":false,"chose_seed":false,"campfire_upgraded":0,"win_rate":0,"timestamp":1543520342,"path_taken":["M","M","$","M","?","E","?","R","T","E","M"],"build_version":"2018-11-15","purchased_purges":1,"victory":false,"max_hp_per_floor":[80,80,80,80,80,80,80,80,80,80,80],"card_choices":[{"not_picked":["Hemokinesis","Infernal Blade"],"picked":"Disarm","floor":1},{"not_picked":["Dual Wield","Reckless Charge","Sever Soul"],"picked":"SKIP","floor":2},{"not_picked":["Dual Wield","Perfected Strike"],"picked":"Heavy Blade","floor":4},{"not_picked":["Cleave","Wild Strike","Perfected Strike"],"picked":"SKIP","floor":6},{"not_picked":["Rampage","Blood for Blood"],"picked":"Limit Break","floor":10}],"player_experience":287136,"relics_obtained":[{"floor":6,"key":"Paper Frog"},{"floor":9,"key":"Tiny Chest"},{"floor":10,"key":"Darkstone Periapt"}],"event_choices":[{"damage_healed":0,"gold_gain":0,"player_choice":"Bought 0 Potions","damage_taken":0,"max_hp_gain":0,"max_hp_loss":0,"event_name":"The Woman in Blue","floor":5,"gold_loss":0}],"is_beta":false,"boss_relics":[],"items_purged_floors":[3],"is_endless":false,"potions_floor_spawned":[1,2],"killed_by":"3 Louse","ascension_level":0}