{"gold_per_floor":[118,118,130,4,179,179,195,195,219,230,230,243,260,260,260,260],"floor_reached":16,"playtime":402,"items_purged":["Defend_B"],"score":94,"play_id":"cceb9e49-7d8d-4b8f-b343-a91c6206ae82","local_time":"20181209210209","is_ascension_mode":false,"campfire_choices":[{"data":"Hologram","floor":6,"key":"SMITH"},{"data":"Multi-Cast","floor":8,"key":"SMITH"},{"floor":15,"key":"REST"}],"neow_cost":"NONE","seed_source_timestamp":428016687365800,"circlet_count":0,"master_deck":["Strike_B","Strike_B","Strike_B","Strike_B","Defend_B","Defend_B","Defend_B","Zap","Dualcast","Gash","Hologram+1","Gash","Doubt","Multi-Cast+1","Redo","Force Field","Reinforced Body"],"relics":["Cracked Core","Omamori","Darkstone Periapt"],"potions_floor_usage":[14,16],"damage_taken":[{"damage":2,"enemies":"2 Louse","floor":1,"turns":3},{"damage":1,"enemies":"Cultist","floor":3,"turns":3},{"damage":11,"enemies":"Jaw Worm","floor":7,"turns":2},{"damage":16,"enemies":"2 Fungi Beasts","floor":10,"turns":3},{"damage":14,"enemies":"Exordium Wildlife","floor":12,"turns":4},{"damage":18,"enemies":"Lots of Slimes","floor":13,"turns":3},{"damage":0,"enemies":"3 Louse","floor":14,"turns":1},{"damage":56,"enemies":"Hexaghost","floor":16,"turns":9}],"seed_played":"5397981584056051756","potions_obtained":[{"floor":2,"key":"EssenceOfSteel"},{"floor":2,"key":"SneckoOil"},{"floor":2,"key":"Energy Potion"},{"floor":3,"key":"FairyPotion"},{"floor":13,"key":"SmokeBomb"}],"is_trial":false,"path_per_floor":["M","?","M","$","?","R","M","R","T","M","T","M","M","M","R","B"],"character_chosen":"DEFECT","items_purchased":["Gash"],"campfire_rested":1,"item_purchase_floors":[4],"current_hp_per_floor":[80,80,79,79,79,79,68,68,68,52,52,38,20,20,44,0],"gold":260,"neow_bonus":"TEN_PERCENT_HP_BONUS","is_prod":false,"is_daily":false,"chose_seed":false,"campfire_upgraded":2,"win_rate":0,"timestamp":1544418129,"path_taken":["M","?","?","$","?","R","M","R","T","M","?","M","M","M","R","BOSS"],"build_version":"2018-12-06","purchased_purges":1,"victory":false,"max_hp_per_floor":[82,82,82,82,82,82,82,82,82,82,82,82,82,82,82,82],"card_choices":[{"not_picked":["Blizzard","Go for the Eyes"],"picked":"Gash","floor":1},{"not_picked":["Sweeping Beam","Leap"],"picked":"Hologram","floor":3},{"not_picked":["Coolheaded","Consume"],"picked":"Multi-Cast","floor":7},{"not_picked":["Barrage","Cold Snap"],"picked":"Redo","floor":10},{"not_picked":["Leap","Sweeping Beam"],"picked":"Force Field","floor":12},{"not_picked":["Redo","Blizzard"],"picked":"Reinforced Body","floor":13}],"player_experience":188269,"relics_obtained":[{"floor":9,"key":"Omamori"},{"floor":11,"key":"Darkstone Periapt"}],"event_choices":[{"damage_healed":0,"gold_gain":0,"player_choice":"Got Potions","damage_taken":0,"max_hp_gain":0,"max_hp_loss":0,"event_name":"Lab","floor":2,"gold_loss":0},{"damage_healed":0,"gold_gain":175,"player_choice":"AGREE","damage_taken":0,"max_hp_gain":0,"max_hp_loss":0,"event_name":"Liars Game","floor":5,"gold_loss":0,"cards_obtained":["Doubt"]}],"is_beta":false,"boss_relics":[],"items_purged_floors":[4],"is_endless":false,"potions_floor_spawned":[3,13],"killed_by":"Hexaghost","ascension_level":0}