{"gold_per_floor":[112,62,24,24,38,71,49,49,72,72,85,85,166,186,186,289,289,306,325,348,363,363],"floor_reached":22,"playtime":1029,"items_purged":[],"score":251,"play_id":"750e235e-65cb-4194-8b29-b54b20b4ef9d","local_time":"20181207152030","is_ascension_mode":true,"campfire_choices":[{"data":"Infinite Blades","floor":8,"key":"SMITH"},{"data":"Caltrops","floor":10,"key":"SMITH"},{"data":"Adrenaline","floor":15,"key":"SMITH"}],"neow_cost":"NONE","seed_source_timestamp":324395247722125,"circlet_count":0,"master_deck":["Defend_G","Defend_G","Defend_G","Defend_G","Defend_G","Strike_G","Strike_G","Strike_G","Survivor","Neutralize","Escape Plan","Infinite Blades+1","Caltrops+1","Adrenaline+1","Blade Dance","Backflip","Prepared","Storm of Steel","Blade Dance","Infinite Blades+1","Cloak And Dagger"],"relics":["Ring of the Serpent","NeowsBlessing","Bottled Flame","Strawberry","Calipers","Sundial","Omamori"],"potions_floor_usage":[6,6,21,22],"damage_taken":[{"damage":0,"enemies":"2 Louse","floor":1,"turns":1},{"damage":0,"enemies":"Jaw Worm","floor":5,"turns":1},{"damage":0,"enemies":"Gremlin Nob","floor":6,"turns":1},{"damage":3,"enemies":"Small Slimes","floor":11,"turns":4},{"damage":3,"enemies":"Looter","floor":14,"turns":3},{"damage":44,"enemies":"Hexaghost","floor":16,"turns":12},{"damage":11,"enemies":"Chosen","floor":18,"turns":6},{"damage":16,"enemies":"Spheric Guardian","floor":19,"turns":4},{"damage":34,"enemies":"Shelled Parasite and Fungi","floor":21,"turns":6},{"damage":18,"enemies":"Snecko","floor":22,"turns":2}],"seed_played":"-2136128112378045402","potions_obtained":[{"floor":1,"key":"PowerPotion"},{"floor":5,"key":"AttackPotion"},{"floor":19,"key":"Poison Potion"},{"floor":21,"key":"Dexterity Potion"}],"is_trial":false,"path_per_floor":["M","?","$","?","M","E","$","R","T","R","M","?","T","M","R","B",null,"M","M","T","M","M"],"character_chosen":"THE_SILENT","items_purchased":["Infinite Blades","Blade Dance"],"campfire_rested":0,"item_purchase_floors":[3,7],"current_hp_per_floor":[70,70,70,63,63,63,63,63,70,70,67,55,55,52,52,8,77,66,50,50,16,0],"gold":363,"neow_bonus":"THREE_ENEMY_KILL","is_prod":false,"is_daily":false,"chose_seed":false,"campfire_upgraded":3,"win_rate":0,"timestamp":1544192430,"path_taken":["M","?","$","?","M","E","?","R","T","R","M","?","?","M","R","BOSS","M","?","?","M","M"],"build_version":"2018-12-06","purchased_purges":0,"victory":false,"max_hp_per_floor":[70,70,70,70,70,70,70,70,77,77,77,77,77,77,77,77,77,77,77,77,77,77],"card_choices":[{"not_picked":["Well Laid Plans","Acrobatics"],"picked":"Escape Plan","floor":1},{"not_picked":["Endless Agony","Deadly Poison"],"picked":"Caltrops","floor":5},{"not_picked":["Crippling Poison","Heel Hook"],"picked":"Adrenaline","floor":6},{"not_picked":["Well Laid Plans","Masterful Stab"],"picked":"Backflip","floor":11},{"not_picked":["Finisher","Poisoned Stab"],"picked":"Prepared","floor":14},{"not_picked":["Malaise","Tools of the Trade"],"picked":"Storm of Steel","floor":16},{"not_picked":["Deadly Poison","Quick Slash+1"],"picked":"Blade Dance","floor":18},{"not_picked":["Poisoned Stab","Skewer"],"picked":"Infinite Blades+1","floor":19},{"not_picked":["Flying Knee","Blade Dance+1"],"picked":"Cloak And Dagger","floor":21}],"player_experience":375719,"relics_obtained":[{"floor":6,"key":"Bottled Flame"},{"floor":9,"key":"Strawberry"},{"floor":13,"key":"Sundial"},{"floor":20,"key":"Omamori"}],"event_choices":[{"cards_removed":["Strike_G"],"damage_healed":0,"gold_gain":0,"player_choice":"Card Removal","damage_taken":0,"max_hp_gain":0,"max_hp_loss":0,"event_name":"The Cleric","floor":2,"gold_loss":50},{"cards_removed":["Strike_G"],"damage_healed":0,"gold_gain":0,"player_choice":"Card Removal","damage_taken":7,"max_hp_gain":0,"max_hp_loss":0,"event_name":"Golden Wing","floor":4,"gold_loss":0},{"damage_healed":0,"gold_gain":0,"player_choice":"Success","damage_taken":12,"relics_obtained":["Calipers"],"max_hp_gain":0,"max_hp_loss":0,"event_name":"Scrap Ooze","floor":12,"gold_loss":0}],"is_beta":false,"boss_relics":[{"not_picked":["Lizard Tail","Black Star"],"picked":"Ring of the Serpent"}],"items_purged_floors":[],"is_endless":false,"potions_floor_spawned":[1,5,19,21],"killed_by":"Snecko","ascension_level":4}