{"gold_per_floor":[216,216,227,242,12,12,29,62,87,87,116,128,142,155,155,232,232,172,172,16,16,16,16],"floor_reached":23,"playtime":961,"items_purged":["Perfected Strike"],"score":363,"play_id":"5a2a15d4-b4de-471d-9866-9810ea62a50f","local_time":"20190409102032","is_ascension_mode":true,"campfire_choices":[{"data":"Inflame","floor":6,"key":"SMITH"},{"data":"Flame Barrier","floor":10,"key":"SMITH"},{"data":"Feel No Pain","floor":15,"key":"SMITH"}],"neow_cost":"NONE","seed_source_timestamp":222222665232212,"circlet_count":0,"master_deck":["AscendersBane","Bash+1","Sword Boomerang","Flame Barrier+1","Shrug It Off","Inflame+1","Shrug It Off","Feel No Pain+1","Immolate","Headbutt","Shockwave","Power Through","Fiend Fire","Shrug It Off","Berserk","Limit Break","Flame Barrier","Flame Barrier","Immolate","Clash","Searing Blow","Warcry","RitualDagger","Shockwave","Pummel","Purity","Ghostly","Ghostly","Ghostly","Ghostly","Ghostly"],"relics":["Burning Blood","Membership Card","Strawberry","Whetstone","Potion Belt","Pandora\u0027s Box"],"potions_floor_usage":[11,11,16],"damage_taken":[{"damage":10,"enemies":"2 Louse","floor":1,"turns":3},{"damage":1,"enemies":"Cultist","floor":3,"turns":4},{"damage":9,"enemies":"Small Slimes","floor":4,"turns":4},{"damage":3,"enemies":"Looter","floor":7,"turns":3},{"damage":23,"enemies":"Gremlin Nob","floor":8,"turns":4},{"damage":4,"enemies":"3 Sentries","floor":11,"turns":10},{"damage":1,"enemies":"Large Slime","floor":12,"turns":6},{"damage":3,"enemies":"Exordium Wildlife","floor":13,"turns":4},{"damage":5,"enemies":"Blue Slaver","floor":14,"turns":4},{"damage":34,"enemies":"Slime Boss","floor":16,"turns":10},{"damage":32,"enemies":"2 Thieves","floor":18,"turns":4},{"damage":33,"enemies":"Colosseum Slavers","floor":21,"turns":5},{"damage":13,"enemies":"Book of Stabbing","floor":23,"turns":2}],"seed_played":"2873758367413554921","potions_obtained":[{"floor":1,"key":"Block Potion"},{"floor":4,"key":"AttackPotion"},{"floor":11,"key":"Dexterity Potion"},{"floor":13,"key":"SneckoOil"}],"is_trial":false,"path_per_floor":["M","?","M","M","$","R","M","E","T","R","E","M","M","M","R","B",null,"M","?","$","?","?","E"],"character_chosen":"IRONCLAD","items_purchased":["Membership Card","Inflame","Shockwave","Pummel","Purity"],"campfire_rested":0,"item_purchase_floors":[5,5,20,20,20],"current_hp_per_floor":[64,64,69,66,66,66,69,59,59,59,61,66,69,70,70,42,72,46,40,40,13,13,0],"gold":16,"neow_bonus":"HUNDRED_GOLD","is_prod":false,"is_daily":false,"chose_seed":false,"campfire_upgraded":3,"win_rate":0,"timestamp":1554830432,"path_taken":["M","?","M","M","$","R","M","E","T","R","E","?","M","M","R","BOSS","M","?","$","?","?","E"],"build_version":"2019-01-23","purchased_purges":1,"victory":false,"max_hp_per_floor":[75,75,75,75,75,75,75,82,82,82,82,82,82,82,82,82,82,82,82,82,82,41,41],"card_choices":[{"not_picked":["Fire Breathing","Reckless Charge"],"picked":"Sword Boomerang","floor":1},{"not_picked":["Combust","Sword Boomerang"],"picked":"Flame Barrier","floor":3},{"not_picked":["Perfected Strike","Rage"],"picked":"Shrug It Off","floor":4},{"not_picked":["Ghostly Armor","Perfected Strike"],"picked":"Shrug It Off","floor":7},{"not_picked":["Pommel Strike","Armaments"],"picked":"Feel No Pain","floor":8},{"not_picked":["Shockwave","Carnage"],"picked":"Immolate","floor":11},{"not_picked":["Wild Strike","Dropkick"],"picked":"Headbutt","floor":12},{"not_picked":["Havoc","Perfected Strike"],"picked":"Shockwave","floor":13},{"not_picked":["Clothesline","Pommel Strike"],"picked":"Power Through","floor":14},{"not_picked":["Juggernaut","Reaper"],"picked":"Fiend Fire","floor":16},{"not_picked":["Dual Wield+1","Clash"],"picked":"Warcry","floor":18}],"player_experience":401285,"relics_obtained":[{"floor":8,"key":"Strawberry"},{"floor":9,"key":"Whetstone"},{"floor":11,"key":"Potion Belt"}],"event_choices":[{"damage_healed":0,"gold_gain":0,"player_choice":"Forge","damage_taken":0,"max_hp_gain":0,"max_hp_loss":0,"event_name":"Accursed Blacksmith","floor":2,"gold_loss":0,"cards_upgraded":["Bash"]},{"damage_healed":0,"gold_gain":0,"player_choice":"Joined the Cult","damage_taken":6,"max_hp_gain":0,"max_hp_loss":0,"event_name":"Nest","floor":19,"gold_loss":0,"cards_obtained":["RitualDagger"]},{"damage_healed":0,"gold_gain":0,"player_choice":"Fight","damage_taken":0,"max_hp_gain":0,"max_hp_loss":0,"event_name":"Colosseum","floor":21,"gold_loss":0},{"damage_healed":0,"gold_gain":0,"player_choice":"Fled From Nobs","damage_taken":0,"max_hp_gain":0,"max_hp_loss":0,"event_name":"Colosseum","floor":21,"gold_loss":0},{"damage_healed":0,"gold_gain":0,"player_choice":"Became a Ghost","damage_taken":0,"max_hp_gain":0,"max_hp_loss":41,"event_name":"Ghosts","floor":22,"gold_loss":0,"cards_obtained":["Ghostly","Ghostly","Ghostly","Ghostly","Ghostly"]}],"is_beta":false,"boss_relics":[{"not_picked":["Calling Bell","Astrolabe"],"picked":"Pandora\u0027s Box"}],"items_purged_floors":[20],"is_endless":false,"potions_floor_spawned":[1,4,8,11,13],"killed_by":"Book of Stabbing","ascension_level":14}