{"gold_per_floor":[112,125,75,75,86,86,104,104,104,204,204,237,23,39,39,144,144,163,163,163,195,6,6,38,38,61,90,90,90,190,205,205,308,308,323,323,423,443,443,469,469,489,512,512,526,526,540,46,46,46],"floor_reached":50,"playtime":3223,"items_purged":["Strike_G","Defend_G"],"score":686,"play_id":"1bb62b26-07c0-4037-b044-62e13db09707","local_time":"20190412133850","is_ascension_mode":true,"campfire_choices":[{"data":"Dagger Spray","floor":6.0,"key":"SMITH"},{"data":"Dodge and Roll","floor":11.0,"key":"SMITH"},{"floor":15.0,"key":"REST"},{"floor":23.0,"key":"REST"},{"data":"Accuracy","floor":25.0,"key":"SMITH"},{"floor":32.0,"key":"DIG"},{"data":"A Thousand Cuts","floor":41,"key":"SMITH"},{"floor":46,"key":"DIG"},{"floor":49,"key":"REST"}],"neow_cost":"NONE","seed_source_timestamp":0,"circlet_count":0,"master_deck":["Defend_G","Defend_G","Defend_G","Survivor","Neutralize+1","PiercingWail","Accuracy+1","Dodge and Roll+1","Prepared+1","Blade Dance+1","Footwork","Backflip+1","Bouncing Flask+1","Malaise+1","Deadly Poison+1","Reflex+1","Bullet Time+1","Cloak And Dagger+1","Escape Plan+1","Infinite Blades","Cloak And Dagger+1","Dodge and Roll+1","A Thousand Cuts+1","Dash+1","The Bomb+1","Deadly Poison+1","Noxious Fumes+1","Caltrops","Dagger Spray+1","Deflect+1","Corpse Explosion+1"],"special_seed":0,"relics":["Ring of the Serpent","Juzu Bracelet","Toxic Egg 2","Red Mask","Sundial","Strawberry","Shovel","Pantograph","Lantern","HoveringKite","Snake Skull","Orichalcum","Omamori","Boot"],"potions_floor_usage":[40,47,50,50],"damage_taken":[{"damage":0.0,"enemies":"2 Louse","floor":1.0,"turns":4.0},{"damage":2.0,"enemies":"Cultist","floor":2.0,"turns":4.0},{"damage":0.0,"enemies":"Jaw Worm","floor":5.0,"turns":5.0},{"damage":0.0,"enemies":"2 Fungi Beasts","floor":7.0,"turns":4.0},{"damage":31.0,"enemies":"Gremlin Nob","floor":12.0,"turns":5.0},{"damage":0.0,"enemies":"3 Louse","floor":14.0,"turns":2.0},{"damage":16.0,"enemies":"Hexaghost","floor":16.0,"turns":11.0},{"damage":9.0,"enemies":"Shell Parasite","floor":18.0,"turns":5.0},{"damage":26.0,"enemies":"Masked Bandits","floor":21.0,"turns":6.0},{"damage":0.0,"enemies":"Book of Stabbing","floor":24.0,"turns":6.0},{"damage":7.0,"enemies":"Gremlin Leader","floor":27.0,"turns":6.0},{"damage":0.0,"enemies":"3 Byrds","floor":31.0,"turns":4.0},{"damage":48.0,"enemies":"Automaton","floor":33.0,"turns":10.0},{"damage":4.0,"enemies":"3 Shapes","floor":35.0,"turns":4.0},{"damage":5.0,"enemies":"Orb Walker","floor":38.0,"turns":4.0},{"damage":5,"enemies":"Nemesis","floor":40,"turns":8},{"damage":2,"enemies":"Sphere and 2 Shapes","floor":42,"turns":4},{"damage":1,"enemies":"Spire Growth","floor":45,"turns":4},{"damage":33,"enemies":"3 Darklings","floor":47,"turns":3},{"damage":66,"enemies":"Awakened One","floor":50,"turns":11}],"seed_played":"8149639366865473444","potions_obtained":[{"floor":2.0,"key":"Weak Potion"},{"floor":4.0,"key":"AttackPotion"},{"floor":4.0,"key":"Fire Potion"},{"floor":4.0,"key":"Regen Potion"},{"floor":5.0,"key":"Swift Potion"},{"floor":16.0,"key":"GhostInAJar"},{"floor":21.0,"key":"Strength Potion"},{"floor":27.0,"key":"Regen Potion"},{"floor":35.0,"key":"EssenceOfSteel"},{"floor":42,"key":"Strength Potion"}],"is_trial":false,"path_per_floor":["M","M","?","?","M","R","M","?","T","?","R","E","$","M","R","B",null,"M","?","?","?","$","R","E","R","T","E","?","?","?","M","R","B",null,"M","?","?","M","?","E","R","M","T","?","M","R","M","$","R","B"],"character_chosen":"THE_SILENT","items_purchased":["Blade Dance+1","Footwork","Backflip+1","Dexterity Potion","Escape Plan+1","Infinite Blades","Boot","Block Potion","PowerPotion","Corpse Explosion+1"],"campfire_rested":3,"item_purchase_floors":[13,13,13,13,22,22,48,48,48,48],"current_hp_per_floor":[70,68,68,68,68,68,68,68,68,68,68,37,37,37,58,54,66,57,57,57,31,31,52,52,52,59,52,52,52,52,64,64,29,65,61,61,61,56,56,51,51,49,49,49,48,48,15,15,38,0],"gold":46,"neow_bonus":"UPGRADE_CARD","is_prod":false,"is_daily":false,"chose_seed":false,"campfire_upgraded":4,"win_rate":0,"timestamp":1555069130,"path_taken":["M","M","?","?","?","R","M","?","T","?","R","E","?","M","R","BOSS","M","?","?","?","$","R","E","R","T","E","?","?","?","M","R","BOSS","M","?","?","M","?","E","R","M","T","?","M","R","M","?","R","BOSS"],"build_version":"2019-01-23","purchased_purges":2,"victory":false,"max_hp_per_floor":[70,70,70,70,70,70,70,70,70,70,70,70,70,70,70,70,70,70,70,70,70,70,70,70,70,77,77,77,77,77,77,77,77,77,77,77,77,77,77,77,77,77,77,77,77,77,77,77,77,77],"card_choices":[{"not_picked":["Distraction","Deflect"],"picked":"PiercingWail","floor":1.0},{"not_picked":["Expertise","Masterful Stab"],"picked":"Accuracy","floor":2.0},{"not_picked":["Bouncing Flask","Dash"],"picked":"Dagger Spray","floor":5.0},{"not_picked":["Accuracy","Dagger Spray"],"picked":"Dodge and Roll","floor":7.0},{"not_picked":["Outmaneuver","Deflect"],"picked":"Prepared","floor":12.0},{"not_picked":["Leg Sweep+1","Flying Knee"],"picked":"Bouncing Flask+1","floor":14.0},{"not_picked":["After Image","Night Terror+1"],"picked":"Malaise+1","floor":16.0},{"not_picked":["Poisoned Stab","Endless Agony"],"picked":"Deadly Poison+1","floor":18.0},{"not_picked":["Backstab","Underhanded Strike+1"],"picked":"Cloak And Dagger+1","floor":21.0},{"not_picked":["Deflect+1","Flying Knee"],"picked":"Cloak And Dagger+1","floor":24.0},{"not_picked":["Outmaneuver+1","Dagger Throw","Concentrate+1"],"picked":"SKIP","floor":27.0},{"not_picked":["Quick Slash","Prepared+1"],"picked":"Dodge and Roll+1","floor":31.0},{"not_picked":["Corpse Explosion+1","Grand Finale"],"picked":"A Thousand Cuts","floor":33.0},{"not_picked":["PiercingWail+1","Dagger Spray+1"],"picked":"Dash+1","floor":35.0},{"not_picked":["Purity+1","PanicButton+1"],"picked":"The Bomb+1","floor":36.0},{"not_picked":["All Out Attack+1","Bane"],"picked":"Deadly Poison+1","floor":38},{"not_picked":["Finisher","Masterful Stab+1"],"picked":"Noxious Fumes+1","floor":40},{"not_picked":["Slice+1","Dagger Spray+1"],"picked":"Caltrops","floor":42},{"not_picked":["Prepared+1","Bane"],"picked":"Dagger Spray+1","floor":45},{"not_picked":["Poisoned Stab","Flying Knee+1"],"picked":"Deflect+1","floor":47}],"player_experience":298823,"relics_obtained":[{"floor":9.0,"key":"Juzu Bracelet"},{"floor":12.0,"key":"Toxic Egg 2"},{"floor":21.0,"key":"Red Mask"},{"floor":24.0,"key":"Sundial"},{"floor":26.0,"key":"Strawberry"},{"floor":27.0,"key":"Shovel"},{"floor":32.0,"key":"Lantern"},{"floor":40,"key":"Snake Skull"},{"floor":43,"key":"Orichalcum"},{"floor":46,"key":"Omamori"}],"event_choices":[{"cards_removed":["Strike_G"],"damage_healed":0.0,"max_hp_gain":0.0,"max_hp_loss":0.0,"gold_gain":0.0,"event_name":"The Cleric","player_choice":"Card Removal","floor":3.0,"gold_loss":50.0,"damage_taken":0.0},{"damage_healed":0.0,"max_hp_gain":0.0,"max_hp_loss":0.0,"gold_gain":0.0,"event_name":"Lab","player_choice":"Got Potions","floor":4.0,"gold_loss":0.0,"damage_taken":0.0},{"cards_removed":["Defend_G"],"damage_healed":0.0,"max_hp_gain":0.0,"max_hp_loss":0.0,"gold_gain":0.0,"event_name":"Purifier","player_choice":"Purged","floor":8.0,"gold_loss":0.0,"damage_taken":0.0},{"damage_healed":0.0,"max_hp_gain":0.0,"max_hp_loss":0.0,"gold_gain":100.0,"event_name":"Golden Shrine","player_choice":"Pray","floor":10.0,"gold_loss":0.0,"damage_taken":0.0},{"damage_healed":0.0,"max_hp_gain":0.0,"max_hp_loss":0.0,"gold_gain":0.0,"cards_transformed":["Strike_G","Strike_G"],"event_name":"Drug Dealer","player_choice":"Became Test Subject","floor":19.0,"gold_loss":0.0,"damage_taken":0.0,"cards_obtained":["Reflex","Bullet Time"]},{"damage_healed":0.0,"max_hp_gain":0.0,"max_hp_loss":0.0,"gold_gain":0.0,"event_name":"Ghosts","player_choice":"Ignored","floor":20.0,"gold_loss":0.0,"damage_taken":0.0},{"damage_healed":0.0,"max_hp_gain":0.0,"max_hp_loss":0.0,"gold_gain":0.0,"event_name":"Masked Bandits","player_choice":"Fought Bandits","floor":21.0,"gold_loss":0.0,"damage_taken":0.0},{"damage_healed":0.0,"max_hp_gain":0.0,"max_hp_loss":0.0,"gold_gain":0.0,"event_name":"The Mausoleum","player_choice":"Opened","floor":28.0,"gold_loss":0.0,"damage_taken":0.0,"relics_obtained":["Pantograph"]},{"cards_removed":["Strike_G"],"damage_healed":0.0,"max_hp_gain":0.0,"max_hp_loss":0.0,"gold_gain":0.0,"event_name":"Back to Basics","player_choice":"Elegance","floor":29.0,"gold_loss":0.0,"damage_taken":0.0},{"damage_healed":0.0,"max_hp_gain":0.0,"max_hp_loss":0.0,"gold_gain":100.0,"event_name":"Golden Shrine","player_choice":"Pray","floor":30.0,"gold_loss":0.0,"damage_taken":0.0},{"damage_healed":0.0,"max_hp_gain":0.0,"max_hp_loss":0.0,"gold_gain":0.0,"event_name":"SensoryStone","player_choice":"Memory 1","floor":36.0,"gold_loss":0.0,"damage_taken":0.0},{"damage_healed":0.0,"max_hp_gain":0.0,"max_hp_loss":0.0,"gold_gain":100.0,"event_name":"Golden Shrine","player_choice":"Pray","floor":37.0,"gold_loss":0.0,"damage_taken":0.0},{"damage_healed":0,"gold_gain":0,"player_choice":"Ignored","damage_taken":0,"max_hp_gain":0,"max_hp_loss":0,"event_name":"Mysterious Sphere","floor":39,"gold_loss":0},{"cards_removed":["Dagger Spray"],"damage_healed":0,"gold_gain":0,"player_choice":"Removed Attack","damage_taken":0,"max_hp_gain":0,"max_hp_loss":0,"event_name":"Falling","floor":44,"gold_loss":0}],"is_beta":false,"boss_relics":[{"not_picked":["Fusion Hammer","Busted Crown"],"picked":"Ring of the Serpent"},{"not_picked":["Velvet Choker","Runic Dome"],"picked":"HoveringKite"}],"items_purged_floors":[22,48],"is_endless":false,"potions_floor_spawned":[2,5,7,14,16,21,27,35,42],"killed_by":"Awakened One","ascension_level":5}