{"gold_per_floor":[115,128,128,141,158,158,187,203,283,283,11,43,43,61,61,61],"floor_reached":16,"playtime":13682,"items_purged":["Strike_R"],"score":159,"play_id":"59efb5c1-0873-47e2-93c6-ebb379b4f374","local_time":"20190314220114","is_ascension_mode":true,"campfire_choices":[{"data":"Armaments","floor":6,"key":"SMITH"},{"data":"Feed","floor":10,"key":"SMITH"},{"floor":15,"key":"REST"}],"neow_cost":"NONE","seed_source_timestamp":0,"circlet_count":0,"master_deck":["Strike_R+1","Strike_R","Strike_R","Defend_R","Defend_R","Defend_R","Defend_R","Bash","Clothesline","Armaments+1","Warcry","Ghostly Armor","Feed+1","True Grit","Iron Wave+1","Warcry","Iron Wave"],"special_seed":0,"relics":["Burning Blood","WingedGreaves","Dodecahedron","Membership Card","Calipers"],"potions_floor_usage":[12],"damage_taken":[{"damage":1,"enemies":"Cultist","floor":1,"turns":4},{"damage":0,"enemies":"2 Louse","floor":2,"turns":3},{"damage":0,"enemies":"Jaw Worm","floor":4,"turns":5},{"damage":17,"enemies":"Large Slime","floor":5,"turns":7},{"damage":38,"enemies":"Lagavulin","floor":7,"turns":10},{"damage":3,"enemies":"Looter","floor":8,"turns":4},{"damage":23,"enemies":"Gremlin Nob","floor":12,"turns":5},{"damage":14,"enemies":"Red Slaver","floor":14,"turns":6},{"damage":57,"enemies":"Hexaghost","floor":16,"turns":14}],"seed_played":"2703020538345459541","potions_obtained":[{"floor":5,"key":"Regen Potion"},{"floor":8,"key":"LiquidBronze"},{"floor":14,"key":"Energy Potion"}],"is_trial":false,"path_per_floor":["?","?"],"character_chosen":"IRONCLAD","items_purchased":["Membership Card","True Grit","Iron Wave"],"campfire_rested":1,"item_purchase_floors":[11,11,11],"current_hp_per_floor":[88,88,81,87,76,76,44,47,47,47,47,48,30,26,54,0],"gold":61,"neow_bonus":"TEN_PERCENT_HP_BONUS","is_prod":false,"is_daily":false,"chose_seed":false,"campfire_upgraded":2,"win_rate":0,"timestamp":1552622474,"path_taken":["M","M","?","M","M","R","E","M","T","R","$","E","?","M","R","BOSS"],"build_version":"2019-01-23","purchased_purges":1,"victory":false,"max_hp_per_floor":[88,88,88,88,88,88,88,88,88,88,88,92,92,96,96,96],"card_choices":[{"not_picked":["Sword Boomerang","Wild Strike"],"picked":"Clothesline","floor":1},{"not_picked":["Wild Strike","Clothesline"],"picked":"Armaments","floor":2},{"not_picked":["Perfected Strike","Sentinel"],"picked":"Warcry","floor":4},{"not_picked":["Body Slam","Feel No Pain"],"picked":"Ghostly Armor","floor":5},{"not_picked":["Wild Strike","Hemokinesis"],"picked":"Feed","floor":7},{"not_picked":["Thunderclap","Wild Strike","Clothesline"],"picked":"SKIP","floor":8},{"not_picked":["Twin Strike","Havoc"],"picked":"Warcry","floor":12},{"not_picked":["Bludgeon","Seeing Red"],"picked":"Iron Wave","floor":14}],"player_experience":219343,"relics_obtained":[{"floor":7,"key":"WingedGreaves"},{"floor":9,"key":"Dodecahedron"},{"floor":12,"key":"Calipers"}],"event_choices":[{"cards_removed":["Strike_R"],"damage_healed":0,"gold_gain":0,"player_choice":"Card Removal","damage_taken":7,"max_hp_gain":0,"max_hp_loss":0,"event_name":"Golden Wing","floor":3,"gold_loss":0},{"damage_healed":0,"gold_gain":0,"player_choice":"Entered Light","damage_taken":18,"max_hp_gain":0,"max_hp_loss":0,"event_name":"Shining Light","floor":13,"gold_loss":0,"cards_upgraded":["Iron Wave","Strike_R"]}],"is_beta":false,"boss_relics":[],"items_purged_floors":[11],"is_endless":false,"potions_floor_spawned":[5,8,14],"killed_by":"Hexaghost","ascension_level":4}