{"gold_per_floor":[109,109,21,21,31,60,76,76,101,164,164,40,59,75,75,173,173,183,283,134,152,171,200,214,214],"floor_reached":25,"playtime":1479,"items_purged":["Strike_B","Strike_B"],"score":248,"play_id":"d4c7da7d-ff46-449d-a4bc-ed5986c35229","local_time":"20190308134201","is_ascension_mode":false,"campfire_choices":[{"data":"Defragment","floor":8,"key":"SMITH"},{"floor":11,"key":"REST"},{"floor":15,"key":"REST"}],"neow_cost":"NONE","seed_source_timestamp":13443074105179,"circlet_count":0,"master_deck":["Strike_B","Strike_B","Defend_B","Defend_B","Defend_B","Defend_B","Zap","Dualcast","Capacitor","Conserve Battery","Defragment+1","Go for the Eyes","Enlightenment","Genetic Algorithm","Gash","Defragment","Ball Lightning","Ball Lightning","Gash","FTL","Echo Form","Ball Lightning","Conserve Battery","Ball Lightning","Defragment","Echo Form","Conserve Battery"],"relics":["Cracked Core","Art of War","PreservedInsect","Centennial Puzzle","Black Star","Anchor","Emotion Chip"],"potions_floor_usage":[14,14,16,22,25],"damage_taken":[{"damage":2,"enemies":"2 Louse","floor":1,"turns":2},{"damage":3,"enemies":"Small Slimes","floor":5,"turns":3},{"damage":34,"enemies":"Lagavulin","floor":6,"turns":8},{"damage":0,"enemies":"Cultist","floor":7,"turns":3},{"damage":26,"enemies":"Gremlin Nob","floor":10,"turns":4},{"damage":10,"enemies":"Looter","floor":13,"turns":2},{"damage":11,"enemies":"Exordium Thugs","floor":14,"turns":4},{"damage":24,"enemies":"Hexaghost","floor":16,"turns":8},{"damage":0,"enemies":"Spheric Guardian","floor":18,"turns":3},{"damage":5,"enemies":"Chosen","floor":21,"turns":4},{"damage":11,"enemies":"Snecko","floor":22,"turns":5},{"damage":34,"enemies":"Book of Stabbing","floor":23,"turns":4},{"damage":24,"enemies":"Snake Plant","floor":24,"turns":5},{"damage":18,"enemies":"3 Cultists","floor":25,"turns":3}],"seed_played":"-5122867455561492533","potions_obtained":[{"floor":1,"key":"EssenceOfSteel"},{"floor":10,"key":"Explosive Potion"},{"floor":13,"key":"FearPotion"},{"floor":16,"key":"Fire Potion"},{"floor":21,"key":"Regen Potion"},{"floor":24,"key":"SpeedPotion"}],"is_trial":false,"path_per_floor":["M","?","$","?","M","E","M","R","T","?","R","$","M","M","R","B",null,"M","?","$","M","M","E","M","M"],"character_chosen":"DEFECT","items_purchased":["Defragment","Go for the Eyes","Ball Lightning","Conserve Battery"],"campfire_rested":2,"item_purchase_floors":[3,3,12,20],"current_hp_per_floor":[73,78,78,78,75,41,41,41,41,15,39,39,29,18,42,18,80,80,80,80,75,76,42,18,0],"gold":214,"neow_bonus":"THREE_CARDS","is_prod":false,"is_daily":false,"chose_seed":false,"campfire_upgraded":1,"win_rate":0.0,"timestamp":1552048921,"path_taken":["M","?","$","?","?","E","M","R","T","?","R","?","?","M","R","BOSS","M","?","$","M","?","E","M","M"],"build_version":"2019-01-23","purchased_purges":2,"victory":false,"max_hp_per_floor":[75,80,80,80,80,80,80,80,80,80,80,80,80,80,80,80,80,80,80,80,80,80,80,80,80],"card_choices":[{"not_picked":["Steam Power","Steam"],"picked":"Capacitor","floor":0},{"not_picked":["Tempest","Melter"],"picked":"Conserve Battery","floor":1},{"not_picked":["Coolheaded","Leap"],"picked":"Genetic Algorithm","floor":5},{"not_picked":["Melter","Compile Driver"],"picked":"Gash","floor":6},{"not_picked":["Biased Cognition","Undo"],"picked":"Defragment","floor":7},{"not_picked":["BootSequence","Go for the Eyes"],"picked":"Ball Lightning","floor":10},{"not_picked":["Stack","Go for the Eyes"],"picked":"Gash","floor":13},{"not_picked":["Steam","Rebound"],"picked":"FTL","floor":14},{"not_picked":["Biased Cognition","Reboot"],"picked":"Echo Form","floor":16},{"not_picked":["Tempest+1","Rebound"],"picked":"Ball Lightning","floor":18},{"not_picked":["Sweeping Beam+1","Steam"],"picked":"Ball Lightning","floor":21},{"not_picked":["Reprogram+1","Glacier"],"picked":"Defragment","floor":22},{"not_picked":["Doom and Gloom","Static Discharge"],"picked":"Echo Form","floor":23},{"not_picked":["Hologram+1","Steam"],"picked":"Conserve Battery","floor":24}],"player_experience":125385,"relics_obtained":[{"floor":6,"key":"Art of War"},{"floor":9,"key":"PreservedInsect"},{"floor":10,"key":"Centennial Puzzle"},{"floor":23,"key":"Anchor"},{"floor":23,"key":"Emotion Chip"}],"event_choices":[{"damage_healed":0,"gold_gain":0,"player_choice":"Donut","damage_taken":0,"max_hp_gain":5,"max_hp_loss":0,"event_name":"Big Fish","floor":2,"gold_loss":0},{"damage_healed":0,"gold_gain":0,"player_choice":"1 cards matched","damage_taken":0,"max_hp_gain":0,"max_hp_loss":0,"event_name":"Match and Keep!","floor":4,"gold_loss":0,"cards_obtained":["Enlightenment"]},{"damage_healed":0,"gold_gain":0,"player_choice":"Searched \u00272\u0027 times","damage_taken":0,"max_hp_gain":0,"max_hp_loss":0,"event_name":"Dead Adventurer","floor":10,"gold_loss":0},{"damage_healed":0,"gold_gain":100,"player_choice":"Pray","damage_taken":0,"max_hp_gain":0,"max_hp_loss":0,"event_name":"Golden Shrine","floor":19,"gold_loss":0}],"is_beta":false,"boss_relics":[{"not_picked":["Eternal Feather","Busted Crown"],"picked":"Black Star"}],"items_purged_floors":[12,20],"is_endless":false,"potions_floor_spawned":[1,10,13,16,21,24],"killed_by":"3 Cultists","ascension_level":0}