{"gold_per_floor":[113,113,113,138,162,162,201,216,216,237,271,271,346,0,0,130,130,118,139,157,157],"floor_reached":21,"playtime":1822,"items_purged":[],"score":277,"play_id":"1f47f40d-46b0-4273-88ac-5ea5948848db","local_time":"20190503161746","is_ascension_mode":true,"campfire_choices":[{"data":"Bash","floor":6,"key":"SMITH"},{"floor":12,"key":"REST"},{"floor":15,"key":"REST"}],"neow_cost":"NONE","seed_source_timestamp":1293209248136800,"circlet_count":0,"master_deck":["Strike_R","Strike_R","Strike_R","Strike_R","Defend_R","Defend_R","Defend_R","Defend_R","Bash+1","Shockwave","Spot Weakness","Heavy Blade","Flex","Inflame","Shrug It Off","Clothesline","Sword Boomerang","Reaper","Spot Weakness","Ghostly Armor"],"relics":["Burning Blood","Golden Idol","Blood Vial","Singing Bowl","Ice Cream","Runic Pyramid"],"potions_floor_usage":[7,7,19,20,21,21],"damage_taken":[{"damage":4,"enemies":"Jaw Worm","floor":1,"turns":4},{"damage":4,"enemies":"Cultist","floor":4,"turns":3},{"damage":5,"enemies":"2 Louse","floor":5,"turns":4},{"damage":26,"enemies":"Gremlin Nob","floor":7,"turns":4},{"damage":0,"enemies":"Exordium Wildlife","floor":8,"turns":3},{"damage":20,"enemies":"Gremlin Gang","floor":10,"turns":5},{"damage":27,"enemies":"Lagavulin","floor":11,"turns":6},{"damage":30,"enemies":"The Guardian","floor":16,"turns":10},{"damage":48,"enemies":"2 Thieves","floor":18,"turns":4},{"damage":23,"enemies":"Spheric Guardian","floor":19,"turns":4},{"damage":67,"enemies":"3 Cultists","floor":20,"turns":6},{"damage":28,"enemies":"Cultist and Chosen","floor":21,"turns":6}],"seed_played":"3374137939340850295","potions_obtained":[{"floor":1,"key":"Weak Potion"},{"floor":4,"key":"Strength Potion"},{"floor":7,"key":"Energy Potion"},{"floor":8,"key":"SneckoOil"},{"floor":16,"key":"Energy Potion"},{"floor":19,"key":"Explosive Potion"}],"is_trial":false,"path_per_floor":["?","?","M","?","$","M"],"character_chosen":"IRONCLAD","items_purchased":["Ice Cream","Sword Boomerang"],"campfire_rested":2,"item_purchase_floors":[14,14],"current_hp_per_floor":[74,54,54,56,57,57,37,45,45,33,16,40,29,29,53,31,69,45,43,14,0],"gold":157,"neow_bonus":"THREE_CARDS","is_prod":false,"is_daily":false,"chose_seed":false,"campfire_upgraded":1,"win_rate":0,"timestamp":1556921866,"path_taken":["M","?","?","M","?","R","E","M","T","M","E","R","?","?","R","BOSS","M","?","M","M"],"build_version":"2019-01-23","purchased_purges":0,"victory":false,"max_hp_per_floor":[80,80,80,80,80,80,80,80,80,80,82,82,82,82,82,82,82,82,84,84,84],"card_choices":[{"not_picked":["Seeing Red","Intimidate"],"picked":"Shockwave","floor":0},{"not_picked":["Intimidate","Infernal Blade"],"picked":"Spot Weakness","floor":1},{"not_picked":["Anger","Wild Strike"],"picked":"Heavy Blade","floor":4},{"not_picked":["Hemokinesis","Evolve"],"picked":"Flex","floor":5},{"not_picked":["Sentinel","Second Wind"],"picked":"Inflame","floor":7},{"not_picked":["Headbutt","Inflame"],"picked":"Shrug It Off","floor":8},{"not_picked":["Bludgeon","Burning Pact"],"picked":"Clothesline","floor":10},{"not_picked":["Shrug It Off","Clothesline","Perfected Strike"],"picked":"Singing Bowl","floor":11},{"not_picked":["Feed","Dark Embrace"],"picked":"Reaper","floor":16},{"not_picked":["Dropkick","Body Slam+1"],"picked":"Spot Weakness","floor":18},{"not_picked":["Pommel Strike+1","Corruption","Shockwave"],"picked":"Singing Bowl","floor":19},{"not_picked":["Clothesline+1","Headbutt+1"],"picked":"Ghostly Armor","floor":20}],"player_experience":646284,"relics_obtained":[{"floor":7,"key":"Blood Vial"},{"floor":11,"key":"Singing Bowl"}],"event_choices":[{"damage_healed":0,"gold_gain":0,"player_choice":"Take Damage","damage_taken":20,"relics_obtained":["Golden Idol"],"max_hp_gain":0,"max_hp_loss":0,"event_name":"Golden Idol","floor":2,"gold_loss":0},{"cards_removed":["Strike_R"],"damage_healed":0,"gold_gain":0,"player_choice":"Offered Basic","damage_taken":0,"max_hp_gain":0,"max_hp_loss":0,"event_name":"Bonfire Elementals","floor":3,"gold_loss":0},{"damage_healed":0,"gold_gain":75,"player_choice":"Gather Gold","damage_taken":11,"max_hp_gain":0,"max_hp_loss":0,"event_name":"World of Goop","floor":13,"gold_loss":0}],"is_beta":false,"boss_relics":[{"not_picked":["Velvet Choker","Empty Cage"],"picked":"Runic Pyramid"}],"items_purged_floors":[],"is_endless":false,"potions_floor_spawned":[1,4,7,8,16,19],"killed_by":"Cultist and Chosen","ascension_level":9}