{"gold_per_floor":[115,127,145,162,179,179,213,225,225,254,273,291,21,32,32,32],"floor_reached":16,"playtime":525,"items_purged":[],"score":157,"play_id":"31e3d9fb-136a-46d0-b4b9-48ad7d1ade50","local_time":"20190328220531","is_ascension_mode":true,"campfire_choices":[{"data":"Loop","floor":6,"key":"SMITH"},{"floor":15,"key":"REST"}],"neow_cost":"NONE","seed_source_timestamp":862917044751838,"circlet_count":0,"master_deck":["Strike_B","Strike_B","Strike_B","Strike_B","Defend_B","Defend_B","Defend_B","Defend_B","Zap","Dualcast","Loop+1","Redo","Conserve Battery","Conserve Battery","Tempest","Ball Lightning","Loop","Seek","Self Repair","Static Discharge","The Bomb","Redo"],"relics":["Cracked Core","NeowsBlessing","Mummified Hand","Bottled Tornado","Bag of Preparation"],"potions_floor_usage":[4,7,7,12,14],"damage_taken":[{"damage":0,"enemies":"Small Slimes","floor":1,"turns":1},{"damage":0,"enemies":"Jaw Worm","floor":2,"turns":1},{"damage":0,"enemies":"2 Louse","floor":3,"turns":1},{"damage":9,"enemies":"Red Slaver","floor":4,"turns":3},{"damage":6,"enemies":"Blue Slaver","floor":5,"turns":4},{"damage":0,"enemies":"Gremlin Nob","floor":7,"turns":1},{"damage":10,"enemies":"3 Louse","floor":8,"turns":3},{"damage":13,"enemies":"Lagavulin","floor":10,"turns":5},{"damage":15,"enemies":"Lots of Slimes","floor":11,"turns":3},{"damage":0,"enemies":"2 Fungi Beasts","floor":12,"turns":2},{"damage":16,"enemies":"Large Slime","floor":14,"turns":4},{"damage":41,"enemies":"The Guardian","floor":16,"turns":5}],"seed_played":"2314020576150996849","potions_obtained":[{"floor":1,"key":"PowerPotion"},{"floor":4,"key":"Energy Potion"},{"floor":5,"key":"AttackPotion"},{"floor":11,"key":"PowerPotion"}],"is_trial":false,"path_per_floor":["M","M","M","M","M","R","E","M","T","E","M","M","$","M","R","B"],"character_chosen":"DEFECT","items_purchased":["Static Discharge","The Bomb","Poison Potion"],"campfire_rested":1,"item_purchase_floors":[13,13,13],"current_hp_per_floor":[75,75,75,66,60,60,60,50,50,37,22,22,22,13,35,0],"gold":32,"neow_bonus":"THREE_ENEMY_KILL","is_prod":false,"is_daily":false,"chose_seed":false,"campfire_upgraded":1,"win_rate":0,"timestamp":1553835931,"path_taken":["M","M","M","M","M","R","E","M","T","E","M","M","$","M","R","BOSS"],"build_version":"2019-01-23","purchased_purges":0,"victory":false,"max_hp_per_floor":[75,75,75,75,75,75,75,75,75,75,75,75,75,75,75,75],"card_choices":[{"not_picked":["Rebound","Go for the Eyes"],"picked":"Loop","floor":1},{"not_picked":["Ball Lightning","Sweeping Beam"],"picked":"Redo","floor":2},{"not_picked":["Coolheaded","Redo"],"picked":"Conserve Battery","floor":3},{"not_picked":["Go for the Eyes","Creative AI"],"picked":"Conserve Battery","floor":4},{"not_picked":["Leap","Rebound"],"picked":"Tempest","floor":5},{"not_picked":["Rebound","Genetic Algorithm"],"picked":"Ball Lightning","floor":7},{"not_picked":["Barrage","Go for the Eyes"],"picked":"Loop","floor":8},{"not_picked":["Streamline","Heatsinks"],"picked":"Seek","floor":10},{"not_picked":["Gash","Doom and Gloom"],"picked":"Self Repair","floor":11},{"not_picked":["Chill","Streamline","Auto Shields"],"picked":"SKIP","floor":12},{"not_picked":["Cold Snap","Ball Lightning"],"picked":"Redo","floor":14}],"player_experience":377376,"relics_obtained":[{"floor":7,"key":"Mummified Hand"},{"floor":9,"key":"Bottled Tornado"},{"floor":10,"key":"Bag of Preparation"}],"event_choices":[],"is_beta":false,"boss_relics":[],"items_purged_floors":[],"is_endless":false,"potions_floor_spawned":[1,4,5,11],"killed_by":"The Guardian","ascension_level":2}