{"gold_per_floor":[114,133,133,208,208,208,269,269,269,286,311,331,351,383,383,486,486,499,509,225,243,258,290,301,52,75,106,106,106,120,153,153,251,251,265,278,278,289,307,307,340,65,110,110,0,0,10,10,10,10,10,10,10,45,45],"floor_reached":56,"playtime":3172,"items_purged":["Strike_G","Strike_G","Doubt"],"score":1454,"play_id":"6f6d318c-cbd7-4f89-ba43-759b2d02c7b5","local_time":"20190319144709","is_ascension_mode":true,"campfire_choices":[{"data":"Neutralize","floor":6,"key":"SMITH"},{"data":"Infinite Blades","floor":8,"key":"SMITH"},{"floor":15,"key":"REST"},{"floor":29,"key":"REST"},{"floor":32,"key":"REST"},{"data":"Well Laid Plans","floor":40,"key":"SMITH"},{"floor":44,"key":"REST"},{"floor":46,"key":"RECALL"},{"floor":49,"key":"REST"},{"data":"Night Terror","floor":52,"key":"SMITH"}],"neow_cost":"NONE","seed_source_timestamp":268382860096395,"circlet_count":0,"master_deck":["Survivor","Neutralize+1","Dagger Throw","Infinite Blades+1","Dagger Spray+1","Crippling Poison","PiercingWail","Dagger Spray+1","After Image","Leg Sweep","Well Laid Plans+1","Poisoned Stab+1","Malaise","Endless Agony+1","PiercingWail+1","Deadly Poison+1","Caltrops","Infinite Blades","Blur","Terror","Crippling Poison","Noxious Fumes","Flying Knee+1","Venomology","Backflip","Blur","Bouncing Flask+1","Adrenaline","Dodge and Roll","Well Laid Plans","Concentrate","Corpse Explosion","Skewer+1","Backflip","Night Terror+1","Catalyst+1","Dodge and Roll+1","Corpse Explosion","Parasite","Dash+1","Escape Plan+1","Deadly Poison+1","Noxious Fumes","Backstab+1","Catalyst+1","Writhe","Calculated Gamble+1","Setup+1","Storm of Steel","Mind Blast+1","Backflip+1","PiercingWail+1"],"relics":["Ring of the Snake","NeowsBlessing","Molten Egg 2","Tiny Chest","Prayer Wheel","Bag of Preparation","Potion Belt","Cursed Key","Sling","Question Card","Membership Card","Bronze Scales","Tough Bandages","Dream Catcher","Pandora\u0027s Box","Tingsha","Snake Skull","DollysMirror","Red Mask","Boot"],"potions_floor_usage":[11,14,24,30,33,35,35,38,38,39,41,47,54,55,55,55,55],"damage_taken":[{"damage":0,"enemies":"Cultist","floor":1,"turns":1},{"damage":0,"enemies":"2 Louse","floor":2,"turns":1},{"damage":0,"enemies":"Gremlin Nob","floor":7,"turns":1},{"damage":0,"enemies":"Small Slimes","floor":10,"turns":2},{"damage":20,"enemies":"Lagavulin","floor":11,"turns":5},{"damage":8,"enemies":"Looter","floor":12,"turns":3},{"damage":9,"enemies":"Exordium Wildlife","floor":13,"turns":5},{"damage":2,"enemies":"Gremlin Nob","floor":14,"turns":3},{"damage":10,"enemies":"The Guardian","floor":16,"turns":13},{"damage":0,"enemies":"3 Byrds","floor":18,"turns":3},{"damage":4,"enemies":"Shell Parasite","floor":19,"turns":7},{"damage":0,"enemies":"Chosen and Byrds","floor":21,"turns":5},{"damage":3,"enemies":"Centurion and Healer","floor":22,"turns":7},{"damage":16,"enemies":"Book of Stabbing","floor":23,"turns":5},{"damage":15,"enemies":"Shelled Parasite and Fungi","floor":24,"turns":6},{"damage":18,"enemies":"Gremlin Leader","floor":27,"turns":6},{"damage":3,"enemies":"Snake Plant","floor":30,"turns":4},{"damage":4,"enemies":"Book of Stabbing","floor":31,"turns":5},{"damage":32,"enemies":"Champ","floor":33,"turns":12},{"damage":0,"enemies":"3 Darklings","floor":35,"turns":3},{"damage":4,"enemies":"Orb Walker","floor":36,"turns":4},{"damage":6,"enemies":"Writhing Mass","floor":38,"turns":6},{"damage":5,"enemies":"3 Darklings","floor":39,"turns":3},{"damage":25,"enemies":"Giant Head","floor":41,"turns":7},{"damage":18,"enemies":"4 Shapes","floor":47,"turns":4},{"damage":48,"enemies":"Donu and Deca","floor":50,"turns":6},{"damage":55,"enemies":"Shield and Spear","floor":54,"turns":5},{"damage":14,"enemies":"The Heart","floor":55,"turns":9}],"seed_played":"5110021948600371902","potions_obtained":[{"floor":2,"key":"Swift Potion"},{"floor":10,"key":"PowerPotion"},{"floor":13,"key":"FearPotion"},{"floor":21,"key":"Dexterity Potion"},{"floor":22,"key":"Swift Potion"},{"floor":24,"key":"GamblersBrew"},{"floor":27,"key":"Energy Potion"},{"floor":31,"key":"SpeedPotion"},{"floor":33,"key":"AttackPotion"},{"floor":36,"key":"Block Potion"},{"floor":39,"key":"Ancient Potion"},{"floor":41,"key":"Fire Potion"},{"floor":47,"key":"LiquidBronze"}],"is_trial":false,"path_per_floor":["M","M","?","?","?","R","E","R","T","M","E","M","M","E","R","B",null,"M","M","$","M","M","E","M","$","T","E","?","R","M","E","R","B",null,"M","M","?","M","M","R","E","$","T","R","?","R","M","?","R","B",null,"R","$","E","B",null],"character_chosen":"THE_SILENT","items_purchased":["Sling","Membership Card","Snake Skull","Backstab+1","DollysMirror"],"campfire_rested":5,"item_purchase_floors":[20,25,42,42,42],"current_hp_per_floor":[70,70,75,64,57,57,57,57,57,57,37,29,20,18,40,30,75,75,71,71,71,68,52,37,37,37,19,19,41,38,34,56,24,75,75,71,71,65,60,60,35,35,35,57,57,57,39,39,61,13,75,75,75,20,6],"gold":45,"neow_bonus":"THREE_ENEMY_KILL","is_prod":false,"is_daily":false,"chose_seed":false,"campfire_upgraded":4,"win_rate":0,"timestamp":1553032029,"path_taken":["M","?","?","?","?","R","E","R","T","M","E","?","M","E","R","BOSS","M","M","$","M","M","E","M","$","T","E","?","R","?","E","R","BOSS","M","M","?","M","M","R","E","$","T","R","?","R","M","?","R","BOSS","R","$","E","BOSS"],"build_version":"2019-01-23","purchased_purges":3,"victory":true,"max_hp_per_floor":[70,70,75,75,75,75,75,75,75,75,75,75,75,75,75,75,75,75,75,75,75,75,75,75,75,75,75,75,75,75,75,75,75,75,75,75,75,75,75,75,75,75,75,75,75,75,75,75,75,75,75,75,75,75,75],"card_choices":[{"not_picked":["Slice","Cloak And Dagger"],"picked":"Dagger Throw","floor":1},{"not_picked":["Poisoned Stab","Bane"],"picked":"Infinite Blades","floor":2},{"not_picked":["Prepared","Finisher+1"],"picked":"Dagger Spray+1","floor":7},{"not_picked":["Underhanded Strike+1","Outmaneuver"],"picked":"Crippling Poison","floor":10},{"not_picked":["Bane+1","Backflip"],"picked":"PiercingWail","floor":10},{"not_picked":["Dodge and Roll","Sucker Punch+1"],"picked":"Dagger Spray+1","floor":11},{"not_picked":["Escape Plan","Expertise"],"picked":"After Image","floor":12},{"not_picked":["Prepared","Acrobatics","Dagger Spray+1"],"picked":"SKIP","floor":12},{"not_picked":["Bouncing Flask","Prepared"],"picked":"Leg Sweep","floor":13},{"not_picked":["Bane+1","Dagger Spray+1"],"picked":"Well Laid Plans","floor":13},{"not_picked":["Deadly Poison","PiercingWail"],"picked":"Poisoned Stab+1","floor":14},{"not_picked":["Corpse Explosion","Bullet Time"],"picked":"Malaise","floor":16},{"not_picked":["Dagger Throw+1","Deadly Poison"],"picked":"Endless Agony+1","floor":18},{"not_picked":["Quick Slash+1","Escape Plan"],"picked":"PiercingWail+1","floor":18},{"not_picked":["Prepared","Quick Slash+1"],"picked":"Deadly Poison+1","floor":19},{"not_picked":["Slice+1","Predator+1","Dagger Spray+1"],"picked":"SKIP","floor":19},{"not_picked":["Endless Agony+1","Deadly Poison"],"picked":"Caltrops","floor":21},{"not_picked":["Distraction","Bane+1","Prepared"],"picked":"SKIP","floor":21},{"not_picked":["Wraith Form v2","Bane+1"],"picked":"Infinite Blades","floor":22},{"not_picked":["Dagger Throw+1","Distraction+1"],"picked":"Blur","floor":22},{"not_picked":["Dagger Throw+1","Underhanded Strike+1"],"picked":"Terror","floor":23},{"not_picked":["Blade Dance","Dodge and Roll","Dagger Throw+1"],"picked":"Crippling Poison","floor":24},{"not_picked":["Bouncing Flask+1","Deflect","Blur+1"],"picked":"Noxious Fumes","floor":24},{"not_picked":["Deflect","Escape Plan","Setup"],"picked":"Flying Knee+1","floor":27},{"not_picked":["Catalyst","Dagger Spray+1","Finisher+1"],"picked":"Venomology","floor":30},{"not_picked":["Underhanded Strike+1","Prepared","Flechettes+1"],"picked":"Backflip","floor":30},{"not_picked":["Deadly Poison","Slice+1","Cloak And Dagger"],"picked":"Blur","floor":31},{"not_picked":["Terror","Cloak And Dagger","Backflip"],"picked":"Bouncing Flask+1","floor":32},{"not_picked":["Wraith Form v2","Corpse Explosion","A Thousand Cuts"],"picked":"Adrenaline","floor":33},{"not_picked":["Slice+1","Riddle With Holes+1","Infinite Blades"],"picked":"Catalyst+1","floor":35},{"not_picked":["Eviscerate+1","Noxious Fumes","Dagger Throw+1"],"picked":"Dodge and Roll+1","floor":35},{"not_picked":["Dagger Throw+1","Slice+1","Flying Knee+1"],"picked":"Corpse Explosion","floor":36},{"not_picked":["Slice+1","Deflect","Deadly Poison","Tactician"],"picked":"SKIP","floor":36},{"not_picked":["Underhanded Strike+1","Prepared+1","Blur+1"],"picked":"Dash+1","floor":38},{"not_picked":["Blade Dance","Escape Plan","Deflect","Skewer+1"],"picked":"SKIP","floor":38},{"not_picked":["Dagger Throw+1","Distraction","Cloak And Dagger"],"picked":"Escape Plan+1","floor":39},{"not_picked":["Finisher+1","Sucker Punch+1","Predator+1"],"picked":"Deadly Poison+1","floor":39},{"not_picked":["Underhanded Strike+1","Infinite Blades+1","Bane+1"],"picked":"Noxious Fumes","floor":41},{"not_picked":["Prepared","All Out Attack+1","Backstab+1"],"picked":"Calculated Gamble+1","floor":44},{"not_picked":["Acrobatics+1","All Out Attack+1","Deflect"],"picked":"Setup+1","floor":47},{"not_picked":["Deadly Poison+1","Prepared","Expertise+1"],"picked":"Storm of Steel","floor":47},{"not_picked":["Trip","Discovery","Purity"],"picked":"Mind Blast+1","floor":48},{"not_picked":["Dodge and Roll+1","Tactician+1","Reflex"],"picked":"Backflip+1","floor":49},{"not_picked":["Phantasmal Killer","Deadly Poison+1","Dagger Spray+1"],"picked":"PiercingWail+1","floor":54}],"player_experience":50991,"relics_obtained":[{"floor":7,"key":"Tiny Chest"},{"floor":9,"key":"Prayer Wheel"},{"floor":11,"key":"Bag of Preparation"},{"floor":14,"key":"Potion Belt"},{"floor":23,"key":"Question Card"},{"floor":26,"key":"Bronze Scales"},{"floor":27,"key":"Tough Bandages"},{"floor":31,"key":"Dream Catcher"},{"floor":41,"key":"Tingsha"},{"floor":54,"key":"Boot"}],"event_choices":[{"damage_healed":0,"gold_gain":0,"player_choice":"Donut","damage_taken":0,"max_hp_gain":5,"max_hp_loss":0,"event_name":"Big Fish","floor":3,"gold_loss":0},{"damage_healed":0,"gold_gain":75,"player_choice":"Gather Gold","damage_taken":11,"max_hp_gain":0,"max_hp_loss":0,"event_name":"World of Goop","floor":4,"gold_loss":0},{"damage_healed":0,"gold_gain":0,"player_choice":"Success","damage_taken":7,"relics_obtained":["Molten Egg 2"],"max_hp_gain":0,"max_hp_loss":0,"event_name":"Scrap Ooze","floor":5,"gold_loss":0},{"damage_healed":0,"gold_gain":0,"cards_transformed":["Strike_G"],"player_choice":"Transformed","damage_taken":0,"max_hp_gain":0,"max_hp_loss":0,"event_name":"Transmorgrifier","floor":28,"gold_loss":0,"cards_obtained":["Poisoned Stab"]},{"cards_removed":["Poisoned Stab"],"damage_healed":0,"gold_gain":0,"player_choice":"Removed Attack","damage_taken":0,"max_hp_gain":0,"max_hp_loss":0,"event_name":"Falling","floor":37,"gold_loss":0},{"damage_healed":0,"gold_gain":0,"player_choice":"Paid","damage_taken":0,"relics_obtained":["Red Mask"],"max_hp_gain":0,"max_hp_loss":0,"event_name":"Tomb of Lord Red Mask","floor":45,"gold_loss":110},{"damage_healed":0,"gold_gain":0,"player_choice":"Memory 1","damage_taken":0,"max_hp_gain":0,"max_hp_loss":0,"event_name":"SensoryStone","floor":48,"gold_loss":0}],"is_beta":false,"boss_relics":[{"not_picked":["Coffee Dripper","Eternal Feather"],"picked":"Cursed Key"},{"not_picked":["WristBlade","Lizard Tail"],"picked":"Pandora\u0027s Box"}],"items_purged_floors":[20,25,42],"is_endless":false,"potions_floor_spawned":[2,10,13,21,22,24,27,31,33,36,39,41,47],"ascension_level":3}