{"gold_per_floor":[118,128,140,164,164,164,192,192,216,236,249,265,284,11,11,110,110,123,134,152,152],"floor_reached":21,"playtime":1071,"items_purged":[],"score":204,"play_id":"8e1210d0-13ce-4915-9299-439ef6370e11","local_time":"20190414115254","is_ascension_mode":true,"campfire_choices":[{"data":"Neutralize","floor":6,"key":"SMITH"},{"data":"Corpse Explosion","floor":8,"key":"SMITH"},{"floor":15,"key":"REST"}],"neow_cost":"NONE","seed_source_timestamp":393584123330300,"circlet_count":0,"master_deck":["Defend_G","Defend_G","Defend_G","Defend_G","Defend_G","Strike_G","Strike_G","Strike_G","Strike_G","Survivor","Neutralize+1","Escape Plan","Dodge and Roll","Outmaneuver","Corpse Explosion+1","Dodge and Roll","Noxious Fumes","Blade Dance","Crippling Poison","Footwork","Burst","Backflip+1","Deflect+1","Blade Dance+1"],"relics":["Ring of the Snake","NeowsBlessing","Strawberry","Vajra","Regal Pillow","Sling","Empty Cage"],"potions_floor_usage":[7,7,16,16,19,19],"damage_taken":[{"damage":0,"enemies":"Cultist","floor":1,"turns":1},{"damage":0,"enemies":"Jaw Worm","floor":2,"turns":1},{"damage":0,"enemies":"Small Slimes","floor":3,"turns":1},{"damage":18,"enemies":"Gremlin Nob","floor":7,"turns":4},{"damage":20,"enemies":"Exordium Thugs","floor":10,"turns":4},{"damage":17,"enemies":"Lots of Slimes","floor":11,"turns":2},{"damage":6,"enemies":"Blue Slaver","floor":12,"turns":4},{"damage":8,"enemies":"Gremlin Gang","floor":13,"turns":4},{"damage":7,"enemies":"Hexaghost","floor":16,"turns":10},{"damage":9,"enemies":"Chosen","floor":18,"turns":6},{"damage":3,"enemies":"2 Thieves","floor":19,"turns":5},{"damage":32,"enemies":"Snecko","floor":20,"turns":9},{"damage":34,"enemies":"Masked Bandits","floor":21,"turns":3}],"seed_played":"1427432909669900590","potions_obtained":[{"floor":1,"key":"Fire Potion"},{"floor":2,"key":"Poison Potion"},{"floor":11,"key":"GhostInAJar"},{"floor":12,"key":"Weak Potion"},{"floor":16,"key":"Energy Potion"},{"floor":18,"key":"Energy Potion"}],"is_trial":false,"path_per_floor":["M","M","M","T","?","R","E","R","T","M","M","M","M","$","R","B",null,"M","M","M","?"],"character_chosen":"THE_SILENT","items_purchased":["Footwork","Sling"],"campfire_rested":1,"item_purchase_floors":[14,14],"current_hp_per_floor":[70,70,70,77,77,77,59,59,59,39,22,16,8,8,46,39,77,68,65,33,0],"gold":152,"neow_bonus":"THREE_ENEMY_KILL","is_prod":false,"is_daily":false,"chose_seed":false,"campfire_upgraded":2,"win_rate":0,"timestamp":1555235574,"path_taken":["M","M","M","?","?","R","E","R","T","M","M","?","?","$","R","BOSS","M","M","M","?"],"build_version":"2019-01-23","purchased_purges":0,"victory":false,"max_hp_per_floor":[70,70,70,77,77,77,77,77,77,77,77,77,77,77,77,77,77,77,77,77,77],"card_choices":[{"not_picked":["Dagger Spray","Calculated Gamble"],"picked":"Escape Plan","floor":1},{"not_picked":["Quick Slash","Finisher"],"picked":"Dodge and Roll","floor":2},{"not_picked":["Accuracy","Calculated Gamble"],"picked":"Outmaneuver","floor":3},{"not_picked":["Bane","Underhanded Strike"],"picked":"Corpse Explosion","floor":7},{"not_picked":["Dagger Throw","Distraction"],"picked":"Dodge and Roll","floor":10},{"not_picked":["Backflip","Caltrops"],"picked":"Noxious Fumes","floor":11},{"not_picked":["Riddle With Holes","Prepared"],"picked":"Blade Dance","floor":12},{"not_picked":["Slice","Acrobatics"],"picked":"Crippling Poison","floor":13},{"not_picked":["Venomology","Phantasmal Killer"],"picked":"Burst","floor":16},{"not_picked":["Dodge and Roll","Prepared+1"],"picked":"Backflip+1","floor":18},{"not_picked":["Deadly Poison+1","Choke"],"picked":"Deflect+1","floor":19},{"not_picked":["Poisoned Stab","Heel Hook"],"picked":"Blade Dance+1","floor":20}],"player_experience":442214,"relics_obtained":[{"floor":4,"key":"Strawberry"},{"floor":7,"key":"Vajra"},{"floor":9,"key":"Regal Pillow"}],"event_choices":[{"damage_healed":0,"gold_gain":0,"player_choice":"Cursed","damage_taken":0,"max_hp_gain":0,"max_hp_loss":0,"event_name":"Wheel of Change","floor":5,"gold_loss":0,"cards_obtained":["Decay"]},{"damage_healed":0,"gold_gain":0,"player_choice":"Fought Bandits","damage_taken":0,"max_hp_gain":0,"max_hp_loss":0,"event_name":"Masked Bandits","floor":21,"gold_loss":0}],"is_beta":false,"boss_relics":[{"not_picked":["Fusion Hammer","Busted Crown"],"picked":"Empty Cage"}],"items_purged_floors":[],"is_endless":false,"potions_floor_spawned":[1,2,11,12,16,18],"killed_by":"Masked Bandits","ascension_level":2}