{"gold_per_floor":[113,113,113,123,101,101,130,130,130,1,17,45,61,75,75,178,178,189,279,294,304,45,45,64,64,137,137,156,156,20,46,46,46],"floor_reached":33,"playtime":1030,"items_purged":["Strike_B","Defend_B"],"score":420,"play_id":"80e27bfd-c0c8-42fd-9011-4d493481b4e1","local_time":"20190421223733","is_ascension_mode":true,"campfire_choices":[{"data":"Zap","floor":6,"key":"SMITH"},{"data":"Zap","floor":8,"key":"SMITH"},{"floor":15,"key":"REST"},{"floor":23,"key":"REST"},{"data":"Defragment","floor":25,"key":"SMITH"},{"data":"Hologram","floor":27,"key":"SMITH"},{"floor":32,"key":"REST"}],"neow_cost":"NONE","seed_source_timestamp":738585181331857,"circlet_count":0,"master_deck":["Strike_B","Defend_B","Defend_B","Defend_B","Zap+1","Dualcast","Streamline","Zap+1","Sweeping Beam","Turbo","Compile Driver","Defragment+1","Conserve Battery","Cold Snap","Reinforced Body","Darkness","Electrodynamics","Coolheaded","Glacier+1","Hologram+1","Self Repair","Ball Lightning","Auto Shields+1","Finesse","Heatsinks"],"relics":["Cracked Core","NeowsBlessing","Smiling Mask","Ornamental Fan","Kunai","Empty Cage","Blood Vial","Mummified Hand","Ancient Tea Set","Molten Egg 2"],"potions_floor_usage":[12,18,24],"damage_taken":[{"damage":0,"enemies":"2 Louse","floor":1,"turns":1},{"damage":0,"enemies":"Small Slimes","floor":4,"turns":1},{"damage":0,"enemies":"Gremlin Nob","floor":7,"turns":1},{"damage":0,"enemies":"Cultist","floor":11,"turns":3},{"damage":28,"enemies":"Lagavulin","floor":12,"turns":7},{"damage":4,"enemies":"Red Slaver","floor":13,"turns":2},{"damage":9,"enemies":"Lots of Slimes","floor":14,"turns":3},{"damage":28,"enemies":"The Guardian","floor":16,"turns":11},{"damage":5,"enemies":"Chosen","floor":18,"turns":4},{"damage":12,"enemies":"Spheric Guardian","floor":20,"turns":4},{"damage":7,"enemies":"Cultist and Chosen","floor":21,"turns":6},{"damage":13,"enemies":"3 Cultists","floor":24,"turns":3},{"damage":2,"enemies":"Centurion and Healer","floor":28,"turns":4},{"damage":22,"enemies":"Gremlin Leader","floor":31,"turns":6},{"damage":60,"enemies":"Automaton","floor":33,"turns":6}],"seed_played":"5036549217201212576","potions_obtained":[{"floor":1,"key":"Strength Potion"},{"floor":14,"key":"LiquidBronze"},{"floor":16,"key":"SkillPotion"},{"floor":20,"key":"FocusPotion"},{"floor":28,"key":"LiquidBronze"},{"floor":31,"key":"SteroidPotion"}],"is_trial":false,"path_per_floor":["M","?","?","M","$","R","E","R","T","$","M","E","M","M","R","B",null,"M","?","M","M","$","R","M","R","T","R","M","?","$","E","R","B"],"character_chosen":"DEFECT","items_purchased":["Turbo","Defragment","Self Repair","Ball Lightning","Blood Vial","Finesse"],"campfire_rested":3,"item_purchase_floors":[5,10,22,22,22,30],"current_hp_per_floor":[68,68,68,68,68,68,68,68,68,68,68,40,36,27,49,21,62,57,43,31,24,24,46,42,42,42,42,49,49,49,36,58,0],"gold":46,"neow_bonus":"THREE_ENEMY_KILL","is_prod":false,"is_daily":false,"chose_seed":false,"campfire_upgraded":4,"win_rate":0,"timestamp":1555853853,"path_taken":["M","?","?","?","?","R","E","R","T","$","?","E","M","M","R","BOSS","M","?","?","M","$","R","M","R","T","R","M","?","$","E","R","BOSS"],"build_version":"2019-01-23","purchased_purges":2,"victory":false,"max_hp_per_floor":[75,75,75,75,75,75,75,75,75,75,75,75,75,75,75,75,75,75,75,75,75,75,75,75,75,75,75,75,75,75,75,75,75],"card_choices":[{"not_picked":["Redo","Go for the Eyes"],"picked":"Streamline","floor":1},{"not_picked":["Turbo","Steam"],"picked":"Sweeping Beam","floor":4},{"not_picked":["Creative AI","Coolheaded"],"picked":"Compile Driver","floor":7},{"not_picked":["Coolheaded","Beam Cell"],"picked":"Conserve Battery","floor":11},{"not_picked":["Storm","Aggregate"],"picked":"Cold Snap","floor":12},{"not_picked":["Stack","Recycle"],"picked":"Reinforced Body","floor":13},{"not_picked":["Stack","Rebound"],"picked":"Darkness","floor":14},{"not_picked":["Machine Learning","Rainbow"],"picked":"Electrodynamics","floor":16},{"not_picked":["Turbo","Steam+1"],"picked":"Coolheaded","floor":18},{"not_picked":["Coolheaded+1","Compile Driver"],"picked":"Glacier+1","floor":20},{"not_picked":["Aggregate+1","Cold Snap"],"picked":"Hologram","floor":21},{"not_picked":["Compile Driver","Aggregate","Steam Power"],"picked":"SKIP","floor":24},{"not_picked":["Undo","Rebound"],"picked":"Auto Shields+1","floor":28},{"not_picked":["Turbo","Skim"],"picked":"Heatsinks","floor":31}],"player_experience":410027,"relics_obtained":[{"floor":7,"key":"Smiling Mask"},{"floor":9,"key":"Ornamental Fan"},{"floor":12,"key":"Kunai"},{"floor":26,"key":"Mummified Hand"},{"floor":29,"key":"Ancient Tea Set"},{"floor":31,"key":"Molten Egg 2"}],"event_choices":[{"damage_healed":0,"gold_gain":0,"player_choice":"Ignored","damage_taken":0,"max_hp_gain":0,"max_hp_loss":0,"event_name":"Liars Game","floor":2,"gold_loss":0},{"damage_healed":0,"gold_gain":0,"player_choice":"1 cards matched","damage_taken":0,"max_hp_gain":0,"max_hp_loss":0,"event_name":"Match and Keep!","floor":3,"gold_loss":0,"cards_obtained":["Zap"]},{"damage_healed":0,"gold_gain":90,"player_choice":"GOLD ","damage_taken":14,"max_hp_gain":0,"max_hp_loss":0,"event_name":"Knowing Skull","floor":19,"potions_obtained":[],"gold_loss":0,"cards_obtained":[]},{"damage_healed":0,"gold_gain":0,"player_choice":"Relic","damage_taken":0,"max_hp_gain":0,"max_hp_loss":0,"event_name":"Wheel of Change","floor":29,"gold_loss":0}],"is_beta":false,"boss_relics":[{"not_picked":["Runic Pyramid","Tiny House"],"picked":"Empty Cage"}],"items_purged_floors":[10,30],"is_endless":false,"potions_floor_spawned":[1,14,16,20,28,31],"killed_by":"Automaton","ascension_level":8}