{"gold_per_floor":[119,135,210,230,242,242,268,287,287,298,325,325,325,357,357,357],"floor_reached":16,"playtime":528,"items_purged":[],"score":196,"play_id":"c3d9b6f8-d736-4fed-8f7e-1fae970cdd3d","local_time":"20190503211620","is_ascension_mode":true,"campfire_choices":[{"data":"Unload","floor":6,"key":"SMITH"},{"floor":13,"key":"REST"},{"data":"Bouncing Flask","floor":15,"key":"SMITH"}],"neow_cost":"NONE","seed_source_timestamp":1764099131244195,"circlet_count":0,"master_deck":["AscendersBane","Defend_G","Defend_G","Defend_G","Defend_G","Defend_G","Strike_G","Strike_G","Strike_G","Strike_G","Strike_G","Survivor","Neutralize","Dagger Spray","Unload+1","Skewer","Quick Slash","Backstab","Bouncing Flask+1","Leg Sweep"],"relics":["Ring of the Snake","Blood Vial","Odd Mushroom","Thread and Needle","Singing Bowl","Peace Pipe","Happy Flower"],"potions_floor_usage":[7,16],"damage_taken":[{"damage":0,"enemies":"2 Louse","floor":1,"turns":4},{"damage":1,"enemies":"Small Slimes","floor":2,"turns":4},{"damage":1,"enemies":"Cultist","floor":4,"turns":4},{"damage":9,"enemies":"Looter","floor":5,"turns":3},{"damage":12,"enemies":"The Mushroom Lair","floor":7,"turns":4},{"damage":5,"enemies":"3 Louse","floor":8,"turns":2},{"damage":1,"enemies":"Gremlin Gang","floor":10,"turns":3},{"damage":5,"enemies":"Gremlin Nob","floor":11,"turns":4},{"damage":15,"enemies":"Lagavulin","floor":14,"turns":6},{"damage":44,"enemies":"Slime Boss","floor":16,"turns":9}],"seed_played":"1555612835020590382","potions_obtained":[{"floor":2,"key":"PowerPotion"},{"floor":8,"key":"Ancient Potion"},{"floor":14,"key":"Weak Potion"}],"is_trial":false,"path_per_floor":["M","M","?","M","M","R","?","M","T","M","E","?","R","E","R","B"],"character_chosen":"THE_SILENT","items_purchased":[],"campfire_rested":1,"item_purchase_floors":[],"current_hp_per_floor":[61,62,51,52,45,45,35,32,32,33,30,30,49,36,36,0],"gold":357,"neow_bonus":"RANDOM_COMMON_RELIC","is_prod":false,"is_daily":false,"chose_seed":false,"campfire_upgraded":2,"win_rate":0,"timestamp":1556943380,"path_taken":["M","M","?","M","M","R","?","M","T","M","E","?","R","E","R","BOSS"],"build_version":"2019-01-23","purchased_purges":0,"victory":false,"max_hp_per_floor":[66,66,66,66,66,66,66,66,66,66,66,66,66,66,66,66],"card_choices":[{"not_picked":["Escape Plan","Cloak And Dagger"],"picked":"Dagger Spray","floor":1},{"not_picked":["Underhanded Strike","Bane","Sucker Punch"],"picked":"SKIP","floor":2},{"not_picked":["Deflect","Dagger Throw"],"picked":"Unload","floor":4},{"not_picked":["Backflip","Sucker Punch"],"picked":"Skewer","floor":5},{"not_picked":["Poisoned Stab","Slice"],"picked":"Quick Slash","floor":7},{"not_picked":["Setup","Dagger Throw"],"picked":"Backstab","floor":8},{"not_picked":["Acrobatics","Sucker Punch","Underhanded Strike"],"picked":"SKIP","floor":10},{"not_picked":["All Out Attack","Slice"],"picked":"Bouncing Flask","floor":11},{"not_picked":["Terror","Finisher"],"picked":"Leg Sweep","floor":14}],"player_experience":395929,"relics_obtained":[{"floor":7,"key":"Odd Mushroom"},{"floor":9,"key":"Thread and Needle"},{"floor":11,"key":"Singing Bowl"},{"floor":14,"key":"Happy Flower"}],"event_choices":[{"damage_healed":0,"gold_gain":75,"player_choice":"Gather Gold","damage_taken":11,"max_hp_gain":0,"max_hp_loss":0,"event_name":"World of Goop","floor":3,"gold_loss":0},{"damage_healed":0,"gold_gain":0,"player_choice":"Fought Mushrooms","damage_taken":0,"max_hp_gain":0,"max_hp_loss":0,"event_name":"Mushrooms","floor":7,"gold_loss":0},{"damage_healed":0,"gold_gain":0,"player_choice":"Gave Potion","damage_taken":0,"relics_obtained":["Peace Pipe"],"max_hp_gain":0,"max_hp_loss":0,"event_name":"WeMeetAgain","floor":12,"gold_loss":0}],"is_beta":false,"boss_relics":[],"items_purged_floors":[],"is_endless":false,"potions_floor_spawned":[2,8,14],"killed_by":"Slime Boss","ascension_level":15}