{"gold_per_floor":[111,123,142,142,40,65,140,140,140,155,172,190,217,392,392,392],"floor_reached":16,"playtime":984,"items_purged":[],"score":187,"play_id":"c42f9734-4b77-4109-a968-aca11abeb69c","local_time":"20190418112049","is_ascension_mode":true,"campfire_choices":[{"floor":8,"key":"REST"},{"data":"Dualcast","floor":15,"key":"SMITH"}],"neow_cost":"NONE","seed_source_timestamp":59966406634824,"circlet_count":0,"master_deck":["Strike_B","Strike_B","Strike_B","Strike_B","Defend_B","Defend_B","Defend_B","Defend_B","Zap","Dualcast+1","Loop","Conserve Battery","Conserve Battery","Static Discharge","Self Repair","Go for the Eyes","Conserve Battery","Chaos","Conserve Battery","Doubt"],"relics":["Cracked Core","Calipers","Unceasing Top","Turnip","Dream Catcher"],"potions_floor_usage":[16,16,16],"damage_taken":[{"damage":1,"enemies":"Cultist","floor":1,"turns":4},{"damage":0,"enemies":"2 Louse","floor":2,"turns":3},{"damage":4,"enemies":"Jaw Worm","floor":3,"turns":4},{"damage":27,"enemies":"Lagavulin","floor":6,"turns":6},{"damage":10,"enemies":"3 Louse","floor":10,"turns":4},{"damage":5,"enemies":"Looter","floor":11,"turns":4},{"damage":0,"enemies":"Large Slime","floor":12,"turns":5},{"damage":52,"enemies":"Gremlin Nob","floor":13,"turns":5},{"damage":18,"enemies":"Hexaghost","floor":16,"turns":9}],"seed_played":"-1866476499414979884","potions_obtained":[{"floor":2,"key":"Energy Potion"},{"floor":11,"key":"Dexterity Potion"},{"floor":12,"key":"SpeedPotion"},{"floor":13,"key":"Ancient Potion"}],"is_trial":false,"path_per_floor":["?","$","?","M","?"],"character_chosen":"DEFECT","items_purchased":["Conserve Battery","Static Discharge"],"campfire_rested":1,"item_purchase_floors":[5,5],"current_hp_per_floor":[74,74,70,70,70,43,32,56,56,53,55,62,17,17,17,0],"gold":392,"neow_bonus":"TEN_PERCENT_HP_BONUS","is_prod":false,"is_daily":false,"chose_seed":false,"campfire_upgraded":1,"win_rate":0,"timestamp":1555608049,"path_taken":["M","M","M","?","?","E","?","R","T","M","M","?","E","?","R","BOSS"],"build_version":"2019-01-23","purchased_purges":0,"victory":false,"max_hp_per_floor":[82,82,82,82,82,82,82,82,82,82,82,82,82,82,82,82],"card_choices":[{"not_picked":["Rebound","Beam Cell"],"picked":"Loop","floor":1},{"not_picked":["Compile Driver","Melter"],"picked":"Conserve Battery","floor":2},{"not_picked":["BootSequence","Hologram"],"picked":"Sweeping Beam","floor":3},{"not_picked":["Rebound","Redo"],"picked":"Self Repair","floor":6},{"not_picked":["Force Field","Steam Power"],"picked":"Go for the Eyes","floor":10},{"not_picked":["Turbo","Melter"],"picked":"Conserve Battery","floor":11},{"not_picked":["Darkness","Hologram"],"picked":"Chaos","floor":12},{"not_picked":["Fission","Amplify"],"picked":"Conserve Battery","floor":13}],"player_experience":573836,"relics_obtained":[{"floor":6,"key":"Unceasing Top"},{"floor":9,"key":"Turnip"},{"floor":13,"key":"Dream Catcher"}],"event_choices":[{"cards_removed":["Sweeping Beam"],"damage_healed":0,"gold_gain":0,"player_choice":"Gave Card","damage_taken":0,"relics_obtained":["Calipers"],"max_hp_gain":0,"max_hp_loss":0,"event_name":"WeMeetAgain","floor":4,"gold_loss":0},{"damage_healed":0,"gold_gain":75,"player_choice":"Gather Gold","damage_taken":11,"max_hp_gain":0,"max_hp_loss":0,"event_name":"World of Goop","floor":7,"gold_loss":0},{"damage_healed":0,"gold_gain":175,"player_choice":"AGREE","damage_taken":0,"max_hp_gain":0,"max_hp_loss":0,"event_name":"Liars Game","floor":14,"gold_loss":0,"cards_obtained":["Doubt"]}],"is_beta":false,"boss_relics":[],"items_purged_floors":[],"is_endless":false,"potions_floor_spawned":[2,11,12,13],"killed_by":"Hexaghost","ascension_level":9}