{"gold_per_floor":[113,129,145,163,163,163,193,205,230,10,10],"floor_reached":11,"playtime":1741,"items_purged":["Strike_B"],"score":79,"play_id":"9a9eaaea-487a-4947-8e55-99a0f8fd29e3","local_time":"20190409142743","is_ascension_mode":true,"campfire_choices":[{"data":"Darkness","floor":6,"key":"SMITH"}],"neow_cost":"NONE","seed_source_timestamp":1571772076612400,"circlet_count":0,"master_deck":["Strike_B","Strike_B","Strike_B","Defend_B","Defend_B","Defend_B","Zap","Dualcast","Streamline","Reinforced Body","Streamline","Conserve Battery","Darkness+1","Rebound","Reinforced Body"],"relics":["Cracked Core","Ancient Tea Set","Orichalcum"],"potions_floor_usage":[],"damage_taken":[{"damage":1,"enemies":"Cultist","floor":1,"turns":3},{"damage":6,"enemies":"2 Louse","floor":2,"turns":3},{"damage":1,"enemies":"Jaw Worm","floor":3,"turns":3},{"damage":26,"enemies":"Exordium Wildlife","floor":4,"turns":3},{"damage":19,"enemies":"3 Sentries","floor":7,"turns":8},{"damage":9,"enemies":"Large Slime","floor":8,"turns":5},{"damage":15,"enemies":"2 Fungi Beasts","floor":11,"turns":4}],"seed_played":"9221662208953520391","potions_obtained":[{"floor":1,"key":"SpeedPotion"},{"floor":4,"key":"SkillPotion"},{"floor":7,"key":"FearPotion"},{"floor":8,"key":"Weak Potion"}],"is_trial":false,"path_per_floor":["M","M","M","M","?","R","E","M","T","$","M"],"character_chosen":"DEFECT","items_purchased":["Orichalcum"],"campfire_rested":0,"item_purchase_floors":[10],"current_hp_per_floor":[81,75,74,48,48,48,29,20,20,20,5],"gold":10,"neow_bonus":"TEN_PERCENT_HP_BONUS","is_prod":false,"is_daily":false,"chose_seed":false,"campfire_upgraded":1,"win_rate":0,"timestamp":1554812863,"path_taken":["M","M","?","M","?","R","E","M","T","$","M"],"build_version":"2019-01-23","purchased_purges":1,"victory":false,"max_hp_per_floor":[82,82,82,82,82,82,82,82,82,82,82],"card_choices":[{"not_picked":["Reprogram","Leap"],"picked":"Streamline","floor":1},{"not_picked":["Loop","Redo"],"picked":"Reinforced Body","floor":2},{"not_picked":["Consume","Lockon"],"picked":"Streamline","floor":3},{"not_picked":["Sweeping Beam","Steam"],"picked":"Conserve Battery","floor":4},{"not_picked":["Electrodynamics","Cold Snap"],"picked":"Rebound","floor":7},{"not_picked":["Force Field","Barrage"],"picked":"Reinforced Body","floor":8}],"player_experience":304790,"relics_obtained":[{"floor":7,"key":"Ancient Tea Set"}],"event_choices":[{"damage_healed":0,"gold_gain":0,"cards_transformed":["Defend_B"],"player_choice":"Transformed","damage_taken":0,"max_hp_gain":0,"max_hp_loss":0,"event_name":"Transmorgrifier","floor":5,"gold_loss":0,"cards_obtained":["Darkness"]}],"is_beta":false,"boss_relics":[],"items_purged_floors":[10],"is_endless":false,"potions_floor_spawned":[1,4,7,8],"killed_by":"2 Fungi Beasts","ascension_level":1}