{"gold_per_floor":[117,128,145,157,157,157,173,203,250,250,250,269,28,28,28,154,154,173,197,44,63,63],"floor_reached":22,"playtime":738,"items_purged":[],"score":197,"play_id":"4a672056-68fd-4a04-970c-fe4550979bab","local_time":"20190411085744","is_ascension_mode":true,"campfire_choices":[{"data":"Zap","floor":6,"key":"SMITH"},{"data":"Aggregate","floor":11,"key":"SMITH"},{"floor":15,"key":"REST"}],"neow_cost":"TEN_PERCENT_HP_LOSS","seed_source_timestamp":124208162987200,"circlet_count":0,"master_deck":["Strike_B","Strike_B","Strike_B","Strike_B","Defend_B","Defend_B","Defend_B+1","Defend_B+1","Zap+1","Dualcast","Rebound","Static Discharge","Ball Lightning","Go for the Eyes","Aggregate+1","Defragment","White Noise","Stack","Hello World","Parasite","Echo Form","Cold Snap","Consume","Compile Driver+1"],"relics":["Cracked Core","Incense Burner","Bottled Lightning","Blood Vial","Golden Idol","DataDisk","Runic Dome","Happy Flower"],"potions_floor_usage":[16],"damage_taken":[{"damage":5,"enemies":"Small Slimes","floor":1,"turns":3},{"damage":1,"enemies":"Jaw Worm","floor":2,"turns":3},{"damage":6,"enemies":"2 Louse","floor":3,"turns":3},{"damage":13,"enemies":"Large Slime","floor":4,"turns":3},{"damage":15,"enemies":"Lots of Slimes","floor":7,"turns":4},{"damage":8,"enemies":"Gremlin Nob","floor":8,"turns":4},{"damage":4,"enemies":"Blue Slaver","floor":12,"turns":4},{"damage":26,"enemies":"Slime Boss","floor":16,"turns":7},{"damage":17,"enemies":"3 Byrds","floor":18,"turns":2},{"damage":24,"enemies":"2 Thieves","floor":19,"turns":4},{"damage":19,"enemies":"3 Cultists","floor":21,"turns":6},{"damage":12,"enemies":"Centurion and Healer","floor":22,"turns":1}],"seed_played":"8912746729606061087","potions_obtained":[{"floor":8,"key":"FocusPotion"},{"floor":12,"key":"LiquidBronze"},{"floor":16,"key":"Swift Potion"},{"floor":21,"key":"Explosive Potion"}],"is_trial":false,"path_per_floor":["M","M","M","M","?","R","M","E","T","?","R","M","$","?","R","B",null,"M","M","$","M","M"],"character_chosen":"DEFECT","items_purchased":["DataDisk","Stack","Hello World","Happy Flower"],"campfire_rested":1,"item_purchase_floors":[13,13,13,20],"current_hp_per_floor":[63,62,56,43,29,29,14,6,6,6,6,4,4,19,37,13,63,46,24,24,7,0],"gold":63,"neow_bonus":"ONE_RARE_RELIC","is_prod":false,"is_daily":false,"chose_seed":false,"campfire_upgraded":2,"win_rate":0,"timestamp":1554965864,"path_taken":["M","M","M","M","?","R","M","E","T","?","R","M","?","?","R","BOSS","M","M","$","M","M"],"build_version":"2019-01-23","purchased_purges":0,"victory":false,"max_hp_per_floor":[68,68,68,68,68,68,68,68,68,63,63,63,63,63,63,63,63,63,63,63,63,63],"card_choices":[{"not_picked":["Leap","Hologram"],"picked":"Rebound","floor":1},{"not_picked":["Redo","Gash"],"picked":"Static Discharge","floor":2},{"not_picked":["Chaos","Force Field"],"picked":"Ball Lightning","floor":3},{"not_picked":["Sweeping Beam","Sunder"],"picked":"Go for the Eyes","floor":4},{"not_picked":["Gash","Seek"],"picked":"Aggregate","floor":7},{"not_picked":["Reprogram","Genetic Algorithm"],"picked":"Defragment","floor":8},{"not_picked":["Barrage","Beam Cell"],"picked":"White Noise","floor":12},{"not_picked":["Seek","Reboot"],"picked":"Echo Form","floor":16},{"not_picked":["Melter","Gash"],"picked":"Cold Snap","floor":18},{"not_picked":["Reinforced Body","Sweeping Beam"],"picked":"Consume","floor":19},{"not_picked":["Streamline","Stack"],"picked":"Compile Driver+1","floor":21}],"player_experience":377585,"relics_obtained":[{"floor":8,"key":"Bottled Lightning"},{"floor":9,"key":"Blood Vial"}],"event_choices":[{"damage_healed":0,"gold_gain":0,"player_choice":"Entered Light","damage_taken":14,"max_hp_gain":0,"max_hp_loss":0,"event_name":"Shining Light","floor":5,"gold_loss":0,"cards_upgraded":["Defend_B","Defend_B"]},{"damage_healed":0,"gold_gain":0,"player_choice":"Lose Max HP","damage_taken":0,"relics_obtained":["Golden Idol"],"max_hp_gain":0,"max_hp_loss":5,"event_name":"Golden Idol","floor":10,"gold_loss":0},{"damage_healed":15,"gold_gain":0,"player_choice":"Healed and dodged fight","damage_taken":0,"max_hp_gain":0,"max_hp_loss":0,"event_name":"Mushrooms","floor":14,"gold_loss":0,"cards_obtained":["Parasite"]}],"is_beta":false,"boss_relics":[{"not_picked":["Black Star","Astrolabe"],"picked":"Runic Dome"}],"items_purged_floors":[],"is_endless":false,"potions_floor_spawned":[8,12,16,21],"killed_by":"Centurion and Healer","ascension_level":1}