{"gold_per_floor":[115,131,147,34,44,44,73,73,143,175,175,189,189,202,202,297,297,314,326,144,144,156,190,190,190,190,190,225,238,238,251,251,354,354,374,249,259,276,290,290,317,337,337,364,375,375,178,88,88,88],"floor_reached":51,"playtime":2623,"items_purged":["Strike_R","Strike_R","Strike_R"],"score":859,"play_id":"2af93163-ea32-4f1a-a801-c97f3294dbfc","local_time":"20180904125607","is_ascension_mode":false,"campfire_choices":[{"data":"Bash","floor":6.0,"key":"SMITH"},{"data":"Metallicize","floor":11.0,"key":"SMITH"},{"data":"Disarm","floor":15.0,"key":"SMITH"},{"data":"Inflame","floor":24.0,"key":"SMITH"},{"floor":27.0,"key":"REST"},{"data":"Spot Weakness","floor":30.0,"key":"SMITH"},{"data":"Heavy Blade","floor":32.0,"key":"SMITH"},{"data":"Bludgeon","floor":40,"key":"SMITH"},{"data":"Shrug It Off","floor":46,"key":"SMITH"},{"data":"Defend_R","floor":49,"key":"SMITH"}],"neow_cost":"NONE","seed_source_timestamp":0,"circlet_count":0,"master_deck":["Defend_R+1","Defend_R","Defend_R","Bash+1","Heavy Blade+1","Metallicize+1","Fire Breathing+1","Disarm+1","Clash","Barricade","Reaper","Shrug It Off+1","Inflame+1","Spot Weakness+1","Bludgeon+1","Entrench","Clothesline+1","Blood for Blood+1","Reaper","Uppercut+1","Disarm+1"],"special_seed":0,"relics":["Burning Blood","Champion Belt","Ornamental Fan","Bronze Scales","Snecko Eye","Happy Flower","Lantern","Dream Catcher","Boot","Velvet Choker","Potion Belt","Singing Bowl","Dodecahedron","DollysMirror"],"potions_floor_usage":[38,50],"damage_taken":[{"damage":9.0,"enemies":"Jaw Worm","floor":1.0,"turns":4.0},{"damage":4.0,"enemies":"2 Louse","floor":2.0,"turns":4.0},{"damage":1.0,"enemies":"Cultist","floor":3.0,"turns":4.0},{"damage":9.0,"enemies":"Looter","floor":5.0,"turns":4.0},{"damage":25.0,"enemies":"Gremlin Nob","floor":7.0,"turns":5.0},{"damage":10.0,"enemies":"Lagavulin","floor":10.0,"turns":6.0},{"damage":2.0,"enemies":"3 Louse","floor":12.0,"turns":5.0},{"damage":4.0,"enemies":"Exordium Wildlife","floor":14.0,"turns":4.0},{"damage":26.0,"enemies":"The Guardian","floor":16.0,"turns":14.0},{"damage":2.0,"enemies":"Shell Parasite","floor":18.0,"turns":7.0},{"damage":1.0,"enemies":"Chosen","floor":19.0,"turns":7.0},{"damage":50.0,"enemies":"3 Cultists","floor":22.0,"turns":7.0},{"damage":17.0,"enemies":"Book of Stabbing","floor":23.0,"turns":6.0},{"damage":41.0,"enemies":"Slavers","floor":28.0,"turns":8.0},{"damage":2.0,"enemies":"Snake Plant","floor":29.0,"turns":8.0},{"damage":4.0,"enemies":"Chosen and Byrds","floor":31.0,"turns":7.0},{"damage":8.0,"enemies":"Automaton","floor":33.0,"turns":9.0},{"damage":0,"enemies":"3 Darklings","floor":35,"turns":6},{"damage":0,"enemies":"3 Shapes","floor":37,"turns":5},{"damage":5,"enemies":"Reptomancer","floor":38,"turns":6},{"damage":7,"enemies":"4 Shapes","floor":39,"turns":6},{"damage":0,"enemies":"Giant Head","floor":41,"turns":6},{"damage":9,"enemies":"Sphere and 2 Shapes","floor":42,"turns":4},{"damage":19,"enemies":"2 Orb Walkers","floor":44,"turns":4},{"damage":0,"enemies":"Maw","floor":45,"turns":5},{"damage":0,"enemies":"Time Eater","floor":50,"turns":9}],"seed_played":"1350136298688001672","potions_obtained":[{"floor":3.0,"key":"Energy Potion"},{"floor":5.0,"key":"Dexterity Potion"},{"floor":7.0,"key":"PowerPotion"},{"floor":10.0,"key":"Poison Potion"},{"floor":14.0,"key":"Swift Potion"},{"floor":19.0,"key":"LiquidBronze"},{"floor":28.0,"key":"SpeedPotion"},{"floor":29.0,"key":"Fire Potion"},{"floor":33.0,"key":"SteroidPotion"},{"floor":39,"key":"Regen Potion"},{"floor":41,"key":"SkillPotion"},{"floor":44,"key":"SpeedPotion"},{"floor":45,"key":"Fire Potion"}],"is_trial":false,"path_per_floor":["M","M","M","$","M","R","E","?","T","E","R","M","?","M","R","B",null,"M","M","$","?","M","E","R","T","T","R","E","M","R","M","R","B",null,"M","$","M","M","M","R","E","M","T","E","M","R","$","?","R","B"],"character_chosen":"IRONCLAD","items_purchased":["Fire Breathing","Inflame","DollysMirror"],"campfire_rested":1,"item_purchase_floors":[4,20,47],"current_hp_per_floor":[77,79,80,80,77,77,58,58,58,54,54,58,58,60,60,40,80,80,80,80,65,39,32,32,32,32,57,32,45,45,55,55,76,85,85,85,85,85,84,84,85,82,82,81,87,87,87,87,87,87],"gold":88,"neow_bonus":"REMOVE_CARD","is_prod":false,"is_daily":false,"chose_seed":false,"campfire_upgraded":9,"win_rate":0,"timestamp":1536090967,"path_taken":["M","M","M","$","M","R","E","?","T","E","R","?","?","?","R","BOSS","M","M","$","?","?","E","R","?","T","R","E","M","R","M","R","BOSS","M","$","M","M","M","R","E","M","T","E","M","R","$","?","R","BOSS"],"build_version":"2018-08-30","purchased_purges":3,"victory":true,"max_hp_per_floor":[80,80,80,80,80,80,80,80,80,80,80,80,80,80,80,80,80,80,80,80,85,85,85,85,85,85,85,85,85,85,85,85,85,85,85,85,85,85,85,85,85,85,85,85,87,87,87,87,87,87],"card_choices":[{"not_picked":["Entrench","Thunderclap"],"picked":"Heavy Blade","floor":1.0},{"not_picked":["Flex","Armaments"],"picked":"Metallicize","floor":2.0},{"not_picked":["Wild Strike","Corruption","Carnage"],"picked":"SKIP","floor":3.0},{"not_picked":["Thunderclap","Wild Strike","Blood for Blood"],"picked":"SKIP","floor":5.0},{"not_picked":["Headbutt","Clothesline","Bloodletting"],"picked":"SKIP","floor":7.0},{"not_picked":["True Grit","Iron Wave"],"picked":"Disarm","floor":10.0},{"not_picked":["Thunderclap","Twin Strike"],"picked":"Clash","floor":12.0},{"not_picked":["Sever Soul","Armaments"],"picked":"Barricade","floor":14.0},{"not_picked":["Bludgeon","Fiend Fire"],"picked":"Reaper","floor":16.0},{"not_picked":["Havoc+1","Warcry","Wild Strike"],"picked":"SKIP","floor":18.0},{"not_picked":["Twin Strike","Fire Breathing"],"picked":"Shrug It Off","floor":19.0},{"not_picked":["Shrug It Off","Wild Strike","Flex"],"picked":"SKIP","floor":22.0},{"not_picked":["Seeing Red","Clash","Rampage"],"picked":"SKIP","floor":23.0},{"not_picked":["Pummel+1","Armaments"],"picked":"Spot Weakness","floor":28.0},{"not_picked":["Iron Wave+1","Battle Trance+1","Twin Strike"],"picked":"SKIP","floor":29.0},{"not_picked":["Thunderclap","Fire Breathing","Inflame"],"picked":"SKIP","floor":31.0},{"not_picked":["Berserk","Dark Embrace"],"picked":"Bludgeon","floor":33.0},{"not_picked":["Anger+1","Pommel Strike+1","Headbutt+1"],"picked":"SKIP","floor":35},{"not_picked":["Reckless Charge+1","Clash"],"picked":"Entrench","floor":37},{"not_picked":["True Grit","Fire Breathing+1"],"picked":"Clothesline+1","floor":38},{"not_picked":["Armaments+1","Thunderclap+1"],"picked":"Blood for Blood+1","floor":39},{"not_picked":["Feel No Pain+1","Sentinel+1"],"picked":"Reaper","floor":41},{"not_picked":["Cleave","Pummel+1","Feel No Pain"],"picked":"SKIP","floor":42},{"not_picked":["Twin Strike+1","Warcry"],"picked":"Uppercut+1","floor":44},{"not_picked":["Sword Boomerang+1","Anger","Clash"],"picked":"Singing Bowl","floor":45}],"player_experience":170411,"relics_obtained":[{"floor":7.0,"key":"Champion Belt"},{"floor":9.0,"key":"Ornamental Fan"},{"floor":10.0,"key":"Bronze Scales"},{"floor":23.0,"key":"Happy Flower"},{"floor":25.0,"key":"Lantern"},{"floor":26.0,"key":"Dream Catcher"},{"floor":28.0,"key":"Boot"},{"floor":41,"key":"Potion Belt"},{"floor":43,"key":"Singing Bowl"},{"floor":44,"key":"Dodecahedron"}],"event_choices":[{"event_name":"Liars Game","player_choice":"disagreed","floor":8.0,"damage_taken":0.0},{"event_name":"Living Wall","player_choice":"Forget","floor":13.0,"damage_taken":0.0},{"event_name":"Forgotten Altar","player_choice":"Shed Blood","floor":21.0,"damage_taken":0.0},{"event_name":"Designer","player_choice":"Full Service","floor":48,"damage_taken":0}],"is_beta":false,"boss_relics":[{"not_picked":["Philosopher\u0027s Stone","Mark of Pain"],"picked":"Snecko Eye"},{"not_picked":["Astrolabe","Eternal Feather"],"picked":"Velvet Choker"}],"items_purged_floors":[4,20,36],"is_endless":false,"potions_floor_spawned":[3,5,7,10,14,19,22,28,29,33,39,41,44,45],"ascension_level":0}