{"gold_per_floor":[118,138,138,213,225,240,275,275,328,328,328,359,359,379,379,379],"floor_reached":16,"playtime":512,"items_purged":[],"score":201,"play_id":"d15a6f71-5d41-4aac-b242-b65bbbad742d","local_time":"20190423215507","is_ascension_mode":true,"campfire_choices":[{"floor":11,"key":"REST"},{"floor":13,"key":"REST"},{"data":"Cloak And Dagger","floor":15,"key":"SMITH"}],"neow_cost":"PERCENT_DAMAGE","seed_source_timestamp":902440595404801,"circlet_count":0,"master_deck":["AscendersBane","Defend_G","Defend_G","Defend_G","Defend_G","Defend_G","Strike_G+1","Strike_G","Strike_G+1","Strike_G","Strike_G","Survivor","Neutralize+1","Dagger Spray","Cloak And Dagger+1","Dagger Throw","Cloak And Dagger","Dash","Flying Knee"],"relics":["Ring of the Snake","Mummified Hand","Whetstone","Dream Catcher"],"potions_floor_usage":[7,7,7,16],"damage_taken":[{"damage":16,"enemies":"Cultist","floor":1,"turns":7},{"damage":3,"enemies":"Jaw Worm","floor":2,"turns":4},{"damage":0,"enemies":"2 Louse","floor":5,"turns":3},{"damage":0,"enemies":"2 Fungi Beasts","floor":6,"turns":3},{"damage":31,"enemies":"Gremlin Nob","floor":7,"turns":4},{"damage":26,"enemies":"Lagavulin","floor":12,"turns":8},{"damage":6,"enemies":"3 Louse","floor":14,"turns":2},{"damage":32,"enemies":"Slime Boss","floor":16,"turns":6}],"seed_played":"7667450720118396859","potions_obtained":[{"floor":2,"key":"EntropicBrew"},{"floor":14,"key":"Explosive Potion"}],"is_trial":false,"path_per_floor":["M","M","?","?","M","M","E","?","T","?","R","E","R","M","R","B"],"character_chosen":"THE_SILENT","items_purchased":[],"campfire_rested":2,"item_purchase_floors":[],"current_hp_per_floor":[43,40,45,34,34,34,3,3,3,3,29,3,29,23,23,0],"gold":379,"neow_bonus":"TWENTY_PERCENT_HP_BONUS","is_prod":false,"is_daily":false,"chose_seed":false,"campfire_upgraded":1,"win_rate":0,"timestamp":1556081707,"path_taken":["M","M","?","?","M","M","E","?","T","?","R","E","R","M","R","BOSS"],"build_version":"2019-01-23","purchased_purges":0,"victory":false,"max_hp_per_floor":[84,84,89,89,89,89,89,89,89,89,89,89,89,89,89,89],"card_choices":[{"not_picked":["Dodge and Roll","Bane"],"picked":"Dagger Spray","floor":1},{"not_picked":["Dagger Spray","Slice"],"picked":"Cloak And Dagger","floor":2},{"not_picked":["Eviscerate","Dagger Spray"],"picked":"Dagger Throw","floor":5},{"not_picked":["Sucker Punch","Underhanded Strike","Bane"],"picked":"SKIP","floor":6},{"not_picked":["Grand Finale","PiercingWail"],"picked":"Cloak And Dagger","floor":7},{"not_picked":["Distraction","Sucker Punch","Outmaneuver"],"picked":"SKIP","floor":12},{"not_picked":["Poisoned Stab","PiercingWail"],"picked":"Dash","floor":13},{"not_picked":["Skewer","Crippling Poison"],"picked":"Flying Knee","floor":14}],"player_experience":293817,"relics_obtained":[{"floor":7,"key":"Mummified Hand"},{"floor":9,"key":"Whetstone"},{"floor":12,"key":"Dream Catcher"}],"event_choices":[{"damage_healed":0,"gold_gain":0,"player_choice":"Donut","damage_taken":0,"max_hp_gain":5,"max_hp_loss":0,"event_name":"Big Fish","floor":3,"gold_loss":0},{"damage_healed":0,"gold_gain":75,"player_choice":"Gather Gold","damage_taken":11,"max_hp_gain":0,"max_hp_loss":0,"event_name":"World of Goop","floor":4,"gold_loss":0},{"damage_healed":0,"gold_gain":0,"player_choice":"Grow","damage_taken":0,"max_hp_gain":0,"max_hp_loss":0,"event_name":"Living Wall","floor":8,"gold_loss":0,"cards_upgraded":["Neutralize"]},{"damage_healed":0,"gold_gain":0,"player_choice":"Fled","damage_taken":0,"max_hp_gain":0,"max_hp_loss":0,"event_name":"Scrap Ooze","floor":10,"gold_loss":0}],"is_beta":false,"boss_relics":[],"items_purged_floors":[],"is_endless":false,"potions_floor_spawned":[2,14],"killed_by":"Slime Boss","ascension_level":12}