{"gold_per_floor":[109,109,128,53,71,71,98,110,134,165,109,109,119,119,119,119],"floor_reached":16,"playtime":677,"items_purged":["Strike_R"],"score":204,"play_id":"f4dc4527-e5e3-4c80-a3fa-c3da9e51e711","local_time":"20190501151759","is_ascension_mode":true,"campfire_choices":[{"data":"Carnage","floor":6,"key":"SMITH"},{"floor":12,"key":"REST"},{"data":"Flame Barrier","floor":15,"key":"SMITH"}],"neow_cost":"NONE","seed_source_timestamp":48164789545118,"circlet_count":0,"master_deck":["AscendersBane","Strike_R","Strike_R","Strike_R","Defend_R","Defend_R","Defend_R","Defend_R","Bash+1","Combust","Armaments","Carnage+1","Corruption","Shrug It Off","Evolve","Shrug It Off","Flame Barrier+1","Spot Weakness"],"relics":["Burning Blood","Anchor","Regal Pillow","Bag of Preparation"],"potions_floor_usage":[10,16],"damage_taken":[{"damage":9,"enemies":"2 Louse","floor":1,"turns":4},{"damage":3,"enemies":"Cultist","floor":3,"turns":3},{"damage":13,"enemies":"Small Slimes","floor":5,"turns":4},{"damage":18,"enemies":"3 Sentries","floor":7,"turns":6},{"damage":12,"enemies":"Gremlin Gang","floor":8,"turns":4},{"damage":32,"enemies":"Lagavulin","floor":10,"turns":5},{"damage":21,"enemies":"Exordium Wildlife","floor":13,"turns":5},{"damage":57,"enemies":"Slime Boss","floor":16,"turns":8}],"seed_played":"-8953625607537848758","potions_obtained":[{"floor":3,"key":"Ancient Potion"},{"floor":7,"key":"BloodPotion"},{"floor":10,"key":"SkillPotion"}],"is_trial":false,"path_per_floor":["M","?","M","$","M","R","E","M","T","E","$","R","M","?","R","B"],"character_chosen":"IRONCLAD","items_purchased":["Shrug It Off"],"campfire_rested":1,"item_purchase_floors":[11],"current_hp_per_floor":[72,72,75,75,68,68,56,50,50,32,32,71,56,56,56,0],"gold":119,"neow_bonus":"TEN_PERCENT_HP_BONUS","is_prod":false,"is_daily":false,"chose_seed":false,"campfire_upgraded":2,"win_rate":0,"timestamp":1556749079,"path_taken":["M","?","M","$","M","R","E","M","T","E","?","R","M","?","R","BOSS"],"build_version":"2019-01-23","purchased_purges":1,"victory":false,"max_hp_per_floor":[82,82,82,82,82,82,82,82,82,82,82,82,82,82,82,82],"card_choices":[{"not_picked":["Shrug It Off","Armaments"],"picked":"Combust","floor":1},{"not_picked":["Sever Soul","Flex"],"picked":"Armaments","floor":3},{"not_picked":["Dropkick","Thunderclap"],"picked":"Carnage","floor":5},{"not_picked":["Flex","Perfected Strike"],"picked":"Corruption","floor":7},{"not_picked":["Searing Blow","Anger"],"picked":"Shrug It Off","floor":8},{"not_picked":["True Grit","Intimidate"],"picked":"Evolve","floor":10},{"not_picked":["Sever Soul","Sword Boomerang"],"picked":"Flame Barrier","floor":13}],"player_experience":524713,"relics_obtained":[{"floor":7,"key":"Anchor"},{"floor":9,"key":"Regal Pillow"},{"floor":10,"key":"Bag of Preparation"}],"event_choices":[{"damage_healed":0,"gold_gain":0,"player_choice":"Upgraded","damage_taken":0,"max_hp_gain":0,"max_hp_loss":0,"event_name":"Upgrade Shrine","floor":2,"gold_loss":0,"cards_upgraded":["Bash"]},{"damage_healed":0,"gold_gain":0,"cards_transformed":["Strike_R"],"player_choice":"Transformed","damage_taken":0,"max_hp_gain":0,"max_hp_loss":0,"event_name":"Transmorgrifier","floor":14,"gold_loss":0,"cards_obtained":["Spot Weakness"]}],"is_beta":false,"boss_relics":[],"items_purged_floors":[4],"is_endless":false,"potions_floor_spawned":[3,7,10,13],"killed_by":"Slime Boss","ascension_level":17}