{"gold_per_floor":[117,117,267,267,15,30,30,63,63,86,98,122,163,1,1,1],"floor_reached":16,"playtime":450,"items_purged":[],"score":176,"play_id":"2a0f0278-75e1-4f7f-9d7a-1859faa8d16a","local_time":"20190422134910","is_ascension_mode":true,"campfire_choices":[{"floor":7,"key":"REST"},{"floor":11,"key":"REST"},{"floor":15,"key":"REST"}],"neow_cost":"NONE","seed_source_timestamp":107452343849321,"circlet_count":0,"master_deck":["AscendersBane","Strike_R","Strike_R","Strike_R","Strike_R","Strike_R+1","Defend_R","Defend_R","Defend_R","Defend_R","Bash","Cleave+1","Doubt","Carnage","Shockwave","Inflame","True Grit","Infernal Blade","Headbutt","Immolate"],"relics":["Burning Blood","Juzu Bracelet","Chemical X","Oddly Smooth Stone","MawBank","Odd Mushroom"],"potions_floor_usage":[10],"damage_taken":[{"damage":15,"enemies":"2 Louse","floor":1,"turns":4},{"damage":0,"enemies":"Small Slimes","floor":6,"turns":3},{"damage":42,"enemies":"3 Sentries","floor":8,"turns":8},{"damage":9,"enemies":"Jaw Worm","floor":10,"turns":3},{"damage":16,"enemies":"Exordium Wildlife","floor":12,"turns":4},{"damage":23,"enemies":"The Mushroom Lair","floor":13,"turns":5},{"damage":43,"enemies":"The Guardian","floor":16,"turns":9}],"seed_played":"3504930252549636199","potions_obtained":[{"floor":6,"key":"Weak Potion"}],"is_trial":false,"path_per_floor":["M","?","?","?","$","M","R","E","T","M","R","M","?","$","R","B"],"character_chosen":"IRONCLAD","items_purchased":["Chemical X","Carnage","Immolate"],"campfire_rested":3,"item_purchase_floors":[5,5,14],"current_hp_per_floor":[66,55,55,30,30,36,60,24,24,21,45,35,18,18,42,0],"gold":1,"neow_bonus":"TEN_PERCENT_HP_BONUS","is_prod":false,"is_daily":false,"chose_seed":false,"campfire_upgraded":0,"win_rate":0,"timestamp":1555966150,"path_taken":["M","?","?","?","$","M","R","E","T","M","R","M","?","?","R","BOSS"],"build_version":"2019-01-23","purchased_purges":0,"victory":false,"max_hp_per_floor":[82,82,82,82,82,82,82,82,82,82,82,82,82,82,82,82],"card_choices":[{"not_picked":["Warcry","Shrug It Off"],"picked":"Cleave","floor":1},{"not_picked":["Thunderclap","Clothesline"],"picked":"Shockwave","floor":6},{"not_picked":["Shrug It Off","Clash"],"picked":"Inflame","floor":8},{"not_picked":["Warcry","Anger"],"picked":"True Grit","floor":10},{"not_picked":["Clothesline","Sword Boomerang"],"picked":"Infernal Blade","floor":12},{"not_picked":["True Grit","Pommel Strike"],"picked":"Headbutt","floor":13}],"player_experience":465654,"relics_obtained":[{"floor":8,"key":"Oddly Smooth Stone"},{"floor":9,"key":"MawBank"},{"floor":13,"key":"Odd Mushroom"}],"event_choices":[{"damage_healed":0,"gold_gain":0,"player_choice":"Success","damage_taken":11,"relics_obtained":["Juzu Bracelet"],"max_hp_gain":0,"max_hp_loss":0,"event_name":"Scrap Ooze","floor":2,"gold_loss":0},{"damage_healed":0,"gold_gain":150,"player_choice":"AGREE","damage_taken":0,"max_hp_gain":0,"max_hp_loss":0,"event_name":"Liars Game","floor":3,"gold_loss":0,"cards_obtained":["Doubt"]},{"damage_healed":0,"gold_gain":0,"player_choice":"Entered Light","damage_taken":25,"max_hp_gain":0,"max_hp_loss":0,"event_name":"Shining Light","floor":4,"gold_loss":0,"cards_upgraded":["Strike_R","Cleave"]},{"damage_healed":0,"gold_gain":0,"player_choice":"Fought Mushrooms","damage_taken":0,"max_hp_gain":0,"max_hp_loss":0,"event_name":"Mushrooms","floor":13,"gold_loss":0}],"is_beta":false,"boss_relics":[],"items_purged_floors":[],"is_endless":false,"potions_floor_spawned":[6],"killed_by":"The Guardian","ascension_level":16}