{"gold_per_floor":[16,16,36,53,2,2,13,41,41,74,14,89,89,109,109,204,204,220,135,135,147,147,147,181,181,181,181,181,32,32],"floor_reached":30,"playtime":2932,"items_purged":["Strike_B"],"score":292,"play_id":"348a7ae8-c202-4c46-af6d-8e6e384d8ddf","local_time":"20190313185316","is_ascension_mode":true,"campfire_choices":[{"data":"Dualcast","floor":6,"key":"SMITH"},{"data":"Genetic Algorithm","floor":13,"key":"SMITH"},{"floor":15,"key":"REST"},{"floor":23,"key":"REST"},{"floor":25,"key":"REST"},{"floor":27,"key":"REST"}],"neow_cost":"NO_GOLD","seed_source_timestamp":3692136657272,"circlet_count":0,"master_deck":["Strike_B","Strike_B","Strike_B","Defend_B","Defend_B","Defend_B","Defend_B","Zap+1","Dualcast+1","Dramatic Entrance+1","Dramatic Entrance","Go for the Eyes","Steam","Barrage","Leap","Conserve Battery","Genetic Algorithm+1","Echo Form","Fission","Capacitor","J.A.X.","Capacitor","Self Repair","Defragment"],"relics":["Cracked Core","Cables","Symbiotic Virus","The Courier","Cursed Key","Omamori","PreservedInsect","Ornamental Fan"],"potions_floor_usage":[8,10,24,30,30],"damage_taken":[{"damage":0,"enemies":"2 Louse","floor":1,"turns":1},{"damage":9,"enemies":"Jaw Worm","floor":3,"turns":2},{"damage":0,"enemies":"Small Slimes","floor":4,"turns":1},{"damage":0,"enemies":"2 Fungi Beasts","floor":7,"turns":2},{"damage":13,"enemies":"3 Sentries","floor":8,"turns":6},{"damage":19,"enemies":"Lagavulin","floor":10,"turns":5},{"damage":0,"enemies":"Lots of Slimes","floor":14,"turns":1},{"damage":23,"enemies":"Slime Boss","floor":16,"turns":5},{"damage":18,"enemies":"3 Byrds","floor":18,"turns":5},{"damage":32,"enemies":"Spheric Guardian","floor":21,"turns":6},{"damage":32,"enemies":"Gremlin Leader","floor":24,"turns":7},{"damage":48,"enemies":"Shelled Parasite and Fungi","floor":30,"turns":4}],"seed_played":"-7834933364111743489","potions_obtained":[{"floor":3,"key":"Regen Potion"},{"floor":4,"key":"Dexterity Potion"},{"floor":16,"key":"Poison Potion"},{"floor":18,"key":"AttackPotion"}],"is_trial":false,"path_per_floor":["?","?","?","?","?","?","M"],"character_chosen":"DEFECT","items_purchased":["Leap","Capacitor","Self Repair","Defragment"],"campfire_rested":4,"item_purchase_floors":[5,29,29,29],"current_hp_per_floor":[75,60,51,51,51,51,51,53,53,34,34,23,23,23,45,22,75,57,57,57,25,25,47,15,37,37,59,45,45,0],"gold":32,"neow_bonus":"RANDOM_COLORLESS_2","is_prod":false,"is_daily":false,"chose_seed":false,"campfire_upgraded":2,"win_rate":0,"timestamp":1552524796,"path_taken":["M","?","M","M","$","R","M","E","T","E","$","?","R","M","R","BOSS","M","?","?","M","?","R","E","R","T","R","?","$","?"],"build_version":"2019-01-23","purchased_purges":1,"victory":false,"max_hp_per_floor":[75,75,75,75,75,75,75,75,75,75,75,75,75,75,75,75,75,75,75,75,75,75,75,75,75,75,75,75,75,75],"card_choices":[{"not_picked":["Steam","Scrape"],"picked":"Go for the Eyes","floor":1},{"not_picked":["Sweeping Beam","Double Energy"],"picked":"Steam","floor":3},{"not_picked":["Beam Cell","Turbo"],"picked":"Barrage","floor":4},{"not_picked":["Streamline","Reprogram"],"picked":"Conserve Battery","floor":7},{"not_picked":["Leap","Beam Cell"],"picked":"Genetic Algorithm","floor":8},{"not_picked":["Beam Cell","Rebound"],"picked":"Echo Form","floor":10},{"not_picked":["Skim","Sweeping Beam","Blizzard"],"picked":"SKIP","floor":14},{"not_picked":["All For One","Meteor Strike"],"picked":"Fission","floor":16},{"not_picked":["Compile Driver","Rebound"],"picked":"Capacitor","floor":18},{"not_picked":["Melter","Turbo","Undo+1"],"picked":"SKIP","floor":21},{"not_picked":["Force Field","Hyperbeam","Go for the Eyes"],"picked":"SKIP","floor":24}],"player_experience":216411,"relics_obtained":[{"floor":8,"key":"Cables"},{"floor":9,"key":"Symbiotic Virus"},{"floor":10,"key":"The Courier"},{"floor":24,"key":"PreservedInsect"},{"floor":26,"key":"Ornamental Fan"}],"event_choices":[{"damage_healed":0,"gold_gain":0,"player_choice":"Entered Light","damage_taken":15,"max_hp_gain":0,"max_hp_loss":0,"event_name":"Shining Light","floor":2,"gold_loss":0,"cards_upgraded":["Zap","Dramatic Entrance"]},{"damage_healed":0,"gold_gain":75,"player_choice":"Gather Gold","damage_taken":11,"max_hp_gain":0,"max_hp_loss":0,"event_name":"World of Goop","floor":12,"gold_loss":0},{"damage_healed":0,"gold_gain":0,"player_choice":"Obtained Relic","damage_taken":0,"relics_obtained":["Omamori"],"max_hp_gain":0,"max_hp_loss":0,"event_name":"Addict","floor":19,"gold_loss":85},{"damage_healed":0,"gold_gain":0,"player_choice":"Ignored","damage_taken":0,"max_hp_gain":0,"max_hp_loss":0,"event_name":"Vampires","floor":20,"gold_loss":0},{"damage_healed":0,"gold_gain":0,"player_choice":"Obtain J.A.X.","damage_taken":0,"max_hp_gain":0,"max_hp_loss":0,"event_name":"Drug Dealer","floor":22,"gold_loss":0,"cards_obtained":["J.A.X."]},{"damage_healed":0,"gold_gain":0,"player_choice":"POTION ","damage_taken":14,"max_hp_gain":0,"max_hp_loss":0,"event_name":"Knowing Skull","floor":28,"potions_obtained":["LiquidBronze"],"gold_loss":0,"cards_obtained":[]}],"is_beta":false,"boss_relics":[{"not_picked":["Runic Dome","Ectoplasm"],"picked":"Cursed Key"}],"items_purged_floors":[11],"is_endless":false,"potions_floor_spawned":[3,4,16,18],"killed_by":"Shelled Parasite and Fungi","ascension_level":3}