{"gold_per_floor":[113,113,133,144,144,144,176,195,219,219,233,248,277,293,293,397,397,417,417,253,253,240,240,274,291,291,291,325,34,34,46,46,46],"floor_reached":33,"playtime":1489,"items_purged":["Strike_R"],"score":370,"play_id":"f32749d2-72b6-4711-806c-a18e589f0ca2","local_time":"20190319123736","is_ascension_mode":true,"campfire_choices":[{"floor":6,"key":"REST"},{"data":"Rampage","floor":10,"key":"SMITH"},{"data":"Heavy Blade","floor":15,"key":"SMITH"},{"floor":23,"key":"REST"},{"floor":27,"key":"REST"},{"floor":32,"key":"REST"}],"neow_cost":"NONE","seed_source_timestamp":34588799554719,"circlet_count":0,"master_deck":["Strike_R","Strike_R","Defend_R","Defend_R","Defend_R","Defend_R","Bash+1","Heavy Blade+1","Corruption","Clothesline","Rampage+1","Pommel Strike","Spot Weakness","Shrug It Off","Carnage","Shrug It Off","Limit Break","Shrug It Off","Flex","Inflame","Inflame","Disarm","Jack Of All Trades","Impervious+1","Flame Barrier","Inflame+1","Armaments+1","Dark Embrace","J.A.X.","Spot Weakness","Sentinel"],"relics":["Burning Blood","Oddly Smooth Stone","Mercury Hourglass","Ancient Tea Set","Sundial","Orrery","Dream Catcher","Vajra","Pen Nib","War Paint"],"potions_floor_usage":[24,24,24,33,33],"damage_taken":[{"damage":15,"enemies":"2 Louse","floor":1,"turns":3},{"damage":9,"enemies":"Jaw Worm","floor":3,"turns":3},{"damage":11,"enemies":"Cultist","floor":4,"turns":4},{"damage":34,"enemies":"Gremlin Nob","floor":7,"turns":5},{"damage":0,"enemies":"Exordium Wildlife","floor":8,"turns":3},{"damage":0,"enemies":"Large Slime","floor":11,"turns":4},{"damage":8,"enemies":"Blue Slaver","floor":12,"turns":3},{"damage":14,"enemies":"3 Sentries","floor":13,"turns":5},{"damage":8,"enemies":"Looter","floor":14,"turns":2},{"damage":49,"enemies":"The Guardian","floor":16,"turns":9},{"damage":10,"enemies":"Spheric Guardian","floor":18,"turns":4},{"damage":14,"enemies":"2 Thieves","floor":22,"turns":4},{"damage":45,"enemies":"Gremlin Leader","floor":24,"turns":6},{"damage":15,"enemies":"Snecko","floor":25,"turns":4},{"damage":29,"enemies":"Book of Stabbing","floor":28,"turns":4},{"damage":24,"enemies":"Snake Plant","floor":31,"turns":4},{"damage":76,"enemies":"Collector","floor":33,"turns":5}],"seed_played":"-6982605579147604488","potions_obtained":[{"floor":1,"key":"Swift Potion"},{"floor":11,"key":"Block Potion"},{"floor":13,"key":"SteroidPotion"},{"floor":16,"key":"BloodPotion"},{"floor":25,"key":"Explosive Potion"},{"floor":28,"key":"LiquidBronze"}],"is_trial":false,"path_per_floor":["M","?","M","M","T","R","E","M","T","R","M","M","E","M","R","B",null,"M","?","$","?","M","R","E","M","T","R","E","$","?","M","R","B"],"character_chosen":"IRONCLAD","items_purchased":["Jack Of All Trades","Dark Embrace","War Paint"],"campfire_rested":4,"item_purchase_floors":[20,29,29],"current_hp_per_floor":[71,64,61,56,56,80,52,58,58,58,64,62,54,52,52,9,80,76,61,61,61,53,78,47,38,38,63,40,40,40,22,47,0],"gold":46,"neow_bonus":"UPGRADE_CARD","is_prod":false,"is_daily":false,"chose_seed":false,"campfire_upgraded":2,"win_rate":0,"timestamp":1553020656,"path_taken":["M","?","M","M","?","R","E","M","T","R","M","M","E","?","R","BOSS","M","?","$","?","M","R","E","M","T","R","E","$","?","M","R","BOSS"],"build_version":"2019-01-23","purchased_purges":1,"victory":false,"max_hp_per_floor":[80,80,80,80,80,80,80,80,80,80,80,80,80,80,80,80,80,80,85,85,85,85,85,85,85,85,85,85,85,85,85,85,85],"card_choices":[{"not_picked":["Cleave","Warcry"],"picked":"Heavy Blade","floor":1},{"not_picked":["Burning Pact","Evolve"],"picked":"Corruption","floor":3},{"not_picked":["Cleave","Warcry"],"picked":"Clothesline","floor":4},{"not_picked":["Headbutt","Feel No Pain"],"picked":"Rampage","floor":7},{"not_picked":["Clash","Fire Breathing"],"picked":"Pommel Strike","floor":8},{"not_picked":["Clash","Warcry"],"picked":"Spot Weakness","floor":11},{"not_picked":["Rage","Seeing Red"],"picked":"Shrug It Off","floor":12},{"not_picked":["Twin Strike","Searing Blow"],"picked":"Carnage","floor":13},{"not_picked":["Blood for Blood","Wild Strike"],"picked":"Shrug It Off","floor":14},{"not_picked":["Immolate","Impervious"],"picked":"Limit Break","floor":16},{"not_picked":["Anger","Sword Boomerang"],"picked":"Shrug It Off","floor":17},{"not_picked":["Body Slam","Combust"],"picked":"Flex","floor":17},{"not_picked":["Pommel Strike","Clothesline"],"picked":"Inflame","floor":17},{"not_picked":["Cleave","Anger"],"picked":"Inflame","floor":17},{"not_picked":["Dropkick+1","Evolve+1"],"picked":"Disarm","floor":18},{"not_picked":["Twin Strike+1","Flex"],"picked":"Impervious","floor":22},{"not_picked":["Whirlwind","Heavy Blade"],"picked":"Flame Barrier","floor":24},{"not_picked":["Pommel Strike","Rupture+1","Anger"],"picked":"SKIP","floor":25},{"not_picked":["Perfected Strike+1","Havoc+1"],"picked":"Inflame+1","floor":27},{"not_picked":["Double Tap","Corruption"],"picked":"Armaments","floor":28},{"not_picked":["Cleave","Iron Wave"],"picked":"Spot Weakness","floor":31},{"not_picked":["True Grit","Anger"],"picked":"Sentinel","floor":32}],"player_experience":281716,"relics_obtained":[{"floor":5,"key":"Oddly Smooth Stone"},{"floor":7,"key":"Mercury Hourglass"},{"floor":9,"key":"Ancient Tea Set"},{"floor":13,"key":"Sundial"},{"floor":24,"key":"Dream Catcher"},{"floor":26,"key":"Vajra"},{"floor":28,"key":"Pen Nib"}],"event_choices":[{"cards_removed":["Strike_R"],"damage_healed":0,"gold_gain":0,"player_choice":"Card Removal","damage_taken":7,"max_hp_gain":0,"max_hp_loss":0,"event_name":"Golden Wing","floor":2,"gold_loss":0},{"damage_healed":0,"gold_gain":0,"player_choice":"Shed Blood","damage_taken":20,"max_hp_gain":5,"max_hp_loss":0,"event_name":"Forgotten Altar","floor":19,"gold_loss":0},{"cards_removed":["Strike_R"],"damage_healed":0,"gold_gain":0,"player_choice":"Elegance","damage_taken":0,"max_hp_gain":0,"max_hp_loss":0,"event_name":"Back to Basics","floor":21,"gold_loss":0},{"damage_healed":0,"gold_gain":0,"player_choice":"Obtain J.A.X.","damage_taken":0,"max_hp_gain":0,"max_hp_loss":0,"event_name":"Drug Dealer","floor":30,"gold_loss":0,"cards_obtained":["J.A.X."]}],"is_beta":false,"boss_relics":[{"not_picked":["Mark of Pain","Busted Crown"],"picked":"Orrery"}],"items_purged_floors":[20],"is_endless":false,"potions_floor_spawned":[1,11,13,16,22,25,28],"killed_by":"Collector","ascension_level":3}