{"gold_per_floor":[138,173,210,249,281,281,39,39,64,64,121,148,148,48,48,145,145,155,155,155,430,3,61,61,67,90,170,239,239,274,341,341,437,437,473,516,555,555,569,569,608,608,658,700,711,315,315,315,315,340],"floor_reached":51,"playtime":3600,"items_purged":["Strike_B","Strike_B","Regret","Strike_B"],"score":792,"play_id":"9b803cd7-a22c-4b10-bafb-e9efd1599196","local_time":"20190425210537","is_ascension_mode":true,"campfire_choices":[{"data":"HandOfGreed","floor":6,"key":"SMITH"},{"data":"Defragment","floor":8,"key":"SMITH"},{"floor":10,"key":"REST"},{"data":"Coolheaded","floor":13,"key":"SMITH"},{"floor":15,"key":"REST"},{"data":"Go for the Eyes","floor":24,"key":"SMITH"},{"floor":29,"key":"REST"},{"floor":32,"key":"REST"},{"data":"Creative AI","floor":40,"key":"SMITH"},{"floor":49,"key":"REST"}],"neow_cost":"PERCENT_DAMAGE","seed_source_timestamp":939860538790670,"circlet_count":0,"master_deck":["Strike_B+1","Defend_B+1","Defend_B+1","Defend_B+1","Defend_B+1","Zap+1","Dualcast+1","HandOfGreed+1","Dark Shackles+1","Defragment+1","Steam+1","Darkness+1","Rip and Tear+1","Core Surge+1","Go for the Eyes+1","Coolheaded+1","Rainbow+1","Redo+1","HandOfGreed+1","Ball Lightning+1","Coolheaded+1","Amplify+1","Hologram+1","Coolheaded+1","Creative AI+1","Glacier+1","Redo+1","Core Surge+1","Dramatic Entrance"],"relics":["FrozenCore","Regal Pillow","Art of War","Potion Belt","Anchor","Enchiridion","MutagenicStrength","DollysMirror","Boot","DataDisk","Mummified Hand","Smiling Mask","Black Star","Strawberry","Bronze Scales","Mark of the Bloom"],"potions_floor_usage":[5,16,23,30,30,50,50,50],"damage_taken":[{"damage":0,"enemies":"Cultist","floor":1,"turns":2},{"damage":6,"enemies":"Jaw Worm","floor":2,"turns":2},{"damage":1,"enemies":"Small Slimes","floor":3,"turns":2},{"damage":4,"enemies":"Blue Slaver","floor":4,"turns":5},{"damage":13,"enemies":"Gremlin Gang","floor":5,"turns":2},{"damage":19,"enemies":"Lagavulin","floor":11,"turns":6},{"damage":27,"enemies":"Hexaghost","floor":16,"turns":12},{"damage":0,"enemies":"Shell Parasite","floor":18,"turns":7},{"damage":15,"enemies":"Book of Stabbing","floor":23,"turns":6},{"damage":0,"enemies":"2 Thieves","floor":25,"turns":4},{"damage":16,"enemies":"Slavers","floor":27,"turns":7},{"damage":12,"enemies":"3 Cultists","floor":28,"turns":5},{"damage":13,"enemies":"Book of Stabbing","floor":30,"turns":6},{"damage":0,"enemies":"Shelled Parasite and Fungi","floor":31,"turns":5},{"damage":0,"enemies":"Collector","floor":33,"turns":6},{"damage":0,"enemies":"3 Shapes","floor":35,"turns":4},{"damage":0,"enemies":"Orb Walker","floor":36,"turns":4},{"damage":3,"enemies":"Writhing Mass","floor":37,"turns":7},{"damage":7,"enemies":"Transient","floor":39,"turns":5},{"damage":0,"enemies":"Sphere and 2 Shapes","floor":41,"turns":7},{"damage":0,"enemies":"Writhing Mass","floor":44,"turns":6},{"damage":0,"enemies":"Transient","floor":45,"turns":5},{"damage":4,"enemies":"Awakened One","floor":50,"turns":13}],"seed_played":"-2502030641463621094","potions_obtained":[{"floor":4,"key":"AttackPotion"},{"floor":5,"key":"Dexterity Potion"},{"floor":11,"key":"PowerPotion"},{"floor":18,"key":"Energy Potion"},{"floor":28,"key":"Dexterity Potion"},{"floor":31,"key":"Block Potion"},{"floor":36,"key":"PowerPotion"},{"floor":37,"key":"SteroidPotion"},{"floor":44,"key":"SpeedPotion"}],"is_trial":false,"path_per_floor":["M","M","M","M","M","R","$","R","T","R","E","T","R","$","R","B",null,"M","?","?","?","$","E","R","M","T","E","M","R","E","M","R","B",null,"M","M","M","?","M","R","M","?","T","M","M","$","?","?","R","B",null],"character_chosen":"DEFECT","items_purchased":["Regal Pillow","Go for the Eyes","DollysMirror","Ball Lightning","Coolheaded","Bronze Scales","Core Surge","Dexterity Potion"],"campfire_rested":5,"item_purchase_floors":[7,7,22,22,22,46,46,46],"current_hp_per_floor":[54,48,47,43,30,30,30,30,30,67,48,48,48,48,75,48,75,75,59,59,59,59,44,44,44,44,28,16,53,40,40,75,75,75,75,75,72,72,65,65,65,65,72,72,72,72,72,72,72,68],"gold":340,"neow_bonus":"RANDOM_COLORLESS_2","is_prod":false,"is_daily":false,"chose_seed":false,"campfire_upgraded":5,"win_rate":0,"timestamp":1556222737,"path_taken":["M","M","?","M","M","R","$","R","T","R","E","?","R","$","R","BOSS","M","?","?","?","$","E","R","?","T","E","M","R","E","M","R","BOSS","M","M","?","?","M","R","M","?","T","M","M","$","?","?","R","BOSS"],"build_version":"2019-01-23","purchased_purges":4,"victory":true,"max_hp_per_floor":[75,75,75,75,75,75,75,75,75,75,75,75,75,75,75,75,75,75,75,75,75,75,75,75,75,75,75,75,75,75,75,75,75,75,75,75,75,75,75,75,75,75,82,82,82,82,82,82,82,82],"card_choices":[{"not_picked":["Sunder","Double Energy"],"picked":"Defragment","floor":1},{"not_picked":["Turbo","Chaos"],"picked":"Steam","floor":2},{"not_picked":["Barrage","Gash"],"picked":"Darkness","floor":3},{"not_picked":["Melter","Double Energy"],"picked":"Rip and Tear","floor":4},{"not_picked":["Stack","Steam"],"picked":"Core Surge","floor":5},{"not_picked":["FTL","Undo"],"picked":"Coolheaded","floor":11},{"not_picked":["Meteor Strike","Fission"],"picked":"Rainbow","floor":16},{"not_picked":["Compile Driver","Ball Lightning"],"picked":"Redo+1","floor":18},{"not_picked":["Ball Lightning","Rebound","Turbo"],"picked":"SKIP","floor":23},{"not_picked":["Doom and Gloom","Stack","Go for the Eyes"],"picked":"SKIP","floor":25},{"not_picked":["Conserve Battery","Streamline"],"picked":"Amplify","floor":27},{"not_picked":["Coolheaded","Fusion"],"picked":"Hologram","floor":28},{"not_picked":["Hyperbeam","Sweeping Beam","Barrage+1"],"picked":"SKIP","floor":30},{"not_picked":["Streamline+1","Leap"],"picked":"Coolheaded","floor":31},{"not_picked":["All For One","Machine Learning"],"picked":"Creative AI","floor":33},{"not_picked":["Gash","Double Energy"],"picked":"Loop+1","floor":35},{"not_picked":["Heatsinks","Skim+1"],"picked":"Glacier+1","floor":36},{"not_picked":["Streamline+1","Storm+1","Hologram"],"picked":"SKIP","floor":37},{"not_picked":["Streamline+1","Beam Cell"],"picked":"Redo+1","floor":39},{"not_picked":["Undo+1","Beam Cell","Ball Lightning"],"picked":"SKIP","floor":41},{"not_picked":["Rebound+1","Go for the Eyes","Conserve Battery+1"],"picked":"SKIP","floor":44},{"not_picked":["Leap+1","Streamline+1","FTL"],"picked":"SKIP","floor":45},{"not_picked":["PanicButton","Magnetism"],"picked":"Dramatic Entrance","floor":48}],"player_experience":1846769,"relics_obtained":[{"floor":9,"key":"Art of War"},{"floor":11,"key":"Potion Belt"},{"floor":12,"key":"Anchor"},{"floor":19,"key":"Enchiridion"},{"floor":23,"key":"Boot"},{"floor":26,"key":"DataDisk"},{"floor":27,"key":"Mummified Hand"},{"floor":30,"key":"Smiling Mask"},{"floor":43,"key":"Strawberry"}],"event_choices":[{"damage_healed":0,"gold_gain":0,"player_choice":"Obtained Book","damage_taken":16,"max_hp_gain":0,"max_hp_loss":0,"event_name":"Cursed Tome","floor":19,"gold_loss":0},{"damage_healed":0,"gold_gain":0,"player_choice":"Inject Mutagens","damage_taken":0,"relics_obtained":["MutagenicStrength"],"max_hp_gain":0,"max_hp_loss":0,"event_name":"Drug Dealer","floor":20,"gold_loss":0},{"damage_healed":0,"gold_gain":275,"player_choice":"Desecrate","damage_taken":0,"max_hp_gain":0,"max_hp_loss":0,"event_name":"Golden Shrine","floor":21,"gold_loss":0,"cards_obtained":["Regret"]},{"cards_removed":["Loop"],"damage_healed":0,"gold_gain":0,"player_choice":"Removed Power","damage_taken":0,"max_hp_gain":0,"max_hp_loss":0,"event_name":"Falling","floor":38,"gold_loss":0},{"damage_healed":0,"gold_gain":0,"player_choice":"Ignored","damage_taken":0,"max_hp_gain":0,"max_hp_loss":0,"event_name":"Mysterious Sphere","floor":42,"gold_loss":0},{"damage_healed":0,"gold_gain":0,"player_choice":"Upgrade","damage_taken":0,"relics_obtained":["Mark of the Bloom"],"max_hp_gain":0,"max_hp_loss":0,"event_name":"MindBloom","floor":47,"gold_loss":0,"cards_upgraded":["Strike_B","Defend_B","Defend_B","Defend_B","Defend_B","Zap","Dualcast","Dark Shackles","Steam","Darkness","Rip and Tear","Core Surge","Rainbow","Ball Lightning","Coolheaded","Amplify","Hologram","Coolheaded","Core Surge"]},{"damage_healed":0,"gold_gain":0,"player_choice":"Memory 1","damage_taken":0,"max_hp_gain":0,"max_hp_loss":0,"event_name":"SensoryStone","floor":48,"gold_loss":0}],"is_beta":false,"boss_relics":[{"not_picked":["Ectoplasm","Runic Pyramid"],"picked":"FrozenCore"},{"not_picked":["Runic Dome","Tiny House"],"picked":"Black Star"}],"items_purged_floors":[7,14,22,46],"is_endless":false,"potions_floor_spawned":[4,5,11,18,28,31,36,37,44],"ascension_level":1}