{"gold_per_floor":[114,64,64,83,63,89,104,104,104,129,149,149,167,178,178,178],"floor_reached":16,"playtime":355,"items_purged":[],"score":226,"play_id":"1cac142a-e738-405a-aa04-966a5826c93e","local_time":"20190503134206","is_ascension_mode":true,"campfire_choices":[{"data":"Whirlwind","floor":8,"key":"SMITH"},{"data":"Armaments","floor":12,"key":"SMITH"},{"data":"Hemokinesis","floor":15,"key":"SMITH"}],"neow_cost":"NONE","seed_source_timestamp":308962201031500,"circlet_count":0,"master_deck":["AscendersBane","Strike_R","Strike_R","Strike_R","Strike_R","Defend_R","Defend_R","Defend_R","Defend_R","Bash","Carnage","Pain","Hemokinesis+1","Shrug It Off","Whirlwind+1","Exhume","Armaments+1"],"relics":["Burning Blood","NeowsBlessing","WarpedTongs","Letter Opener","Matryoshka","Ornamental Fan"],"potions_floor_usage":[16,16],"damage_taken":[{"damage":0,"enemies":"Jaw Worm","floor":1,"turns":1},{"damage":3,"enemies":"2 Louse","floor":4,"turns":2},{"damage":1,"enemies":"Gremlin Nob","floor":6,"turns":1},{"damage":2,"enemies":"Cultist","floor":7,"turns":2},{"damage":24,"enemies":"3 Sentries","floor":10,"turns":5},{"damage":8,"enemies":"3 Louse","floor":11,"turns":2},{"damage":0,"enemies":"Lots of Slimes","floor":13,"turns":1},{"damage":6,"enemies":"Red Slaver","floor":14,"turns":3},{"damage":66,"enemies":"Hexaghost","floor":16,"turns":10}],"seed_played":"-4788094307030854418","potions_obtained":[{"floor":4,"key":"Poison Potion"},{"floor":5,"key":"SmokeBomb"},{"floor":11,"key":"PowerPotion"}],"is_trial":false,"path_per_floor":["M","?","?","M","?","E","M","R","T","E","M","R","M","M","R","B"],"character_chosen":"IRONCLAD","items_purchased":[],"campfire_rested":0,"item_purchase_floors":[],"current_hp_per_floor":[78,78,78,80,80,80,80,80,80,62,60,60,66,66,66,0],"gold":178,"neow_bonus":"THREE_ENEMY_KILL","is_prod":false,"is_daily":false,"chose_seed":false,"campfire_upgraded":3,"win_rate":0,"timestamp":1556883726,"path_taken":["M","?","?","?","?","E","M","R","T","E","M","R","?","M","R","BOSS"],"build_version":"2019-01-23","purchased_purges":0,"victory":false,"max_hp_per_floor":[80,80,80,80,80,80,80,80,80,80,80,80,80,80,80,80],"card_choices":[{"not_picked":["Twin Strike","Cleave"],"picked":"Carnage","floor":1},{"not_picked":["Combust","Sword Boomerang"],"picked":"Hemokinesis","floor":4},{"not_picked":["Armaments","Clothesline"],"picked":"Shrug It Off","floor":6},{"not_picked":["Heavy Blade","Sword Boomerang"],"picked":"Whirlwind","floor":7},{"not_picked":["Anger","Flex"],"picked":"Exhume","floor":10},{"not_picked":["Evolve","Anger"],"picked":"Armaments","floor":11},{"not_picked":["Thunderclap","Clash","Clothesline"],"picked":"SKIP","floor":13},{"not_picked":["Wild Strike","Flex","Body Slam"],"picked":"SKIP","floor":14}],"player_experience":1022155,"relics_obtained":[{"floor":6,"key":"Letter Opener"},{"floor":9,"key":"Matryoshka"},{"floor":10,"key":"Ornamental Fan"}],"event_choices":[{"cards_removed":["Strike_R"],"damage_healed":0,"gold_gain":0,"player_choice":"Card Removal","damage_taken":0,"max_hp_gain":0,"max_hp_loss":0,"event_name":"The Cleric","floor":2,"gold_loss":50},{"damage_healed":0,"gold_gain":0,"player_choice":"Rummage","damage_taken":0,"relics_obtained":["WarpedTongs"],"max_hp_gain":0,"max_hp_loss":0,"event_name":"Accursed Blacksmith","floor":3,"gold_loss":0,"cards_obtained":["Pain"]},{"damage_healed":0,"gold_gain":0,"player_choice":"Bought 1 Potion","damage_taken":0,"max_hp_gain":0,"max_hp_loss":0,"event_name":"The Woman in Blue","floor":5,"gold_loss":0}],"is_beta":false,"boss_relics":[],"items_purged_floors":[],"is_endless":false,"potions_floor_spawned":[4,10,11],"killed_by":"Hexaghost","ascension_level":13}