{"gold_per_floor":[117,117,30,30,55,85,85,110,110,142,156,156,175,175,175,274,274,288,213,232,252,200,200,200],"floor_reached":24,"playtime":1146,"items_purged":[],"score":212,"play_id":"75377f1e-7543-49c3-9aa6-f11c1f28fdd2","local_time":"20181026144152","is_ascension_mode":false,"campfire_choices":[{"floor":7,"key":"REST"},{"floor":15,"key":"REST"},{"data":"Enlightenment","floor":23,"key":"SMITH"}],"neow_cost":"NONE","seed_source_timestamp":254357922665116,"circlet_count":0,"master_deck":["Strike_R","Strike_R","Strike_R","Strike_R","Defend_R","Defend_R","Defend_R","Bash+1","Perfected Strike","Enlightenment+1","Feel No Pain","True Grit+1","Feed+1","Dark Embrace","Iron Wave+1","Pummel+1","Perfected Strike+1"],"relics":["Burning Blood","Ancient Tea Set","Dead Branch","Centennial Puzzle","Molten Egg 2","Magic Flower","Snecko Eye"],"potions_floor_usage":[21,24],"damage_taken":[{"damage":3,"enemies":"Small Slimes","floor":1,"turns":4},{"damage":55,"enemies":"3 Sentries","floor":6,"turns":11},{"damage":26,"enemies":"Lagavulin","floor":8,"turns":5},{"damage":17,"enemies":"3 Sentries","floor":10,"turns":7},{"damage":0,"enemies":"Cultist","floor":11,"turns":3},{"damage":7,"enemies":"2 Louse","floor":13,"turns":2},{"damage":35,"enemies":"Slime Boss","floor":16,"turns":9},{"damage":21,"enemies":"Shell Parasite","floor":18,"turns":5},{"damage":4,"enemies":"3 Byrds","floor":20,"turns":4},{"damage":7,"enemies":"Snecko","floor":21,"turns":4},{"damage":94,"enemies":"Gremlin Leader","floor":24,"turns":9}],"seed_played":"-6601614802158153262","potions_obtained":[{"floor":8,"key":"SteroidPotion"},{"floor":16,"key":"FearPotion"}],"is_trial":false,"path_per_floor":["M","?","$","?","T","E","R","E","T","E","M","?","M","?","R","B",null,"M","?","M","M","$","R"],"character_chosen":"IRONCLAD","items_purchased":["Enlightenment","Perfected Strike+1"],"campfire_rested":2,"item_purchase_floors":[3,22],"current_hp_per_floor":[80,80,80,80,80,31,55,35,35,24,33,33,35,35,59,39,84,78,78,83,91,91,91,0],"gold":200,"neow_bonus":"UPGRADE_CARD","is_prod":false,"is_daily":false,"chose_seed":false,"campfire_upgraded":1,"win_rate":0,"timestamp":1540590112,"path_taken":["M","?","$","?","?","E","R","E","T","E","?","?","M","?","R","BOSS","M","?","?","M","$","R","E"],"build_version":"2018-10-25v2","purchased_purges":0,"victory":false,"max_hp_per_floor":[80,80,80,80,80,80,80,80,80,80,80,80,80,80,80,84,84,88,88,88,92,92,92,92],"card_choices":[{"not_picked":["Body Slam","Combust"],"picked":"Perfected Strike","floor":1},{"not_picked":["Rampage","Body Slam","Pommel Strike"],"picked":"SKIP","floor":6},{"not_picked":["Pommel Strike","Sever Soul"],"picked":"Feel No Pain","floor":8},{"not_picked":["Second Wind","Wild Strike+1","Combust"],"picked":"SKIP","floor":10},{"not_picked":["Sentinel","Havoc"],"picked":"True Grit","floor":11},{"not_picked":["Metallicize","True Grit"],"picked":"Feed+1","floor":13},{"not_picked":["Immolate+1","Offering"],"picked":"Dark Embrace","floor":16},{"not_picked":["Clothesline+1","Disarm"],"picked":"Iron Wave+1","floor":18},{"not_picked":["Sword Boomerang+1","Rupture"],"picked":"Pummel+1","floor":20},{"not_picked":["Sever Soul+1","Limit Break","Cleave+1"],"picked":"SKIP","floor":21}],"player_experience":319029,"relics_obtained":[{"floor":5,"key":"Ancient Tea Set"},{"floor":6,"key":"Dead Branch"},{"floor":8,"key":"Centennial Puzzle"},{"floor":9,"key":"Molten Egg 2"},{"floor":10,"key":"Magic Flower"}],"event_choices":[{"cards_removed":["Defend_R"],"damage_healed":0,"gold_gain":0,"player_choice":"Offered Basic","damage_taken":0,"max_hp_gain":0,"max_hp_loss":0,"event_name":"Bonfire Elementals","floor":2,"gold_loss":0},{"damage_healed":0,"gold_gain":0,"player_choice":"Leave","damage_taken":0,"max_hp_gain":0,"max_hp_loss":0,"event_name":"The Cleric","floor":4,"gold_loss":0},{"damage_healed":0,"gold_gain":0,"player_choice":"Grow","damage_taken":0,"max_hp_gain":0,"max_hp_loss":0,"event_name":"Living Wall","floor":12,"gold_loss":0,"cards_upgraded":["True Grit"]},{"damage_healed":0,"gold_gain":0,"player_choice":"Bought 0 Potions","damage_taken":0,"max_hp_gain":0,"max_hp_loss":0,"event_name":"The Woman in Blue","floor":14,"gold_loss":0},{"cards_removed":["Strike_R"],"damage_healed":0,"gold_gain":0,"player_choice":"Gave Gold","damage_taken":0,"max_hp_gain":0,"max_hp_loss":0,"event_name":"Beggar","floor":19,"gold_loss":75}],"is_beta":false,"boss_relics":[{"not_picked":["Black Star","Runic Dome"],"picked":"Snecko Eye"}],"items_purged_floors":[],"is_endless":false,"potions_floor_spawned":[8,16],"killed_by":"Gremlin Leader","ascension_level":0}